name,brand,category,price,ingredients,no_reviews,hearts,size1,size2,url,final_size,price_per_ounce
Protini™ Polypeptide Moisturizer,Drunk Elephant,moisturizing-cream-oils-mists,68.0,"Dicaprylyl Carbonate, Glycerin, Cetearyl Alcohol, Cetearyl Olivate, Sorbitan Olivate, Sclerocarya Birrea Seed Oil, Bacillus/Soybean/ Folic Acid Ferment Extract, Nymphaea Alba Root Extract, shOligopeptide1, shOligopeptide2, shPolypeptide1, shPolypeptide9, shPolypeptide11, Copper Palmitoyl Heptapeptide14, Heptapeptide15 Palmitate, Palmitoyl Tetrapeptide7, Palmitoyl Tripeptide1, Alanine, Arginine, Glycine, Histidine, Isoleucine, Phenylalanine, Proline, Serine, Threonine, Valine, Acetyl Glutamine, Coconut Alkanes, CocoCaprylate/Caprate, Sodium Hyaluronate, Aspartic Acid, Linoleic Acid, Linolenic Acid, Lecithin, Butylene Glycol, Polyvinyl Alcohol, Sodium Lactate, Sodium PCA, PCA, Sorbitan Isostearate, Carbomer, Polysorbate 20, Polysorbate 60, Lactic Acid/Glycolic Acid Copolymer, Hydroxyethyl Acrylate/Sodium Acryloyldimethyl Taurate Copolymer, Xanthan Gum, Isomalt, 1,2Hexanediol, Caprylyl Glycol, Chlorphenesin, Phenoxyethanol, Tocopherol, Sodium Benzoate, Phenylpropanol, Glyceryl Caprylate, Symphytum Officinale Callus Culture Extract.",3000,216935,1.69,0.0,https://www.sephora.com/product/protini-tm-polypeptide-cream-P427421?icid2=products%20grid:p427421,1.69,40.23668639053255
The Water Cream,Tatcha,moisturizing-cream-oils-mists,68.0,"Saccharomyces/Camellia Sinensis Leaf/Cladosiphon Okamuranus/Rice Ferment Filtrate*, Dimethicone, Propanediol, Glycerin, Diglycerin, Diphenylsiloxy Phenyl Trimethicone, Gold, Belamcanda Chinensis Root Extract, Rosa Multiflora Fruit Extract, Houttuynia Cordata Extract, Sophora Angustifolia Root Extract, Sodium Hyaluronate, Lecithin, Pistacia Lentiscus (Mastic) Gum, Sodium Chloride, Sodium Citrate, Mica, Peg9 Polydimethylsiloxyethyl Dimethicone, Dimethicone/Peg10/15 Crosspolymer, Dimethicone/Phenyl Vinyl Dimethicone Crosspolymer, Disodium Edta, Tin Oxide, Titanium Dioxide, Butylene Glycol, Ethylhexylglycerin, Parfum/Fragrance, Alcohol, Phenoxyethanol. *Hadasei3",2000,197492,0.0,1.7,https://www.sephora.com/product/the-water-cream-P418218?icid2=products%20grid:p418218,1.7,40.0
Ultra Facial Cream,Kiehl's Since 1851,moisturizing-cream-oils-mists,32.0,"Aqua/Glycerin, Cyclohexasiloxane, Squalane, BisPEG18 Methyl Ether Dimethyl Silane, Sucrose Stearate, Stearyl Alcohol, PEG8 Stearate, Myristyl Myristate, Pentaerythrityl Tetraethlhexanoate, Prunus Armeniaca Kernal Oil/Apricot Kernal Oil, Phenoxyethanol, Persea Gratissima Oil/Avocado Oil, Glyceryl Stearate, Cetl Alcohol, Oryza Sativa Bran Oil/Rice Bran Oil, Olea Europaea Fruit Oil/G4Olive Fruit Oil, Chlorphenesin, Stearic Acid, Palmitic Acid, Disodium EDTA, Acrylates/C1030 Alkyl Acrylate Crosspolymer, Carbomer, Prunus Amygdalus Dulcis Oil/Sweet Almond Oil, Xanthan Gum, Ethylhexylglycerin, Sodium Hydroxide, Tocopherol, Glycine Soja Oil/Soybean Oil, Pseudoalteromonas Ferment Extract, Myristic acid, Hydroxypalmitol Sphinganine, BHT, Salicylic Acid, Citric Acid.",943,87617,0.0,1.7,https://www.sephora.com/product/ultra-facial-cream-P421996?icid2=products%20grid:p421996,1.7,18.823529411764707
CC+ Cream with SPF 50+,IT Cosmetics,moisturizing-cream-oils-mists,39.5,"Snail Secretion Filtrate, Phenyl Trimethicone, Dimethicone, Butylene Glycol, Butylene Glycol Dicaprylate/Dicaprate, Orbignya Oleifera Seed Oil, Butyloctyl Salicylate, Cetyl Peg/Ppg10/1 Dimethicone, Cyclopentasiloxane, Cyclohexasiloxane, Magnesium Sulfate, Polyglyceryl4 Isostearate, Dimethicone/Vinyl Dimethicone Crosspolymer, Aluminum Hydroxide, Hexyl Laurate, Stearic Acid, Calcium Stearate, Caprylyl Glycol, Triethoxycaprylylsilane, Ethylhexylglycerin, Citrus Medica Limonum (Lemon) Peel Oil, Tocopheryl Acetate, Sorbitan Isostearate, Phenoxyethanol, Citrus Aurantium Bergamia (Bergamot) Fruit Oil, 1,2Hexanediol, Disodium Edta, Citrus Aurantium Dulcis (Orange) Peel Oil, Citrus Aurantifolia (Lime) Oil, Vitis Vinifera (Grape) Seed Oil, Punica Granatum Seed Oil, Pinus Sylvestris Leaf Oil, Persea Gratissima (Avocado) Oil, Niacinamide, Citrus Grandis (Grapefruit) Peel Oil, Cholesterol, Anthemis Nobilis Flower Lactobacillus/Honeysuckle Flower/Licorice Root/Morus Alba Root/Pueraria Lobata Root/Schizandra Chinensis Fruit/Scutellaria Baicalensis Root/Sophora Japonica Flower Extract Ferment Filtrate, Perfluorohexane, Olea Europaea (Olive) Leaf Extract, Glycerin, Eucalyptus Globulus Leaf Oil, Camellia Sinensis Leaf Extract, Chrysanthemum Indicum Flower Extract, Pueraria Lobata Root Extract, Perfluorodecalin, Morus Alba Fruit Extract, Magnolia Kobus Bark Extract, Glycine Soja (Soybean) Sprout Extract, Diospyros Kaki Leaf Extract, Cinnamomum Cassia Bark Extract, Artemisia Princeps Leaf Extract, Pentafluoropropane, Curcuma Longa (Turmeric) Root Extract, Steareth20, Hydrolyzed Hyaluronic Acid, Colloidal Oatmeal, Hydrolyzed Silk, Citric Acid, Sodium Benzoate, Potassium Sorbate, Aloe Barbadensis Leaf Extract, NHydroxysuccinimide, Hydrolyzed Collagen, Caprylhydroxamic Acid, Tocopherol, Thiamine Hcl, Riboflavin, Retinyl Palmitate, Pantothenic Acid, Palmitoyl Oligopeptide, Niacin, Folic Acid, Chrysin, Carnitine Hcl, Biotin, Ascorbic Acid, Palmitoyl Tetrapeptide7, Chlorhexidine Digluconate. May Contain: Iron Oxides (Ci 77492, Ci 77491, Ci 77499).",3000,225410,1.08,0.0,https://www.sephora.com/product/your-skin-but-better-cc-cream-spf-50-P411885?icid2=products%20grid:p411885,1.08,36.57407407407407
The Dewy Skin Cream,Tatcha,moisturizing-cream-oils-mists,68.0,"Saccharomyces/Camellia Sinensis Leaf/Cladosiphon Okamuranus/Rice Ferment Filtrate*, Glycerin, Propanediol, Dimethicone, Squalane, Diisostearyl Malate, Behenyl Alcohol, Myristyl Myristate, Dipentaerythrityl Hexahydroxystearate, BisDiglyceryl Polyacyladipate2, Tridecyl Trimellitate, Chondrus Crispus Extract, Betaphycus Gelatinum Extract, Eisenia Arborea Extract, Oryza Sativa (Rice) Bran Extract, Panax Ginseng Root Extract, Origanum Majorana Leaf Extract, Thymus Serpyllum Extract, Malva Sylvestris (Mallow) Flower Extract, Sodium Hyaluronate, Inositol, Gold, Sericin, Phytosteryl Macadamiate, Butylene Glycol, Beheneth20, Sorbitan Tristearate, Disodium Edta, Dimethicone/Vinyl Dimethicone Crosspolymer, Sodium Acrylate/Acryloyldimethyltaurate/Dimethylacrylamide Crosspolymer, Caprylyl/Capryl Glucoside, Sorbitan Isostearate, Ethylhexylglycerin, Parfum/Fragrance, Alcohol, Phenoxyethanol, Mica (Ci 77019), Titanium Dioxide (Ci 77891), Tin Oxide (Ci 77861), Violet 2 (Ci 60725). *Hadasei3.",1000,85005,0.0,1.7,https://www.sephora.com/product/the-dewy-skin-cream-P441101?icid2=products%20grid:p441101,1.7,40.0
Lala Retro™ Whipped Moisturizer with Ceramides,Drunk Elephant,moisturizing-cream-oils-mists,60.0,"Glycerin, Caprylic/ Capric Triglyceride, Isopropyl Isostearate, Pseudozyma Epicola/Camellia Sinensis Seed Oil/Glucose/Glycine Soja (Soybean) Meal/Malt Extract/Yeast Extract Ferment Filtrate, Glyceryl Stearate SE, Cetearyl Alcohol, Palmitic Acid, Stearic Acid, Pentylene Glycol, Plantago Lanceolata Leaf Extract, Adansonia Digitata Seed Oil, Citrullus Lanatus (Watermelon) Seed Oil, Passiflora Edulis Seed Oil, Schinziophyton Rautanenii Kernel Oil, Sclerocarya Birrea Seed Oil, Polyglyceryl6 Ximenia Americana Seedate, Cholesterol, Ceramide AP, Ceramide EOP,Sodium Hyaluronate Crosspolymer, Ceramide NP, Phytosphingosine, Ceteareth20, Trisodium Ethylenediamine Disuccinate, Tocopherol, Sodium Lauroyl Lactylate, Sodium Hydroxide, Citric Acid, Carbomer, Xanthan Gum, Caprylyl Glycol, Chlorphenesin, Phenoxyethanol, Ethylhexylglycerin.",909,40470,1.69,0.0,https://www.sephora.com/product/drunk-elephant-lala-retro-whipped-moisturizer-with-ceramides-P446938?icid2=products%20grid:p446938,1.69,35.50295857988166
Crème de la Mer Moisturizer,La Mer,moisturizing-cream-oils-mists,180.0,"Algae (Seaweed) Extract, Mineral Oil, Petrolatum, Glycerin, Isohexadecane, Microcrystalline Wax, Lanolin Alcohol, Citrus Aurantifolia (Lime) Extract, Sesamum Indicum (Sesame) Seed Oil, Eucalyptus Globulus (Eucalyptus) Leaf Oil, Sesamum Indicum (Sesame) Seed Powder, Medicago Sativa (Alfalfa) Seed Powder, Helianthus Annuus (Sunflower) Seedcake, Prunus Amygdalus Dulcis (Sweet Almond) Seed Meal, Sodium Gluconate, Copper Gluconate, Calcium Gluconate, Magnesium Gluconate, Zinc Gluconate, Magnesium Sulfate, Paraffin, Tocopheryl Succinate, Niacin, BetaCarotene, Decyl Oleate, Aluminum Distearate, Octyldodecanol, Citric Acid, Cyanocobalamin, Magnesium Stearate, Panthenol, Limonene, Geraniol, Linalool, Hydroxycitronellal, Citronellol, Benzyl Salicylate, Citral, Sodium Benzoate, Alcohol Denat., Fragrance.",612,72214,0.0,1.0,https://www.sephora.com/product/creme-de-la-mer-moisturizing-cream-P416341?icid2=products%20grid:p416341,1.0,180.0
F-Balm™ Electrolyte Waterfacial Mask,Drunk Elephant,moisturizing-cream-oils-mists,52.0,"Squalane, Propanediol, Niacinamide, Olive Oil Glycereth8 Esters, Coconut Alkanes, Cocos Nucifera (Coconut) Simmondsia Chinensis (Jojoba) Seed Oil, Ammonium Acryloyldimethyltaurate/VP Copolymer, Glycerin, Mannitol, Sclerocarya Birrea Seed Oil, Sclerocarya Birrea Seed Butter, Sodium PCA, Opuntia Tuna Fruit Extract, Linum Usitatissimum (Linseed) Seed Oil, Sorbitol, Quercetin, Trehalose, Zea Mays (Corn) Oil, Cetyl Alcohol, Sucrose, Creatine, Inositol, Pentylene Glycol, Ferulic Acid, Hydroxytyrosol, Behenic Acid, Linoleic Acid, Cholesterol, Ceramide NS, Ceramide AP, Ceramide EOS, Ceramide NP, Ceramide EOP,  Phospholipids, Sodium Hyaluronate Crosspolymer, Magnesium PCA, Microcrystalline Cellulose, Adenosine, Sodium Hyaluronate, Xanthan Gum, Caprooyl Phytosphingosine, Ascorbyl Palmitate, Hydroxypropyl Methylcellulose, Caprooyl Sphingosine, CocoCaprylate/Caprate, Ceteareth25, Citric Acid, Glyceryl Caprylate, Phenoxyethanol, Caprylyl Glycol, Sodium Benzoate, Tocopherol, Chlorphenesin, Potassium Sorbate, Ethylhexylglycerin.",478,31337,1.69,0.0,https://www.sephora.com/product/drunk-elephant-f-balm-electrolyte-waterfacial-mask-P454120?icid2=products%20grid:p454120,1.69,30.76923076923077
The True Cream Aqua Bomb,belif,moisturizing-cream-oils-mists,38.0,"Dipropylene Glycol, Glycerin, Methl Trimethicone, Alcohol Denat, Dimethicone, Cyclopentasiloxane, 1,2Hexanediol, Malakite Extract,  Caprylic/Capric Triglyceride, Pentaerythrityl Tetraethylhexanoate, PEG/PPG/Polybutylene Glycol8/5/3 Glycerin, Alchemilla Vulgaris Leaf Extract*, Equisetum Arvense Leaf Extract*, Stellaria Media (Chickweed) Extract*, Urtica Dioica (Nettle) Leaf Extract*, Plantago Lanceolata Leaf Extract*, Avena Sativa (Oat) Kernel Extract**, Calendula Officinalis Flower Extract**, Nepeta Cataria Extract**, Rubus Idaeus (Raspberry) Leaf Extract**, Baptisia Tinctoria Root Extract**, Dimethiconol, Polymethylsilsesquioxane, Sodium Acrylate/Acryloyldimethyltaurate/Dimethylacrylamide Crosspolymer, Isohexadecane, Polysorbate 60, Ceramide 3, Cholesterol, Butyrospermum Parkii (Shea) Butter, Phenl Trimethicone, Pentaerythrityl Tetraisostearate, Panthenol, Squalane, Triethylhexanoin, Macadamia Ternifolia Seed Oil, PEG150, PEG40 Hydrogenated Castor Oil, Acrylates/C1030 Alkyl Acrylate Crosspolymer, C1422 Alcohols, Arachidyl Glucoside, Hydrogenated Lecithin, PEG100 Stearate, Stearic Acid, Glyceryl Stearate, Carbomer, Tromethamine, Trisodium EDTA, Fragrance+, Citronellol, Limonene, Citral, Geraniol, Linalool.",3000,173760,0.0,1.68,https://www.sephora.com/product/the-true-cream-aqua-bomb-P394639?icid2=products%20grid:p394639,1.68,22.61904761904762
Virgin Marula Antioxidant Face Oil,Drunk Elephant,moisturizing-cream-oils-mists,72.0,100% Unrefined Sclerocraya Birrea (Marula) Kernel Oil.,1000,143287,0.0,1.0,https://www.sephora.com/product/virgin-marula-tm-luxury-facial-oil-P392245?icid2=products%20grid:p392245,1.0,72.0
Facial Treatment Essence (Pitera Essence),SK-II,moisturizing-cream-oils-mists,185.0,"Galactomyces Ferment Filtrate*, Butylene Glycol, Pentylene Glycol, Sodium Benzoate, Methylparaben, Sorbic Acid. *PITERA™.",908,78646,0.0,5.4,https://www.sephora.com/product/facial-treatment-essence-P375849?icid2=products%20grid:p375849,5.4,34.25925925925926
COMPLEXION RESCUE™ Tinted Moisturizer Broad Spectrum SPF 30,bareMinerals,moisturizing-cream-oils-mists,33.0,"Coconut Alkanes, Propanediol, Squalane, Trehalose, Isostearic Acid, Glycerin, Silica, Agar, Caprylic/Capric Triglyceride, Globularia Cordifolia Callus Culture Extract, Salicornia Herbacea Extract, Melilotus Officinalis Extract, CocoCaprylate/Caprate, Butylene Glycol, Lauroyl Lysine, Sodium Hyaluronate, Succinoglycan, Polysorbate 60, Cellulose Gum, Polyglyceryl4 Laurate/Succinate, Sorbitan Sesquiisostearate, Magnesium Stearate, Magnesium Hydroxide, Magnesium Chloride, Potassium Chloride, Calcium Chloride, Potassium Sorbate, Phenoxyethanol. May Contain (+/): Titanium Dioxide, Iron Oxides.",3000,139023,0.0,0.0,https://www.sephora.com/product/complexion-rescue-tinted-hydrating-gel-cream-P393356?icid2=products%20grid:p393356,2.0673014048531417,15.962839246628517
Superberry Hydrate + Glow Dream Mask,Youth To The People,moisturizing-cream-oils-mists,48.0,"Glycerin, Helianthus Annuus (Sunflower) Seed Oil, Glyceryl Stearate, Cetyl Alcohol, Betaine, Isopropyl Myristate, Stearic Acid, Opuntia Tuna (Prickly Pear) Extract, Euterpe Oleracea (Acai) Fruit Extract, Lycium Barbarum (Goji) Extract, Aristotelia Chilensis (Maqui) Fruit Extract, Moringa Oleifera Leaf Extract, Tetrahexyldecyl Ascorbate (Vitamin C), Phenoxyethanol, Glyceryl Stearyl Citrate,Tocopheryl Acetate (Vitamin E), Glyceryl Laurate, Squalane Olive, Carbomer, Hyaluronic Acid, Allantoin, Panthenol (Vitamin B5), Ethylhexylglycerin, Xanthan Gum, Natural Fragrance, Riboflavin (Vitamin B2).",718,72716,2.0,0.0,https://www.sephora.com/product/superberry-hydrate-glow-dream-mask-P440307?icid2=products%20grid:p440307,2.0,24.0
The Moisturizing Soft Cream,La Mer,moisturizing-cream-oils-mists,180.0,"Algae (Seaweed) Extract, Cyclopentasiloxane, Petrolatum, Glyceryl Distearate, Phenyl Trimethicone, Butylene Glycol, Hydrogenated Vegetable Oil, Cholesterol, Butyrospermum Parkii (Shea Butter), Steareth10, Dimethicone, Glyceryl Stearate Se, Polysilicone11, Sesamum Indicum (Sesame) Seed Oil, Medicago Sativa (Alfalfa) Seed Powder, Helianthus Annuus (Sunflower) Seedcake, Prunus Amygdalus Dulcis (Sweet Almond) Seed Meal, Eucalyptus Globulus (Eucalyptus) Leaf Oil, Sodium Gluconate, Copper Gluconate, Calcium Gluconate, Magnesium Gluconate, Zinc Gluconate, Tocopheryl Succinate, Niacin, Sesamum Indicum (Sesame) Seed Powder, Water\Aqua\Eau, Citrus Aurantifolia (Lime) Peel Extract, Laminaria Digitata Extract, Crithmum Maritimum Extract, Salicornia Herbacea Extract, Plankton Extract, Chlorella Vulgaris Extract, Glycine Soja (Soybean) Seed Extract, Glycerin, Caffeine, Sea Salt\Maris Sal\Sel Marin, Micrococcus Lysate, Diethylhexyl Succinate, Adenosine Phosphate, Creatine, Hydrolyzed Algin, Isocetyl Stearoyl Stearate, Cetyl Alcohol, Sucrose, Acetyl Hexapeptide8, Glucose Oxidase, Polyacrylamide, Acetyl Carnitine Hcl, Glucose, Caprylic/Capric Triglyceride, C1314 Isoparaffin, Tocopheryl Acetate, Tetrahexyldecyl Ascorbate, Sodium Pca, Glycosaminoglycans, Urea, Distearyldimonium Chloride, Dipalmitoyl Hydroxyproline, Sodium Hyaluronate, Laureth7, Lecithin, Trehalose, Polyquaternium51, Lactoperoxidase, Hydroxypropyl Cyclodextrin, Cyanocobalamin, Pentylene Glycol, Fragrance (Parfum), Disodium Edta, Bht, Citronellol, Hydroxycitronellal, Geraniol, Linalool, Limonene, Potassium Sorbate, Phenoxyethanol.",223,27242,0.0,1.0,https://www.sephora.com/product/the-moisturizing-soft-cream-P416342?icid2=products%20grid:p416342,1.0,180.0
Ultra Repair® Cream Intense Hydration,First Aid Beauty,moisturizing-cream-oils-mists,14.0,"Stearic Acid, Glycerin, C1215 Alkyl Benzoate, Caprylic/Capric Triglyceride, Glyceryl Stearate, Glyceryl Stearate SE, Cetearyl Alcohol, Dimethicone, Butyrospermum Parkii (Shea) Butter, Squalane, Phenoxyethanol, Caprylyl Glycol, Allantoin, Xanthan Gum, Sodium Hydroxide, Disodium EDTA, Chrysanthemum Parthenium (Feverfew) Extract, Camellia Sinensis (White Tea) Leaf Extract, Glycyrrhiza Glabra (Licorice) Root Extract, Ceramide3, Eucalyptus Globulus Leaf Extract.",6000,158809,0.0,2.0,https://www.sephora.com/product/ultra-repair-cream-intense-hydration-P248407?icid2=products%20grid:p248407,2.0,7.0
The True Cream Moisturizing Bomb,belif,moisturizing-cream-oils-mists,38.0,"Glycerin, Cyclohexasiloxane, Hydrogenated Polydecene, Dipropylene Glycol, Macadamia Ternifolia Seed Oil, 1,2Hexanediol, BisPEG18 Methyl Ether Dimethyl Silane, Triethylhexanoin, Stearyl Alcohol, Glyceryl Stearate, Pentaerythrityl Tetraethylhexanoate, PEG40 Stearate, Saccharomyces/Viscum Album (Mistletoe) Ferment Extract, Lactobacillus/Soybean Ferment Extract, Saccharomyces/Imperata Cylindrica Root Ferment Extract, Cetearyl Alcohol, Ceteayl Olivate, Sorbitan Olivate, Hydrogenated Lecithin, Sorbitan Stearate, Stearic Acid, PEG100 Stearate, Dimethicone, Dimethicone/Vinyl Dimethicone Crosspolymer, Poncirus Trifoliata Fruit Extract, Panthenol, *Avena Sativa (Oat) Kernel Extract, *Calendula Officinalis Flower Extract, *Nepeta Cataria Extract, *Rubus Idaeus (Raspberry) Leaf Extract, *Baptisia Tinctoria Root Extract, *Stellaria Media (Chickweed) Extract, **Alchemilla Vulgaris Leaf Extract, **Viola Tricolor Extract, **Rosa Damascena Flower Extract, **Spiraea Ulmaria Flower Extract, **Althaea Officinalis Root Extract, Symphytum Officinale Leaf Extract, Trifolium Pratense (Clover) Flower Extract, Achillea Millefolium Flower Extract, Euphrasia Officinalis Extract, Thuja Occidentalis Leaf Extract, Menyanthes Trifoliata Leaf Extract, Salix Alba (Willow) Bark Extract, Chelidonium Majus Extract, Urea, Hydroxyethylpiperazine Ethane Sulfonic Acid, Glycosyl Trehalose, Hydrogenated Starch Hydrolysate, Acrylates/C1030 Alkyl Acrylate Crosspolymer, Carbomer, Xanthan Gum, Trisodium EDTA, Tromethamine, ***Frgrance, Citronnellol, Limonene. *Napiers Original Formula. **Napiers Moisture Formula. ***Fragrances of Natural Origin",2000,88754,0.0,1.68,https://www.sephora.com/product/the-true-cream-moisturizing-bomb-P394624?icid2=products%20grid:p394624,1.68,22.61904761904762
Lotus Youth Preserve Dream Night Cream,Fresh,moisturizing-cream-oils-mists,48.0,"Glycerin, Isononyl Isononanoate, Glyceryl Stearate, Caprylic/Capric Triglyceride, Butylene Glycol, Pentylene Glycol, C1018 Triglycerides, Diglycerin, Butyrospermum Parkii (Shea Butter), PEG100 Stearate, Myristyl Myristate, Nelumbo Nucifera Extract, Prunus Persica (Peach) Leaf Extract, Citrus Limon (Lemon) Peel Oil, Cucumis Sativus (Cucumber) Fruit Extract, Nelumbo Nucifera Flower Extract, Anthemis Nobilis Flower Oil, Tocopheryl Acetate, Tocopherol, Behenyl Alcohol, Ammonium Acryloyldimethyltaurate/Beheneth25 Methacrylate Crosspolymer, Cetearyl Alcohol, Cetyl Palmitate, Cocoglycerides, Acrylates/C1030 Alkyl Acrylate Crosspolymer, Fragrance, Sodium Hydroxide, TButyl Alcohol, Sodium Metabisulfite, BHT, Tetrasodium EDTA, Ethylhexylglycerin, Potassium Sorbate, Sodium Benzoate, Phenoxyethanol, Limonene, Benzyl Salicylate, Citral.",1000,42545,0.0,1.6,https://www.sephora.com/product/lotus-youth-preserve-dream-face-cream-P440312?icid2=products%20grid:p440312,1.6,30.0
Magic Cream Moisturizer,Charlotte Tilbury,moisturizing-cream-oils-mists,100.0,"Homosalate , Glyceryl Stearate SE, Ethylhexyl Salicylate, Butylene Glycol, Glycerin, Butyl Methoxydibenzoylmethane, Octocrylene, Cetyl Alcohol, C1215 Alkyl Benzoate, Cyclopentasiloxane, Dimethicone, Phenoxyethanol, Butyrospermum Parkii (Shea) Butter, Steareth21, Avena Sativa (Oat) Kernel Extract, Carbomer, Dimethiconol, Potassium Cetyl Phosphate, Chlorphenesin, Caprylyl Glycol, Xanthan Gum, Hydrolyzed Viola Tricolor Extract, Allantoin, Aloe Barbadensis Leaf Juice, Disodium Edta, Tocopheryl Acetate, Camellia Oleifera Seed Oil, Rosa Canina Fruit Oil, Rosa Damascena Flower Sodium Hydroxide, Helianthus Annuus (Sunflower) Seed Oil, Michelia Alba Leaf Oil, Sodium Lactate, CocoGlucoside, PEG8, Ethylhexylglycerin, Sodium Hyaluronate, Tocopherol, Palmitoyl Oligopeptide, Palmitoyl Tetrapeptide7, Ascorbyl Palmitate, Plumeria Rubra Flower Extract, Ascorbic Acid, Citric Acid, Nicotiana Sylvestris Leaf Cell Culture, Linalool, Citronellol, Geraniol.",1000,26058,0.0,1.7,https://www.sephora.com/product/charlotte-s-magic-cream-P433520?icid2=products%20grid:p433520,1.7,58.82352941176471
Lotus Youth Preserve Moisturizer,Fresh,moisturizing-cream-oils-mists,48.0,"Aqua (Water), Glycerin, Propylene Glycol Dicaprylate/Dicaprate, Pentylene Glycol, Cetearyl Alcohol, Caprylic/Capric Triglyceride, Cetearyl Isononanoate, Betaine, Steareth21, Nelumbo Nucifera Extract, Citrus Limon (Lemon) Peel Oil, Cucumis Sativus (Cucumber) Fruit Extract, Averrhoa Carambola Leaf Extract, Tocopherol, Silica, Behenyl Alcohol, Cetearyl Glucoside, Sorbitol, Dimethicone, Sodium PCA, Carbomer, Caprylyl Glycol, Butylene Glycol, Tromethamine, Cetyl Alcohol, Stearyl Alcohol, Sodium Hyaluronate, Xanthan Gum, Lauroyl Lysine, Adenosine, Glucose, Tetrasodium EDTA, Sodium Metabisulfite, Potassium Sorbate, Sodium Benzoate, Phenoxyethanol, Limonene, Citral.",719,4339,0.0,1.6,https://www.sephora.com/product/fresh-lotus-youth-preserve-moisturizer-P454378?icid2=products%20grid:p454378,1.6,30.0
Moisture Surge 72-Hour Auto-Replenishing Hydrator,CLINIQUE,moisturizing-cream-oils-mists,39.5,"Dimethicone , Butylene Glycol , Glycerin , Trisiloxane , Trehalose , Sucrose , Ammonium Acryloyldimethyltaurate/Vp Copolymer , Hydroxyethyl Urea , Camellia Sinensis (Green Tea) Leaf Extract , Silybum Marianum (Lady'S Thistle) Extract , Betula Alba (Birch) Bark Extract , Saccharomyces Lysate Extract , Aloe Barbadensis Leaf Thermus Thermophillus Ferment , Caffeine , Sorbitol , Palmitoyl Hexapeptide12 , Sodium Hyaluronate , Caprylyl Glycol , Oleth10 , Sodium Polyaspartate , Saccharide Isomerate , Hydrogenated Lecithin , Tocopheryl Acetate , Acrylates/C1030 Alkyl Acrylate Crosspolymer , Glyceryl Polymethacrylate , Tromethamine , Peg8 , Hexylene Glycol , Magnesium Ascorbyl Phosphate , Disodium Edta , Bht , Phenoxyethanol , Red 4 (Ci 14700) , Yellow 5 (Ci 19140) <iln44001></iln44001>",991,68214,0.0,1.7,https://www.sephora.com/product/moisture-surge-72-hour-auto-replenishing-hydrator-P425416?icid2=products%20grid:p425416,1.7,23.235294117647058
C-Rush™ Vitamin C Gel Moisturizer,OLEHENRIKSEN,moisturizing-cream-oils-mists,46.0,"Glycerin, Dicaprylyl Carbonate, Propanediol, Caprylic/Capric Triglyceride, 3OEthyl Ascorbic Acid, Glycereth26, Ammonium Acryloyldimethyltaurate/Beheneth25 Methacrylate Crosspolymer, Hydrolyzed Jojoba Esters, Cetearyl Alcohol, Polyacrylate Crosspolymer6, Hydroxyacetophenone, Panthenol, Polyglyceryl3 Methylglucose Distearate, Tetrahexyldecyl Ascorbate, Linoleic Acid, Citric Acid, Phenoxyethanol, Fragrance, Pentaerythrityl TetraDiTButyl Hydroxyhydrocinnamate, Xanthan Gum, Cetearyl Glucoside, Linolenic Acid, Citrus Aurantium Dulcis (Orange) Fruit Extract, Citrus Limon (Lemon) Fruit Extract, Hippophae Rhamnoides Extract, Lycium Barbarum Fruit Extract, Rosa Canina Fruit Extract, Ethylhexylglycerin, Leuconostoc/Radish Root Ferment Filtrate, Sodium Citrate, Camellia Japonica Flower Extract, Aroma/Flavor, Sodium Hyaluronate, Sodium Polyacrylate, Sodium Phytate, Hyaluronic Acid, Vegetable Collagen, Ascorbic Acid, Tocopherol, Yellow 6 (Ci 15985), Yellow 5 (Ci 19140), Citral, Limonene, Linalool, Benzyl Alcohol.",2000,60388,1.7,0.0,https://www.sephora.com/product/c-rush-tm-brightening-gel-cr-me-P430337?icid2=products%20grid:p430337,1.7,27.058823529411764
What it Dew Makeup Refreshing Spray,FENTY BEAUTY by Rihanna,moisturizing-cream-oils-mists,30.0,"Cyclopentasiloxane, Dimethicone, Propanediol, Hamamelis Virginiana (Witch Hazel) Alcohol, Phenoxyethanol, Ethylhexylglycerin, Ppg26Buteth26, Parfum/Fragrance, PEG40 Hydrogenated Castor Oil, Disodium Edta, Butylene Glycol, Lavandula Angustifolia (Lavender) Flower Chamomilla Recutita (Matricaria) Flower/Leaf Extract, Centaurea Cyanus Flower Extract, Hyacinthus Orientalis (Hyacinth) Extract, Salvia Sclarea (Clary) Extract, Borago Officinalis Extract, 1,2Hexanediol, Tocopherol, Hexyl Cinnamal, Benzyl Salicylate, Linalool, Limonene.",9,6362,3.4,0.0,https://www.sephora.com/product/fenty-beauty-rihanna-what-it-dew-makeup-refreshing-spray-P455188?icid2=products%20grid:p455188,3.4,8.823529411764707
Rose Deep Hydration Moisturizer,Fresh,moisturizing-cream-oils-mists,42.0,"Glycerin, Ethylhexyl Isononanoate, Butylene Glycol, Pentylene Glycol, Propanediol, Caprylyl Methicone, Isostearyl Isostearate, Dimethicone, Behenyl Alcohol, Nylon6/12, Steareth2, Xanthan Gum, Prunus Domestica Seed Oil, Rosa Damascena Flower Algin, Angelica Keiskei Extract, Acacia Senegal Gum, Cucumis Sativus (Cucumber) Fruit Extract, Rosa Damascena Flower Oil, Sodium Hyaluronate, Tocopheryl Acetate, Ammonium Acryloyldimethyltaurate/Vp Copolymer, Steareth21, Polyacrylamide, C1314 Isoparaffin, Acrylates/C1030 Alkyl Acrylate Crosspolymer, Tromethamine, Dimethiconol, Laureth7, Tetrasodium EDTA, Caprylic/Capric Triglyceride, BHT, Caramel, Serine, Parfum (Fragrance), Phenoxyethanol, Citronellol, Geraniol.",1000,89692,0.0,1.6,https://www.sephora.com/product/rose-deep-hydration-face-cream-P406686?icid2=products%20grid:p406686,1.6,26.25
100% Organic Cold-Pressed Rose Hip Seed Oil,The Ordinary,moisturizing-cream-oils-mists,9.8,"Rosa Canina Seed Oil: Rich in provitamin A and essential fatty acids to target signs of photo aging and support healthy, hydrated skin.",690,104549,1.0,0.0,https://www.sephora.com/product/the-ordinary-deciem-100-organic-cold-pressed-rose-hip-seed-oil-P427415?icid2=products%20grid:p427415,1.0,9.8
Luna Retinol Sleeping Night Oil,SUNDAY RILEY,moisturizing-cream-oils-mists,105.0,"Persea Gratissima (Extra Virgin, Cold Pressed Avocado) Oil, Vitis Vinifera (Organic, Cold Pressed Concord Grape) Seed Oil, Rubus Fruticosus (Cold Pressed Blackberry) Seed Oil, Salvia Hispanica (Cold Pressed Chia) Oil, Dimethyl Isosorbide (and) Hydroxypinacolone Retinoate, Chamomila Recutita (Matricaria) Flower Oil, Tanacetum annuum (Blue Tansy) oil, Anthemis nobilis (English Chamomile) oil, Eriocephalus punctualatus (Cape Chamomile) oil, Citrus Aurantium Amara (Neroli) Oil, Citrus Aurantium Dulcis (Blood Orange) oil, Cananga Odorata Flower (Ylang Ylang) Oil, Vetivera zizanoides (Vetiver) oil, Helianthus Annuus (Sunflower) Seed Oil (and) Rosmarinus officinalis (Rosemary) Leaf Extract, CI 61565 (Green 6), CI 60725 (Violet 2).",2000,123799,0.0,1.18,https://www.sephora.com/product/luna-sleeping-night-oil-P393718?icid2=products%20grid:p393718,1.18,88.98305084745763
CC+ Cream Oil-Free Matte with SPF 40,IT Cosmetics,moisturizing-cream-oils-mists,39.5,"Dimethicone, Butylene Glycol Dicaprylate/Dicaprate, Butylene Glycol, Titanium Dioxide [Nano] / Titanium Dioxide, Zinc Oxide, Cyclopentasiloxane, Dimethicone/Vinyl Dimethicone Crosspolymer, Butyloctyl Salicylate, Cetyl Peg/Ppg10/1 Dimethicone, Snail Secretion Filtrate, Sodium Chloride, BisDiglyceryl Polyacyladipate2, Aluminum Hydroxide, Stearic Acid, Disteardimonium Hectorite, Sorbitan Isostearate, Polyglyceryl4 Isostearate, Hexyl Laurate, Triethoxycaprylylsilane, Triethyl Citrate, Ethyl Hexanediol, Sodium Benzoate, Potassium Sorbate, Polymethylsilsesquioxane, Tocopheryl Acetate, Phenoxyethanol, Disodium Edta, Canadian Colloidal Clay, Moroccan Lava Clay, Avena Sativa Kernel Extract / Oat Kernel Extract, Glycerin, Niacinamide, Curcuma Longa Root Extract / Turmeric Root Extract, Sulfur, Cholesterol, Anthemis Nobilis Flower Perfluorohexane, Persea Gratissima Fruit Extract / Avocado Fruit Extract, Maltodextrin, 1,2Hexanediol, Vitis Vinifera Seed Extract / Grape Seed Extract, Camellia Sinensis Leaf Extract, Salix Alba Bark Extract / Willow Bark Extract, Magnolia Kobus Bark Extract, Chrysanthemum Indicum Flower Extract, Pentaerythrityl TetraDiTButyl Hydroxyhydrocinnamate, Glycine Soja Sprout Extract / Soybean Sprout Extract, Perfluorodecalin, Serica Extract / Silk Extract, Hydrolyzed Silk, Aloe Barbadensis Leaf Extract, Perfluoromethylcyclopentane, Citric Acid, Olea Europaea (Olive) Leaf Extract, Artemisia Princeps Leaf Extract, Cinnamomum Cassia Bark Extract, Pueraria Lobata Root Extract, Diospyros Kaki Leaf Extract, Morus Alba Fruit Extract, Steareth20, Melaleuca Alternifolia Flower/Leaf/Stem Extract  Tea Tree Flower/Leaf/Stem Extract, Punica Granatum Fruit Juice, Hydrolyzed Collagen, Ethylhexylglycerin, Charcoal Powder, Lactobacillus/Honeysuckle Flower/Licorice Root/Morus Alba Root/Pueraria Lobata Root/Schisandra Chinensis Fruit/Scutellaria Baicalensis Root/Sophora Japonica Flower Extract Ferment Filtrate, Chlorhexidine Digluconate, NHydroxysuccinimide, Palmitoyl Tripeptide1, Hydrolyzed Hyaluronic Acid, Chrysin, Palmitoyl Tetrapeptide7, [+/ May Contain: Ci 77491, Ci 77492, Ci 77499/Iron Oxides, Ci 77891/Titanium Dioxide].",1000,57804,1.08,0.0,https://www.sephora.com/product/your-skin-but-better-cc-oil-free-matte-with-spf-40-P433435?icid2=products%20grid:p433435,1.08,36.57407407407407
Ceramidin™ Cream,Dr. Jart+,moisturizing-cream-oils-mists,48.0,"Glycerin, Dipropylene Glycol, Cetearyl Alcohol, Caprylic/Capric Triglyceride, Hydrogenated Poly(C614 Olefin), Hydrogenated Polydecene, Methyl Trimethicone, 1, 2Hexanediol, Bifida Ferment Lysate, Phenyl Trimethicone, Vegetable Oil, Butyrospermum Parkii (Shea) Butter, Glyceryl Stearate SE, Ceramide NP, Stearic Acid, Algae Extract, Eclipta Prostrata Leaf Extract, Cetearyl Glucoside, Hydrogenated Lecithin, Microcrystalline Cellulose, Butylene Glycol, C1216 Alcohols, Ammonium Acryloyldimethyltaurate/VP Copolymer, Malt Extract, Beta Vulgaris (Beet) Root Extract, Melia Azadirachta Flower Extract, Melia Azadirachta Leaf Extract, Throbroma Caco (Cocoa) Seed Extract, Curuma Longa (Turmeric) Root Extract, Ocimum Sanctum Leaf Extract, Amaranthus Caudatus Seed Extract, Ulmus Davidiana Root Extract, Avena Sativa (Oat) Kernel Extract, Cynara Scolymus (Artichoke) Leaf Extract, Pteris Multifida Extract, Artemisia Vulgaris Extract, Corallina Officinalis Extract, Pyracantha Fortuneana Fruit Extract, Glycerly Polymethacrylate, Cholesterol, Citrus Aurantium Bergamia (Bergamot) Fruit Oil, Hydrolyzed Corn Starch, Sodium Hyaluronate, Pelargonium Graveolens Flower Oil, Fructooligosaccharides, BetaGlucan, Dextrin, Disodium EDTA, Panthenol, Polyquaternium51, Raffinose, Hydrolyzed Hyaluronic Acid, Folic Acid, Salvia Officinalis (Sage) Oil, Pogostemon Cablin Oil, Tromethamine, Ceramide AP, Ceramide AS, Ceramide NS, Palmitoyl Pentapeptide4, Ceramide EOP.",1000,34085,0.0,1.69,https://www.sephora.com/product/ceramidin-tm-cream-P434363?icid2=products%20grid:p434363,1.69,28.402366863905325
CC Cream Daily Correct Broad Spectrum SPF 35 Sunscreen,Supergoop!,moisturizing-cream-oils-mists,36.0,"Titanium Dioxide 2%, Zinc Oxide 20%, Cyclopentasiloxane, C1215 Alkyl Benzoate, Isododecane, Glycerin, Propanediol, Cetyl Diglyceryl Tris(Trimethylsiloxy)silylethyl Dimethicone, 1,2Hexanediol, Pyrus Malus (Apple) Fruit Extract, Sodium Chloride, Iron Oxides, Triethoxycaprylylsilane, Mica, Hydroxyacetophenone, Silica, Titanium Dioxide, Dimethicone/Vinyl Dimethicone Crosspolymer, Trisodium Ethylenediamine Disuccinate, Chlorphenesin, Tin Oxide, Tocopherol, Chondrus Crispus Extract, Sodium Hyaluronate.",682,48230,1.6,0.0,https://www.sephora.com/product/cc-cream-daily-correct-broad-spectrum-spf-35-sunscreen-P386793?icid2=products%20grid:p386793,1.6,22.5
Squalane + Omega Repair Cream,Biossance,moisturizing-cream-oils-mists,58.0,"Squalane, Glycerin, Caprylic/Capric Triglyceride, Isoamyl Laurate, Butyrospermum Parkii (Shea) Butter, Sorbitan Olivate, Cetearyl Olivate, Ceramide NP, Jojoba Esters, Sodium Hyaluronate, Euterpe Oleracea Sterols, Linoleic Acid, Oleic Acid, Linolenic Acid, Ethyl Linoleate, Tocopherol, Isoamyl Cocoate, Cetyl Palmitate, Sorbitan Palmitate, Cetearyl Alcohol, Ethylhexylglycerin, Carbomer, Sodium Hydroxide, Phenoxyethanol, Sodium Gluconate.",452,17983,1.69,0.0,https://www.sephora.com/product/squalane-omega-repair-cream-P433887?icid2=products%20grid:p433887,1.69,34.319526627218934
Dramatically Different Moisturizing Lotion+,CLINIQUE,moisturizing-cream-oils-mists,28.0,"Water\Aqua\Eau, Mineral Oil\Paraffinum Liquidum\Huile Minérale, Glycerin , Petrolatum , Stearic Acid , Glyceryl Stearate , Sesamum Indicum (Sesame) Oil, Urea, Lanolin Alcohol, Triethanolamine, Hordeum Vulgare (Barley) Extract\Extrait D'Orge, Cucumis Sativus (Cucumber) Fruit Extract, Helianthus Annuus (Sunflower) Seedcake, Propylene Glycol Dicaprate, Sodium Hyaluronate, Butylene Glycol, Pentylene Glycol, Trisodium Edta, Phenoxyethanol, Yellow 6 (Ci 15985), Yellow 5 (Ci 19140), Red 33 (Ci 17200).",1000,71508,0.0,4.2,https://www.sephora.com/product/dramatically-different-moisturizing-lotion-P381030?icid2=products%20grid:p381030,4.2,6.666666666666666
Banana Soufflé Moisture Cream,Glow Recipe,moisturizing-cream-oils-mists,39.0,"Glycerin, Coconut Alkanes, Squalane, Propanediol,Pentylene Glycol, Butylene Glycol, Cetearyl Alcohol, Simmondsia Chinensis (Jojoba) Seed Oil, Musa Sapientum (Banana) Magnesium PCA, Centella Asiatica (Gotu Kola) Extract, Curcuma Longa (Turmeric) Root Extract, Salvia Hispanica (Chia) Seed Extract, Bisabolol, Sodium Hyaluronate, Salvia Miltiorrhiza Root Extract, Cocos Nucifera (Coconut) Fruit Extract, Melia Azadirachta Flower Extract, Melia Azadirachta Leaf Extract, Althaea Officinalis (Marshmallow) Root Extract, Ocimum Sanctum Leaf Extract, Corallina Officinalis Extract, Ocimum Basilicum (Basil) Flower/Leaf Extract, Aloe Barbadensis (Aloe Vera) Leaf Juice, Capryloyl Glycerin/Sebacic Acid Copolymer, Acrylates/C1030 Alkyl Acrylate Crosspolymer, CocoCaprylate/Caprate, Diheptyl Succinate, Caprylyl Glycol, Ethylhexylglycerin, Hexylene Glycol, Xanthan Gum, Hydroxyethyl Acrylate/Sodium Acryloyldimethyl Taurate Copolymer, Tetrasodium Glutamate Diacetate, Sodium Hydroxide, Phenoxyethanol, Flavor/Aroma*",895,29472,1.69,0.0,https://www.sephora.com/product/glow-recipe-banana-souffle-moisture-cream-P453223?icid2=products%20grid:p453223,1.69,23.076923076923077
Midnight Recovery Concentrate,Kiehl's Since 1851,moisturizing-cream-oils-mists,50.0,"Caprylic/Capric Triglyceride, Dicaprylyl Carbonate, Squalane, Rosa Canina Fruit Oil, Oenothera Biennis Oil/Evening Primrose Oil, Simmondsia Chinensis Oil/Jojoba Seed Oil, Coriandrum Sativum Oil/Coriander Seed Oil, Tocopherol, Lavandula Angustifolia Oil/Lavender Oil, Pelargonium Graveolens Flower Oil, Linalool, Rosmarinus OfficinaLis Leaf Oil/Rosemary Leaf Oil, Citronellol, Geraniol, Lavandula Hybrida Oil, Cucumis Sativus Extract/Cucumber Fruit Extract, Curcuma Longa Extract/Turmeric Root Extract, Limonene, Citral, Sclareolide, Rosa Spp/Rose Flower Oil, Jasminum Officinale Extract/Jasmine Extract, Helianthus Annuus Seed Oil/Sunflower Seed Oil.",742,76401,0.0,1.0,https://www.sephora.com/product/midnight-recovery-concentrate-P421998?icid2=products%20grid:p421998,1.0,50.0
Superfood Air Whip Hyaluronic Acid Moisturizer,Youth To The People,moisturizing-cream-oils-mists,48.0,"Helianthus Annuus (Sunflower) Seed Oil, Glyceryl Stearate, Cetyl Alcohol, Lecithin, Glycerin, TocopherylAcetate (Vitamin E), Ascorbic Acid (Vitamin C), Panthenol (Vitamin B5), Sodium Hyaluronate Crosspolymer, Butylene Glycol, Brassica Oleracea (Kale) Leaf Extract, Spinacia Oleracea (Spinach) Leaf Extract, Camellia Sinensis (Green Tea) Leaf Extract, Chamomilla Recutita (Matricaria) Flower Extract, Medicago Sativa (Alfalfa) Extract, Aloe Barbadensis (Aloe Vera) Leaf Extract, Sodium Hyaluronate, Natural Fragrance, Hydroxyethylcellulose, Pentylene Glycol, Ethylhexylglycerin, Phenoxyethanol, Potassium Sorbate, Sodium Benzoate, Chlorophyll.",940,42263,2.0,0.0,https://www.sephora.com/product/kale-spinach-hyaluronic-acid-age-prevention-cream-P411388?icid2=products%20grid:p411388,2.0,24.0
Vitamin Enriched Face Base Priming Moisturizer,Bobbi Brown,moisturizing-cream-oils-mists,60.0,"Cyclopentasiloxane, BisDiglyceryl Polyacyladipate2, Butylene Glycol, Ppg2 Myristyl Ether Propionate, Cetyl Alcohol, Peg40 Stearate, Butyrospermum Parkii (Shea Butter), Squalane, Glyceryl Stearate, Sorbitan Stearate, Epilobium Angustifolium Extract, Yeast Extract/Faex/Extrait De Levure, BetaCarotene, Sodium Hyaluronate, Citrus Grandis (Grapefruit) Peel Oil, Tocopheryl Acetate, Methyl Glucose Sesquistearate, Pelargonium Graveolens (Geranium) Flower Oil, Dimethicone Crosspolymer, Acrylates/C1030 Alkyl Acrylate Crosspolymer, Carbomer, Peg20 Methyl Glucose Sesquistearate, C1215 Alkyl Ethylhexanoate, Tetrasodium Edta, Sodium Hydroxide, Panthenol, Magnesium Ascorbyl Phosphate, Limonene, Citronellol, Geraniol, Linalool, Chlorphenesin, Phenoxyethanol <iln39205></iln39205>",1000,107310,0.0,1.7,https://www.sephora.com/product/vitamin-enriched-face-base-P270594?icid2=products%20grid:p270594,1.7,35.294117647058826
Pure One Step Camellia Oil Cleanser,Tatcha,moisturizing-cream-oils-mists,48.0,"Cetyl Ethylhexanoate, Oryza Sativa (Rice) Bran Oil, Polyglyceryl10 Dioleate, Polyglyceryl2 Sesquicaprylate, Camellia Japonica Seed Oil, Camellia Sinensis (Green Tea) Leaf Extract, Algae Extract, Glyceryl Behenate/Eicosadioate, Glycerin, Ethylhexylglycerin, Fragrance (Natural), Alcohol, Phenoxyethanol.",1000,88702,0.0,5.1,https://www.sephora.com/product/pure-one-step-camellia-cleansing-oil-P392235?icid2=products%20grid:p392235,5.1,9.411764705882353
HONEYMOON GLOW AHA Resurfacing Night Serum with Hydrating Honey + Gentle Flower Acids,Farmacy,moisturizing-cream-oils-mists,58.0,"Lactic Acid, Propanediol, Jojoba Esters, Glycolic Acid, Potassium Hydroxide, Salix Alba (Willow) Bark Extract, Carthamus Tinctorius (Safflower) Oleosomes, Vitis Vinifera (Grape) Seed Oil, Hibiscus Sabdariffa Flower Extract, Citric Acid, Honey Extract, Echinacea Purpurea Root Extract, Propolis Extract, Royal Jelly Extract, Hydrolyzed Sodium Hyaluronate, Hydrolyzed Hyaluronic Acid, Curcuma Longa (Turmeric) Root Extract, Argania Spinosa Kernel Oil, Zingiber Officinale (Ginger) Root Extract, Amaranthus Caudatus Seed Oil, Limnanthes Alba (Meadowfoam) Seed Oil, Vaccinium Myrtillus Fruit/Leaf Extract, Saccharum Officinarum (Sugarcane) Extract, Citrus Aurantium Dulcis (Orange) Fruit Extract, Citrus Limon (Lemon) Fruit Extract, Acer Saccharum (Sugar Maple) Extract, Melia Azadirachta Leaf Extract, Helianthus Annuus (Sunflower) Seed Oil, Melia Azadirachta Flower Extract, Salvia Hispanica Seed Oil, Cetearyl Alcohol, Glycerin, Arachidyl Alcohol, Sclerotium Gum, CocoGlucoside, Polyacrylate Crosspolymer6, Behenyl Alcohol, Arachidyl Glucoside, Sodium Benzoate, Tocopherol, Potassium Sorbate, Corallina Officinalis Extract, Polyglyceryl10 Stearate, Gluconolactone, 1,2Hexanediol, Ocimum Basilicum (Basil) Flower/Leaf Extract, Ocimum Sanctum Leaf Extract, TButyl Alcohol, Glucose, Calcium Gluconate, Citral.",970,98332,1.0,0.0,https://www.sephora.com/product/honeymoon-glow-aha-resurfacing-night-serum-with-echinacea-greenenvy-tm-P434548?icid2=products%20grid:p434548,1.0,58.0
Water Sleeping Mask,LANEIGE,moisturizing-cream-oils-mists,25.0,"Butylene Glycol, Cyclopentasiloxane, Glycerin, Cyclohexasiloxane, Trehalose, Sodium Hyaluronate, Oenothera Biennis (Evening Primrose) Root Extract, Prunus Armeniaca (Apricot) Fruit Extract, BetaGlucan, Chenopodium Quinoa Seed Extract, Ascorbyl Glucoside, Magnesium Sulfate, Zinc Sulfate, Manganese Sulfate, Calcium Chloride, Potassium Alginate, Ammonium Acryloyldimethyltaurate / VP Copolymer, Polysorbate 20, Dimethicone, Dimethiconol, Dimethicone / Vinyl Dimethicone Crosspolymer, Propanediol, Ethylhexylglycerin, Stearyl Behenate, Polyglyceryl3 Methylglucose Distearate, Hydroxypropyl Bispalmitamide MEA, Inulin Lauryl Carbamate, Alcohol, 1,2Hexanediol, Caprylyl Glycol, Carbomer, Tromethamine, Disodium EDTA, Phenoxyethanol, Fragrance, Blue 1 (Ci 42090).",2000,128411,2.3,0.0,https://www.sephora.com/product/water-sleeping-mask-P420651?icid2=products%20grid:p420651,2.3,10.869565217391305
Cicapair™ Tiger Grass Color Correcting Treatment SPF 30,Dr. Jart+,moisturizing-cream-oils-mists,52.0,"Centella Asiatica Leaf Isononyl Isononanoate, Caprylic / Capric Triglyceride, Isotridecyl Isononanoate, Butylene Glycol, Methyl Methacrylate Crosspolymer, Beeswax, Glycerin, Niacinamide, Polymethylsilsesquioxane, PanThenol, Iron Oxides (CI 77491), Iron Oxides (CI 77492), Polyglyceryl4 Diisostearate/Polyhydroxystearate/Sebacate, Aluminum Hydroxide, Disteardimonium Hectorite, Sodium Benzoate, Chromium Oxide Greens, Potassium Sorbate, Fragaria Vesca (Strawberry) Leaf Extract, Disodium EDTA, Alcohol, Asiaticoside, Aden Osine, Triethoxycaprylylsilane, Lavandula Angustifolia (Lavender) Oil, Asiatic Acid, Madecassic Acid, Rosmarinus Officinalis (Rosemary) Leaf Oil, 1,2 Hexanediol, Anthemis Nobilis Flower Oil, Houttuynia Cordata Extract, Centella Asiatica Extract, Gentiana Lutea Root Extract, Artemisia Absinthium Extract, Achillea Millefolium Extract, Arnica Montana Flower Extract, Aniba Rosodora (Rosewood) Wood Oil, Madecassoside, Centella Asiatica Meristem Cell Culture, Xanthan Gum, Titanium Dioxide, Zinc Oxide, Methylpropanediol, BisHydroxyethoxypropyl Dimethicone, Butyloctyl Salicylate, Lauryl Polyglyceryl3 Polydimethylsiloxyethyl Dimethicone, Magnesium Sulfate, Caprylyl Glycol, Synthetic Fluorphlogopite, Glyceryl Caprylate, Zein, Ethylhexylglycerin, Citrus Paradisi (Grapefruit) Peel Oil, Silica Dimethyl Silylate, Zea Mays (Corn) Starch, Helianthus Annuss (Sunflower) Seed Oil, Hydrogenated Lecithin, Tocopherol, Dipotassium Phosphate, Sodium Chloride, Calcium Stearate, Glossypium Herbaceum (Cotton) Extract, Anastatica Hierochuntica Extract, Pentylene Glycol, Magnesium Aspartate, Zinc Gluconate, Lecithin, Brassica Campestris (Rapeseed) Sterols, Leuconostoc / Radish Root Ferment Filtrate, Sucrose Laurate, Polyglyceryl2 Caprate, Phenoxyethanol, Gluconolactone, Lysolecithin, Cermaide NP, Copper Gluconate, Sodium Ascorbyl Phosphate.",2000,84857,0.0,,https://www.sephora.com/product/cicapair-tiger-grass-color-correcting-treatment-spf-30-P411540?icid2=products%20grid:p411540,2.0673014048531417,25.15356487347524
Vinoperfect Brightening Glycolic Overnight Cream,Caudalie,moisturizing-cream-oils-mists,65.0,"Butylene Glycol*, Glycerin*, Cetearyl Alcohol*, CocoCaprylate/Caprate*, Glyceryl Stearate Se*, Shea Butter Extract*, Caprylic/Capric Triglyceride*, Vitis Vinifera (Grape) Seed Oil*, Hydrogenated Vegetable Oil*, Triheptanoin*, Potassium Cetyl Phosphate, Panthenol, Squalane*, Glycolic Acid, Palmitoyl Grapevine Shoot Extract*, Cetearyl Glucoside*, Bisabolol*, Sodium Hyaluronate, Tocopheryl Acetate*, Acacia Senegal Gum*, Xanthan Gum, Caprylyl Glycol, Cassia Angustifolia Seed Polysaccharide*, Papain*, Tocopherol*, Arginine, Benzyl Alcohol, Dehydroacetic Acid, Carbomer, 1,2Hexanediol, Algin, Sodium Hydroxide, Sodium Phytate*, Fragrance, Geraniol, Limonene, Linalool. *Plant Origin.",283,28902,0.0,0.0,https://www.sephora.com/product/vinoperfect-brightening-glycolic-overnight-cream-P440200?icid2=products%20grid:p440200,2.0673014048531417,31.441956091844048
Goodnight Glow Retin-ALT Sleeping Crème,OLEHENRIKSEN,moisturizing-cream-oils-mists,55.0,"Glycerin, Vitis Vinifera (Grape) Seed Oil, C1215 Alkyl Benzoate, Dicaprylyl Carbonate, Butyrospermum Parkii (Shea) Butter, Cetearyl Alcohol, Lactic Acid, Glycolic Acid, Glyceryl Stearate, Potassium Hydroxide, Propanediol, Polysorbate 60, Panthenol, Dimethicone, Cetyl Alcohol, Parfum/Fragrance, Sodium Acrylate/Sodium Acryloyldimethyl Taurate Copolymer, Hydroxyacetophenone, Bakuchiol, Leontopodium Alpinum Callus Culture Extract, Isohexadecane, Linoleic Acid, Peg75 Stearate, Phenoxyethanol, Cetearyl Glucoside, Polysorbate 80, Steareth20, Ceteth20, Linolenic Acid, Xanthan Gum, Citric Acid, Ethylhexylglycerin, Enteromorpha Compressa Extract, Sorbitan Oleate, Santalum Album (Sandalwood) Extract, Chamomilla Recutita (Matricaria) Flower Extract, Saccharum Officinarum (Sugar Cane) Extract, Citrus Limon (Lemon) Fruit Extract,  Glycyrrhiza Glabra (Licorice) Root Extract, Leuconostoc/Radish Root Ferment Filtrate, Sodium Phytate, Silybum Marianum Fruit Extract, Ocimum Sanctum Leaf Extract, Tocopherol, Violet 2 (Ci 60730), Red 4 (Ci 14700), Limonene, Linalool, Citral.",319,37771,1.7,0.0,https://www.sephora.com/product/goodnight-glow-retin-alt-sleeping-creme-P434546?icid2=products%20grid:p434546,1.7,32.35294117647059
GENIUS Sleeping Collagen,Algenist,moisturizing-cream-oils-mists,98.0,"Collagen (Vegan)*, Water (Aqua, Eau), Ethylhexyl Palmitate, Oryza Sativa (Rice) Bran Extract, Caprylic/Capric Triglyceride, Glycerin, Cetearyl Methicone, Dimethicone, Cetearyl Alcohol, Pyrus Malus (Apple) Fruit Extract, Chlorella Protothecoides Oil, Polysorbate 60, Glyceryl Glucoside , Polyglyceryl2 Stearate, Parachlorella Beijerinckii Exopolysaccharides, Collagen Amino Acids (Vegan)*, Ceramide NP, Silybum Marianum Fruit Extract, Helianthus Annuus (Sunflower) Extract, Rosmarinus Officinalis (Rosemary) Leaf Extract, Tocopherol, Carnosine, Sodium Stearoyl Glutamate, Caprylyl Glycol, Ammonium Acryloyldimethyltaurate/VP Copolymer, Ethylhexylglycerin, Hexylene Glycol, Citric Acid, Lecithin, Sodium Hydroxide, Sodium Phytate, tButyl Alcohol, Leuconostoc/Radish Root Ferment Filtrate, Phenoxyethanol, Triethyl Citrate, Vanillin, Amyl Salicylate, Benzyl Acetate, Cedrus Atlantica Bark Oil, Phenethyl Alcohol, Ionone, Linalool.",1000,16247,2.0,0.0,https://www.sephora.com/product/genius-sleeping-collagen-P439055?icid2=products%20grid:p439055,2.0,49.0
Premium Beauty Balm SPF 45,Dr. Jart+,moisturizing-cream-oils-mists,39.0,"Cyclopentasiloxane, Cyclohexasiloxane, Titanium Dioxide, Zinc Oxide, Glycerin, Talc, PEG10 Dimethicone, Iron Oxides, C1215 Alkyl Benzoate, Niacinamide, Diphenylsiloxy Phenyl Trimethicone, Dipropylene Glycol, Hexyl Laurate, Disteardimonium Hectorite, Magnesium Sulfate, Dimethicone/Vinyl Dimethicone Crosspolymer, Dimethicone, Triethoxycaprylylsilane, Phenoxyethanol, Methicone, Polyglyceryl6 Polyricinoleate, Ethylhexylglycerin, Trihydroxystearin, Citrus Aurantium Dulcis (Orange), Peel Oil, Adenosine, Pinus Sylvestris Leaf Oil, Citrus Aurantifolia (Lime) Oil, BHT, Eucalyptus Globulus Leaf Oil, Citrus Limon (Lemon) Peel Oil, Citrus Aurantium Bergamia (Bergamot) Fruit Oil, Allantoin, Glyceryl Polymethacrylate, Propylene Glycol, Platinum Powder, Palmitoyl Tripeptide12, Polysorbate 80.",2000,57239,1.5,0.0,https://www.sephora.com/product/premium-beauty-balm-spf-45-P285403?icid2=products%20grid:p285403,1.5,26.0
Natural Moisturizing Factors + HA,The Ordinary,moisturizing-cream-oils-mists,5.8,"Caprylic/Capric Triglyceride, Cetyl Alcohol, Propanediol, Stearyl Alcohol, Glycerin, Sodium Hyaluronate, Arginine, Aspartic Acid, Glycine, Alanine, Serine, Valine, Isoleucine, Proline, Threonine, Histidine, Phenylalanine, Glucose, Maltose, Fructose, Trehalose, Sodium PCA, PCA, Sodium Lactate, Urea, Allantoin, Linoleic Acid, Oleic Acid, Phytosteryl Canola Glycerides, Palmitic Acid, Stearic Acid, Lecithin, Triolein, Tocopherol, Carbomer, Isoceteth20, Polysorbate 60, Sodium Chloride, Citric Acid, Trisodium Ethylenediamine Disuccinate, Pentylene Glycol, Triethanolamine, Sodium Hydroxide, Phenoxyethanol, Chlorphenesin.",624,73525,0.0,1.0,https://www.sephora.com/product/the-ordinary-deciem-natural-moisturizing-factors-ha-P427414?icid2=products%20grid:p427414,1.0,5.8
GENIUS Collagen Calming Relief,Algenist,moisturizing-cream-oils-mists,58.0,"Water (Aqua, Eau), Collagen (Vegetable)*, Squalane, Glycerin, Hydrogenated Polyisobutene, Dimethicone, Butyrospermum Parkii (Shea) Butter, Palmitic Acid, Simmondsia Chinensis (Jojoba) Seed Oil, Persea Gratissima (Avocado) Oil, Helianthus Annuus (Sunflower) Seed Oil, Stearic Acid, Cetearyl Alcohol, PEG100 Stearate, Glyceryl Stearate, Parachlorella Beijerinckii Exopolysaccharides, Chlorella Protothecoides Oil, BetaGlucan, Calendula Officinalis Flower Extract, Enteromorpha Compressa Extract, Leontopodium Alpinum Extract, Hydroxyphenyl Propamidobenzoic Acid, Tocopherol, Collagen Amino Acids, Bisabolol, Ocimum Sanctum Leaf Extract, Silybum Marianum Fruit Extract, Coelastrella Vacuolata Oil, Watanabea Reniformis Oil, Citric Acid, Ascorbyl Palmitate, Propanediol, Ceteareth20, Acrylates/C1030 Alkyl Acrylate Crosspolymer, Pentylene Glycol, Butylene Glycol, Ethyhexylglycerin, Hexylene Glycol, Sodium Hydroxide, Disodium EDTA, 1,2Hexanediol, Leuconostoc/Radish Root Ferment Filtrate, Sodium Benzoate, Caprylyl Glycol, Phenoxyethanol.",59,5320,1.35,0.0,https://www.sephora.com/product/algenist-genius-collagen-calming-relief-P453818?icid2=products%20grid:p453818,1.35,42.96296296296296
Avocado Melt Retinol Eye Sleeping Mask,Glow Recipe,moisturizing-cream-oils-mists,42.0,"Vegan. Crueltyfree. Free of Parabens, Mineral Oil, Sulfates, Silicones, Phthalates, Alcohol, Synthetic Dyes, Synthetic Fragrance.",954,50672,0.5,0.0,https://www.sephora.com/product/avocado-melt-retinol-eye-sleeping-mask-P447791?icid2=products%20grid:p447791,0.5,84.0
BB Tinted Treatment 12-Hour Primer Broad Spectrum SPF 30 Sunscreen,tarte,moisturizing-cream-oils-mists,37.0,"Cyclopentasiloxane, Isododecane, Mica, Polysilicone-11, Polymethylsilsesquioxane, Hexyl Laurate, PEG-10 Dimethicone, Polyglyceryl-4 Isostearate, Stearic Acid, Cetyl PEG/PPG-10/1 Dimethicone, Alumina, Triethoxycaprylylsilane, Dipalmitoyl Hydroxyproline, Diamond Powder, Iron Oxides",3000,102702,1.0,0.0,https://www.sephora.com/product/bb-tinted-treatment-12-hour-primer-broad-spectrum-spf-30-sunscreen-P377542?icid2=products%20grid:p377542,1.0,37.0
The Essence Plumping Skin Softener,Tatcha,moisturizing-cream-oils-mists,95.0,"Saccharomyces/Camellia Sinensis Leaf/Cladosiphon Okamuranus/Rice Ferment Filtrate*, Propanediol, Soy Amino Acids, Yeast Extract, Ethylhexylglycerin, Sodium Dilauramidoglutamide Lysine, Phenoxyethanol  *Hadasei3.",1000,63821,5.1,0.0,https://www.sephora.com/product/the-essence-plumping-skin-softener-P415771?icid2=products%20grid:p415771,5.1,18.627450980392158
Virgin Marula Antioxidant Face Oil Mini,Drunk Elephant,moisturizing-cream-oils-mists,40.0,100% Unrefined Sclerocraya Birrea (Marula) Kernel Oil.,98,8018,0.0,0.5,https://www.sephora.com/product/virgin-marula-luxury-facial-oil-mini-P424378?icid2=products%20grid:p424378,0.5,80.0
Dramatically Different Moisturizing Gel,CLINIQUE,moisturizing-cream-oils-mists,28.0,"Dimethicone, Isododecane, Butylene Glycol, BisPeg18 Methyl Ether Dimethyl Silane, Glycerin, Laminaria Saccharina Extract, Polygonum Cuspidatum Root Extract, Saccharomyces Lysate Extract, Cucumis Sativus (Cucumber) Fruit Extract, Hordeum Vulgare (Barley) Extract/Extrait D'Orge, Helianthus Annuus (Sunflower) Seedcake, Caffeine, Trehalose, Sodium Hyaluronate, Tocopheryl Acetate, Chamomilla Recutita (Matricaria), Polysilicone11, Silica, Propylene Glycol Dicaprate, Oleth10, Lactobacillus Ferment, Laureth23, Laureth4, Ammonium Acryloyldimethyltaurate/Vp Copolymer, Carbomer, Caprylyl Glycol, Hexylene Glycol, Tromethamine, Disodium Edta, Phenoxyethanol, Potassium Sorbate, Yellow 5 (Ci 19140), Red 4 (Ci 14700), Yellow 6 (Ci 15985) Lotion.",3000,81615,0.0,4.2,https://www.sephora.com/product/dramatically-different-moisturizing-gel-P122900?icid2=products%20grid:p122900,4.2,6.666666666666666
Sheer Transformation® Perfecting Moisturizer,OLEHENRIKSEN,moisturizing-cream-oils-mists,40.0,"Caprylic/Capric Triglyceride, Dimethicone, Stearyl Alcohol, Tribehenin, Glycerin, Steareth20, Steareth2, Hydrogenated CocoGlycerides, Phenoxyethanol, Sucrose Dilaurate, Octyldodecanol, Cyclopentasiloxane, Xanthan Gum, Caprylyl Glycol, Dimethiconol, Hexylene Glycol, Ethylhexylglycerin, Polysorbate 20, Tocopheryl Acetate, Helianthus Annuus Seed Cera (Helianthus Annuus (Sunflower) Seed Wax), Pisum Sativum (Pea) Extract, Santalum Album (Sandalwood) Wood Extract, Glycyrrhiza Glabra (Licorice) Root Extract, Chamomilla Recutita (Matricaria) Flower Extract, Berberis Vulgaris Bark Extract, Panisic Acid, Sorbic Acid, Ascorbyl Palmitate, Sorbitol, Vaccinium Myrtillus Fruit/Leaf Extract, Sodium Benzoate, Potassium Sorbate, Citric Acid, Superoxide Dismutase, Calcium Ascorbate, Saccharum Officinarum (Sugar Cane) Extract, Citrus Limon (Lemon) Fruit Extract, Citrus Aurantium Dulcis (Orange) Fruit Extract, Acer Saccharum (Sugar Maple) Extract.",2000,72814,0.0,1.7,https://www.sephora.com/product/sheer-transformation-perfecting-moisturizer-P42342?icid2=products%20grid:p42342,1.7,23.529411764705884
CC+ Cream Illumination with SPF 50+,IT Cosmetics,moisturizing-cream-oils-mists,39.5,"Snail Secretion Filtrate, Titanium Dioxide, Phenyl Trimethicone, Dimethicone, Butylene Glycol, Zinc Oxide, Butylene Glycol Dicaprylate/Dicaprate, Orbignya Oleifera Seed Oil, Butyloctyl Salicylate, Cetyl Peg/Ppg10/1 Dimethicone, Cyclopentasiloxane, Cyclohexasiloxane, Magnesium Sulfate, Polyglyceryl4 Isostearate, Dimethicone/Vinyl Dimethicone Crosspolymer, Aluminum Hydroxide, Hexyl Laurate, Stearic Acid, Calcium Stearate, Caprylyl Glycol, Triethoxycaprylylsilane, Ethylhexylglycerin, Citrus Medica Limonum (Lemon) Peel Oil, Tocopheryl Acetate, Sorbitan Isostearate, Phenoxyethanol, Citrus Aurantium Bergamia (Bergamot) Fruit Oil, 1,2Hexanediol, Disodium Edta, Citrus Aurantium Dulcis (Orange) Peel Oil, Citrus Aurantifolia (Lime) Oil, Vitis Vinifera (Grape) Seed Oil, Punica Granatum Seed Oil, Pinus Sylvestris Leaf Oil, Persea Gratissima (Avocado) Oil, Niacinamide, Citrus Grandis (Grapefruit) Peel Oil, Cholesterol, Anthemis Nobilis Flower Lactobacillus/Honeysuckle Flower/Licorice Root/Morus Alba Root/Pueraria Lobata Root/Schizandra Chinensis Fruit/Scutellaria Baicalensis Root/Sophora Japonica Flower Extract Ferment Filtrate, Perfluorohexane, Olea Europaea (Olive) Leaf Extract, Glycerin, Eucalyptus Globulus Leaf Oil, Camellia Sinensis Leaf Extract, Chrysanthemum Indicum Flower Extract, Pueraria Lobata Root Extract, Perfluorodecalin, Morus Alba Fruit Extract, Magnolia Kobus Bark Extract, Glycine Soja (Soybean) Sprout Extract, Diospyros Kaki Leaf Extract, Cinnamomum Cassia Bark Extract, Artemisia Princeps Leaf Extract, Pentafluoropropane, Curcuma Longa (Turmeric) Root Extract, Steareth20, Hydrolyzed Hyaluronic Acid, Colloidal Oatmeal, Hydrolyzed Silk, Citric Acid, Sodium Benzoate, Potassium Sorbate, Aloe Barbadensis Leaf Extract, NHydroxysuccinimide, Hydrolyzed Collagen, Caprylhydroxamic Acid, Tocopherol, Thiamine Hcl, Riboflavin, Retinyl Palmitate, Pantothenic Acid, Palmitoyl Oligopeptide, Niacin, Folic Acid, Chrysin, Carnitine Hcl, Biotin, Ascorbic Acid, Palmitoyl Tetrapeptide7, Chlorhexidine Digluconate. [+/: Mica (Ci 77019), Iron Oxides (Ci 77492, Ci 77491, Ci 77499)].",624,47708,1.08,0.0,https://www.sephora.com/product/your-skin-but-better-cc-illumination-cream-spf-50-P411884?icid2=products%20grid:p411884,1.08,36.57407407407407
Adaptogen Deep Moisture Cream with Ashwagandha + Reishi,Youth To The People,moisturizing-cream-oils-mists,58.0,"Water/Aqua/Eau (Aqua), Helianthus Annuus (Sunflower) Oil, Octyl Palmitate, Glyceryl Stearate, Propanediol, Stearic Acid, Rhodiola Rosea Extract, Ocimum Tenuiflorum (Holy Basil) Extract, Withania Somnifera (Ashwagandha) Extract, Ganoderma Lucidum (Reishi Mushroom) Extract, Aloe Barbadensis Leaf Juice, Glyceryl Laurate, Squalane (Olive), Phenoxyethanol, Simmondsia Chinensis (Jojoba) Seed Oil, Pentapeptide59, Hydrogenated Lecithin, Butyrospermum Parkii (Shea) Butter, Phenethyl Alcohol, Ethylhexylglycerin, Maltodextrin, Carbomer, Mixed Tocopherols, Ethylhexylglycerin, Allantoin, Panthenol, Prunus Amygdalus Dulcis (Sweet Almond) Oil, Borago Officinalis (Borage) Oil, Caramel Color, Xanthan Gum.",1000,38797,2.0,0.0,https://www.sephora.com/product/adaptogen-deep-moisture-cream-P432829?icid2=products%20grid:p432829,2.0,29.0
Watermelon + AHA Glow Sleeping Mask,Glow Recipe,moisturizing-cream-oils-mists,45.0,"Sodium Hyaluronate, Glycerin, Caulerpa Lentillifera (Seaweed) Extract, Simethicone, Citrullus Lanatus (Watermelon) Fruit, Silica, Propanediol, Glycolic Acid, Lactic Acid, Cucurbita Pepo (Pumpkin) Fruit Extract, Punica Granatum (Pomegranate) Fruit Extract, Musa Sapientum (Banana) Fruit Extract , Paeonia Suffruticosa (Peony) Root Extract, Glycyrrhiza Glabra (Licorice) Root Extract, Brassica Oleracea Capitata (Cabbage) Leaf Extract, Ipomoea Batatas (Sweet Potato) Root Extract, Betaine, Beta Glucan, Hydroxyethylcellulose, Xanthan Gum, Alcohol, Fragrance.",2000,186473,0.0,2.7,https://www.sephora.com/product/watermelon-glow-sleeping-mask-P420160?icid2=products%20grid:p420160,2.7,16.666666666666664
R.N.A. POWER Anti-Aging Face Cream,SK-II,moisturizing-cream-oils-mists,235.0,"Glycerin, Galactomyces Ferment Filtrate*, Isohexadecane, Niacinamide, Isopropyl Isostearate, Butylene Glycol, Butyrospermum Parkii (Shea) Butter, Caprylic/Capric Triglyceride, Pentylene Glycol, Dimethicone, Phytosteryl/Behenyl/Octyldodecyl Lauroyl Glutamate, Vinyl Dimethicone/Methicone Silsesquioxane Crosspolymer, Stearyl Alcohol, Sodium Acrylate/Sodium Acryloyldimethyl Taurate Copolymer, Cetyl Alcohol, Behenyl Alcohol, Panthenol, Tocopheryl Acetate, Benzyl Alcohol, Dimethiconol, Cetearyl Alcohol, Cetearyl Glucoside, Methylparaben, Peg100 Stearate, Polymethylsilsesquioxane, Polysorbate 80, Stearic Acid, Disodium Edta, Propylparaben, Sodium Peg7 Olive Oil Carboxylate, Ethylparaben, Sorbitan Oleate, Chlorella Vulgaris Extract, Peg100 Stearate, Peg7 Glyceryl Cocoate, Sodium Hydroxide, Fragrance, Acanthopanax Senticosus (Eleuthero) Root Extract, Hydrolyzed Soy Protein, Cynara Scolymus (Artichoke) Leaf Extract, Polyquaternium7, Hydrolyzed Yeast Protein, Palmitoyl Pentapeptide4, Methylsilanol TriPeg8 Glyceryl Cocoate, Methicone, Ci 77891, Ci 77492. *Pitera™.",128,12191,2.7,0.0,https://www.sephora.com/product/r-n-a-power-radical-new-age-cream-P405950?icid2=products%20grid:p405950,2.7,87.03703703703704
Beauty Elixir,Caudalie,moisturizing-cream-oils-mists,18.0,"Alcohol*, Citrus Aurantium Amara (Bitter Orange) Flower Water*, Parfum (Fragrance)*, Rosmarinus Officinalis (Rosemary) Leaf Oil*, Potassium Alum, Glycerin*, Mentha Piperita (Peppermint) Oil*, Styrax Tonkinensis Resin Extract*, Commiphora Myrrha Resin Extract*, Melissa Officinalis (Balm Mint) Leaf Oil*, Rosa Damascena Flower Oil*, Vitis Vinifera (Grape) Fruit Extract*, Tocopherol*, Citral*, Limonene*, Linalool*, Citronellol*, Geraniol*, Farnesol*, Benzyl Benzoate*, Eugenol*. *Plant origin.",3000,93877,0.0,1.0,https://www.sephora.com/product/beauty-elixir-P6025?icid2=products%20grid:p6025,1.0,18.0
Crème de la Mer Moisturizer Mini,La Mer,moisturizing-cream-oils-mists,90.0,"Algae (Seaweed) Extract, Mineral Oil, Petrolatum, Glycerin, Isohexadecane, Microcrystalline Wax, Lanolin Alcohol, Citrus Aurantifolia (Lime) Extract, Sesamum Indicum (Sesame) Seed Oil, Eucalyptus Globulus (Eucalyptus) Leaf Oil, Sesamum Indicum (Sesame) Seed Powder, Medicago Sativa (Alfalfa) Seed Powder, Helianthus Annuus (Sunflower) Seedcake, Prunus Amygdalus Dulcis (Sweet Almond) Seed Meal, Sodium Gluconate, Copper Gluconate, Calcium Gluconate, Magnesium Gluconate, Zinc Gluconate, Magnesium Sulfate, Paraffin, Tocopheryl Succinate, Niacin, BetaCarotene, Decyl Oleate, Aluminum Distearate, Octyldodecanol, Citric Acid, Cyanocobalamin, Magnesium Stearate, Panthenol, Limonene, Geraniol, Linalool, Hydroxycitronellal, Citronellol, Benzyl Salicylate, Citral, Sodium Benzoate, Alcohol Denat., Fragrance.",42,4265,0.0,0.5,https://www.sephora.com/product/creme-de-la-mer-mini-P426501?icid2=products%20grid:p426501,0.5,180.0
Luminous Dewy Skin Mist,Tatcha,moisturizing-cream-oils-mists,48.0,"Glycerin, Squalane (Olive Origin), Cyclopentasiloxane, Propanediol, Triethylhexanoin, Camellia Japonica Seed Oil, Inositol (Rice Extract), Algae Extract, Sericin (Silk Extract), Glycyrrhiza glabra (Licorice) Root Extract, Oryza Sativa (Rice) Germ Oil, Camellia Sinensis (Green Tea) Leaf Extract, Chondrus Crispus (Red algae) Extract, Panax Ginseng Root Extract, Royal Jelly Extract, Zizyphus Jujuba Fruit Extract, Thymus Serpillum (Thyme) Extract, Scutellaria Baicalensis Root Extract, Polyglyceryl2 diisostearate, Ppg5Ceteth10 Phosphate, Trideceth12, Sodiumlauroyl Lactylate, Sorbitan Stearate, Ethylhexylglycerin, Behenyl Alcohol, Glyceryl Stearate Se, Fragrance, Sodium Hyaluronate, Alcohol, Phenoxyethanol.",1000,165861,0.0,1.35,https://www.sephora.com/product/luminous-dewy-skin-mist-P399623?icid2=products%20grid:p399623,1.35,35.55555555555555
CC Cream Radiance Color Corrector Broad Spectrum SPF25,Erborian,moisturizing-cream-oils-mists,44.0,"Cyclomethicone, Dipropylene Glycol, Glycerin, Peg10 Dimethicone, Methyl Trimethicone, C1215 Alkyl Benzoate, Dimethicone, Ci 77492/Iron Oxides, Disteardimonium Hectorite, Magnesium Sulfate, Vinyl Dimethicone/Methicone Silsesquioxane Crosspolymer, Centella Asiatica Extract, Mel/Honey Extract, Mica, Talc, Trihydroxystearin, Butylene Glycol, Polyester1, Aluminum Hydroxide, Silica Dimethyl Silylate, Palmitic Acid, Stearic Acid, Tocopheryl Acetate, Ethylhexylglycerin, Phenoxyethanol, Methicone, Dimethicone/Vinyl Dimethicone Crosspolymer, Fragrance, Hexyl Cinnamal, AlphaIsomethyl Ionone, Linalool, Citronellol, Geraniol, Eugenol, Limonene, Ci 77491/Iron Oxides, Ci 77499/Iron Oxides.",596,37094,1.5,0.0,https://www.sephora.com/product/cc-creme-high-definition-radiance-P396095?icid2=products%20grid:p396095,1.5,29.333333333333332
100 percent Pure Argan Oil,Josie Maran,moisturizing-cream-oils-mists,49.0,Organic Argania Spinosa (Argan) Kernel Oil*. *Organic. **Natural.,7000,123713,0.0,1.7,https://www.sephora.com/product/100-percent-pure-argan-oil-P218700?icid2=products%20grid:p218700,1.7,28.823529411764707
Watermelon Pink Juice Oil-Free Moisturizer,Glow Recipe,moisturizing-cream-oils-mists,39.0,"Citrullus Lanatus (Watermelon) Fruit Extract, Citrullus Lanatus (Watermelon) Fruit, Hydrolyzed Wheat Protein, Hydrolyzed Soy Protein, Hydrolyzed Corn Protein, Glutamic Acid (Derived from Fermented Grains), Glycerin, Cetearyl Olivate (Derived from Olive), Sorbitan Olivate (Derived from Olive), Sodium Hyaluronate, Cetyl Alcohol, Cyamopsis Tetragonoloba (Guar) Gum, Xanthan Gum, Apricot Kernel Amino Acid, Alkanna Tinctoria Root Extract, Scutellaria Baicalensis Root Extract, Paeonia Suffruticosa (Peony) Root Extract, Glycyrrhiza Glabra (Licorice) Root Extract, BetaGlucan, Jasminum Grandiflorum (Jasmine) Flower Wax, Acrylates/C1030 Alkyl Acrylate Crosspolymer, Brassica Oleracea Capitata (Cabbage) Leaf Extract, Ipomoea Batatas (Sweet Potato) Root Extract, Fragrance.",1000,78644,0.0,2.0,https://www.sephora.com/product/watermelon-pink-juice-moisturizer-P428819?icid2=products%20grid:p428819,2.0,19.5
Squalane + Vitamin C Rose Oil,Biossance,moisturizing-cream-oils-mists,72.0,"Squalane, Pistacia Lentiscus (Mastic) Gum, Rosa Damascena Flower Extract, Tetrahexyldecyl Ascorbate, Caprylic/Capric Triglyceride, Geraniol.",593,52953,1.0,0.0,https://www.sephora.com/product/squalane-vitamin-c-rose-oil-P416563?icid2=products%20grid:p416563,1.0,72.0
Facial Treatment Essence Mini (Pitera Essence),SK-II,moisturizing-cream-oils-mists,99.0,"Galactomyces Ferment Filtrate*, Butylene Glycol, Pentylene Glycol, Sodium Benzoate, Methylparaben, Sorbic Acid. *PITERA™.",101,25177,0.0,2.5,https://www.sephora.com/product/facial-treatment-essence-mini-P426183?icid2=products%20grid:p426183,2.5,39.6
Retinol Youth Renewal Night Cream,Murad,moisturizing-cream-oils-mists,82.0,"Isostearyl Hydroxystearate, Niacinamide, Propanediol,  Caprylic/Capric Triglyceride, C1422 Alcohols, Polymethylsilsesquioxane, Dimethicone, Cetyl Alcohol, Glyceryl Stearate, Hydrolyzed Yeast Extract, Isopropyl Palmitate, Retinol, Retinyl Propionate, Oleyl Alcohol, Sodium Hyaluronate, Serine, Hexyldecanol, Glycine Soja (Soybean) Extract, Tocopheryl Acetate, Glycine Soja  (Soybean) Sterols, Urea, Yeast Amino Acids, Trehalose, Inositol, Taurine, Betaine, Glycerin, Polyglucuronic Acid, C1220 Alkyl Glucoside, Dioscorea Villosa (Wild Yam) Room Extract, Pentylene Glycol, Glyceryl Polyacrylate, Algin, Caprylyl Glycol, Swertia Chirata Extract, Lecithin, Pullulan, Disodium Phosphate, Potassium Phosphate, PEG75 Stearate, Ceteth20,  Steareth20, Cetyl Hydroxethylcellulose, Phenoxyethanol, Ethylhexylglycerin, Picolinamide, Disodium EDTA, Sodium Hydroxide, Hexylene Glycol, Sodium Benzotriazolyl Butylphenol Sulfonate, Ammonium Acryloyldimethyltaurate/VP Copolymer, Yellow 5 (CI 19140), Red 4 (CI 14700), AlphaIsomethyl Ionone, Citronellol, Fragrance (Parfum).",108,2010,1.7,0.0,https://www.sephora.com/product/murad-retinol-youth-renewal-night-cream-P453929?icid2=products%20grid:p453929,1.7,48.23529411764706
Emerald CBD + Adaptogens Deep Moisture Glow Oil,Herbivore,moisturizing-cream-oils-mists,58.0,"Squalane, Limnanthes Alba (Meadowfoam) Seed Oil, Cannabis (Hemp) Sativa Seed Oil, Caprylic/Capric Triglyceride (MCT/Fractionated Coconut Oil), Withania Somnifera (Ashwagandha) Root Extract (and) Helianthus Annuus (Sunflower) Seed Oil, Helianthus Annuus (Sunflower) Seed Oil (and) Lentinus Edodes (Shiitake) Extract), Borago Officinalis, Cannabidiol (CBD), Tocopheryl Acetate (Vitamin E), Helichrysum Stoechas Flower Extract, Cannabis Sativa (Cannabis/Hemp) Seed Extract, Melia Azadirachta Leaf Extract (and) Melia Azadirachta Flower Extract (and) Amino Esters1 (ex Mimosa Tenuiflora) (and) Coccinia Indica Fruit Extract (and) Solanum Melongena (Eggplant) Fruit Extract (and) Aloe Barbadensis Flower Extract (and) Ocimum Sanctum Leaf Extract (and) Ocimum Basilicum (Basil) Flower/Leaf Extract (and) Curcuma Longa (Turmeric) Root Extract (and) Corallina Ocinalis Extract.",294,24193,1.0,0.0,https://www.sephora.com/product/emerald-cbd-adaptogens-deep-moisture-glow-oil-P442564?icid2=products%20grid:p442564,1.0,58.0
Superberry Hydrate + Glow Oil,Youth To The People,moisturizing-cream-oils-mists,44.0,"Helianthus Annuus (Sunflower) Seed Oil*, Dicapryl Carbonate, Simmondsia Chineses (JojobaSeed Oil*, Opuntia Tuna Extract(Prickly Pear), Euterpe Oleracea Fruit Extract (Acai), LyciuBarbarum (Goji) Extract, Aristotelia Chilensis (Maqui) Fruit Extract, And Moringa Oleifera LeaExtract , Squalane Olive, Mixed Tocopherols (Vitamin E), Olea Europaea (Olive) Oil*, LinuUsitatissimum (Flaxseed) Oil*, Borago Officinalis (Borage) Oil*, Rosa Canina (Rosehip) FruiOil*, Oenothera Biennis (Evening Primrose) Oil*, Punica Granatum (Pomegranate) Seed Oil*Vaccinium Macrocarpon (Cranberry) Seed Oil*, Natural Fragrance. *Certified Organic",631,37813,1.0,0.0,https://www.sephora.com/product/superberry-hydrate-glow-oil-P430146?icid2=products%20grid:p430146,1.0,44.0
Abeille Royale Youth Watery Anti-Aging Oil,Guerlain,moisturizing-cream-oils-mists,95.0,"Glycerin, Pentylene Glycol, Polyglycerin3, Methyl Gluceth20, Alcohol, Royal Jelly, Ppg26Buteth26, Phenoxyethanol, Mannitol, Peg40 Hydrogenated Castor Oil, Cellulose, Honey, Fragrance, Polyacrylate Crosspolymer6, Sodium Citrate, Glyceryl Polymethacrylate, Tocopheryl Acetate, Caprylic/Capric Triglyceride, Citric Acid, Peg8, Acrylates/Ammonium Methacrylate Copolymer, Synthetic Fluorphlogopite, Commiphora Mukul Resin Extract, Limonene, Caramel, Triethyl Citrate, Benzyl Salicylate, Ci 77891 (Titanium Dioxide), Sodium Metabisulfite, Ci 77492 (Iron Oxides), Geraniol, Hydroxycitronellal, Sodium Lactate, AlphaIsomethyl Ionone, Citronellol, Ci 77491 (Iron Oxides), Hydroxypropyl Methylcellulose, Linalool, Tin Oxide, Bht, Tocopherol, Ci 14700 (Red 4), Palmitoyl Hexapeptide12.",54,22789,0.0,1.0,https://www.sephora.com/product/abeille-royale-youth-watery-oil-P422895?icid2=products%20grid:p422895,1.0,95.0
Secret Sauce Anti-Aging Moisturizer,IT Cosmetics,moisturizing-cream-oils-mists,68.0,"Butylene Glycol, Cetyl Ethylhexanoate, Glycerin, Caprylic/Capric Triglyceride, Tribehenin Peg20 Esters, Olea Europaea (Olive) Fruit Oil, Hydrogenated Polyisobutene, Glyceryl Stearate, Palmitic Acid, Sodium Acrylate/Sodium Acryloyldimethyl Taurate Copolymer, Stearic Acid, Dimethicone, Isohexadecane, Phenoxyethanol, Tocopheryl Acetate, Chlorphenesin, Tromethamine, Acrylates/C1030 Alkyl Acrylate Crosspolymer, Polysorbate 80, Ethylhexylglycerin, Caprylyl Glycol, Sorbitan Oleate, Fragrance (Parfum), Disodium Edta, Myristic Acid, Squalane, Ascorbic Acid, Colloidal Oatmeal, Cholesteryl Oleyl Carbonate, Niacinamide, Lactobacillus/Pumpkin Ferment Extract, Polymethylsilsesquioxane, Aloe Barbadensis Leaf Extract, Lactobacillus/Dipteryx Odorata Seed Ferment Filtrate, Camellia Sinensis Leaf Extract, Tocopherol, Panax Ginseng Root Extract, Sodium Hyaluronate, Cholesteryl Nonanoate, Cholesteryl Isostearate, Cholesteryl Chloride, Saccharum Officinarum (Sugar Cane) Extract, Cocos Nucifera (Coconut) Fruit Extract, Curcuma Longa (Turmeric) Root Extract, Vegetable Oil, Sophora Japonica Flower Extract, Aspergillus/Saccharomyces/Rice Ferment Filtrate, Peg40 Hydrogenated Castor Oil, Glycyrrhiza Glabra (Licorice) Root Extract, Retinyl Palmitate, 1,2Hexanediol, Steareth20, Leuconostoc/Radish Root Ferment Filtrate, Hizikia Fusiforme Extract, Chlorella Minutissima Extract, Spirulina Platensis Extract, Codium Fragile Extract, Ulva Lactuca Extract, Fucus Vesiculosus Extract, Laminaria Saccharina Extract, Gelidium Cartilagineum Extract, Macrocystis Pyrifera Extract, Laminaria Digitata Extract, Lactobacillus/Algae Extract Ferment, Codium Tomentosum Extract, Sargassum Muticum Extract, Pikea Robusta Extract, Algae Extract, Agarum Cribosum Extract, Hydrolyzed Algae Extract, Laminaria Japonica Extract, Hydrolyzed Ulva Lactuca Extract, Porphyra Yezoensis Extract, Chlorella Ferment, Ecklonia Cava Extract, Enteromorpha Compressa Extract, Haematococcus Pluvialis Extract, Dunaliella Salina Extract, Undaria Pinnatifida Extract, Laminaria Cloustoni Extract, Sargassum Fulvellum Extract, Salicornia Herbacea Extract, Hypnea Musciformis Extract, Jania Rubens Extract, Citric Acid, Aspergillus/Rice Ferment Extract, Polysorbate 20, Rice Ferment Filtrate (Sake), NHydroxysuccinimide, Chamomilla Recutita (Matricaria) Flower Lactobacillus/Centella Asiatica/Gleditsia Sinensis Thorn/Houttuynia Cordata Extract/Phellodendron Amurense Bark/Polygonum Cuspidatum Root/Prunella Vulgaris/Torilis Japonica Extract Ferment Filtrate, Phaseolus Angularis Seed Extract, Saccharomyces/Camellia Sinensis Extract Ferment Filtrate, Lactobacillus Ferment, Lactobacillus/Rice Ferment Filtrate, Bacillus/Cordyceps Sinensis/Ganoderma Lucidum/Inonotus Obliquus/Lentinus Edodes/Phellinus Linteus/Schizophyllum Commune/Tricholoma Matsutake Extract Ferment Filtrate, Carbomer, Hydrolyzed Collagen, Algae Oligosaccharides, Macrocystis Pyrifera (Kelp) Protein, Diamond Powder, Potassium Sorbate, Acetyl Hexapeptide8, Palmitoyl Pentapeptide4, Palmitoyl Oligopeptide, Chrysin, Palmitoyl Tetrapeptide7, Chlorhexidine Digluconate.",692,32879,0.0,2.0,https://www.sephora.com/product/secret-sauce-clinically-advanced-miraculous-anti-aging-moisturizer-P421958?icid2=products%20grid:p421958,2.0,34.0
The Silk Cream,Tatcha,moisturizing-cream-oils-mists,120.0,"Saccharomyces/Camellia Sinensis Leaf/Cladosiphon Okamuranus/Rice Ferment Filtrate*, Glycerin, Propanediol, Cyclopentasiloxane, Squalane, Isononyl Isononanoate, Inositol, Sericin, Hydrolyzed Silk, Hydrolyzed Conchiolin Protein, Rubus Ellipticus Root Extract, Oryza Sativa (Rice) Germ Oil, Panax Ginseng Root Extract, Royal Jelly Extract, Thymus Serpyllum Extract, Caprylic/Capric Triglyceride, Sorbitan Stearate, Behenyl Alcohol, Stearic Acid, Hydrogenated Lecithin, Polyglyceryl2 Triisostearate, Batyl Alcohol, Ethylhexylglycerin, Arginine, BisBehenyl/Isostearyl/Phytosteryl Dimer Dilinoleyl Dimer Dilinoleate, Carbomer, Xanthan Gum, Biosaccharide Gum1, Sodium Hyaluronate, Parfum/Fragrance, Butylene Glycol, Alcohol, Phenoxyethanol. *Hadasei3.",193,30197,1.7,0.0,https://www.sephora.com/product/the-silk-cream-P417867?icid2=products%20grid:p417867,1.7,70.58823529411765
Confidence in a Cream Hydrating Moisturizer,IT Cosmetics,moisturizing-cream-oils-mists,49.0,"Butylene Glycol, Cyclopentasiloxane, Glycerin, Butylene Glycol Dicaprylate/Dicaprate, Ethylhexyl Isononanoate, Hydrogenated Polyisobutene, Caprylic/Capric/Myristic/Stearic Triglyceride, Glyceryl Stearate, Peg100 Stearate, Polyglyceryl3 Methylglucose Distearate, Stearyl Behenate, Dimethicone, Pentaerythrityl Tetraethylhexanoate, Biosaccharide Gum1, Dimethicone/Vinyl Dimethicone Crosspolymer, Cetearyl Alcohol, Palmitic Acid, Stearic Acid, Polyethylene, Peg/Ppg20/15 Dimethicone, Phenyl Methicone, Portulaca Oleracea Extract, Cocos Nucifera (Coconut) Oil, Aloe Barbadensis Leaf Extract, Butyrospermum Parkii (Shea) Butter, Hydroxyethyl Acrylate/Sodium Acryloyldimethyl Taurate Copolymer, Sodium Hyaluronate, Hydrogenated Lecithin, Polyquaternium51, Niacinamide, Hydrolyzed Collagen, Camellia Sinensis Leaf Extract, Tocopheryl Acetate, Carbomer, Peg150 Distearate, Ceramide Ap, Glycosphingolipids, Glyceryl Polymethacrylate, Meadowfoam Estolide, Sorbitan Isostearate, Squalane, Palmitoyl Pentapeptide4, Polysorbate 20, Steareth20, NHydroxysuccinimide, Chrysin, Palmitoyl Tripeptide1, Palmitoyl Tetrapeptide7, Polysorbate 60, Aleuritic Acid, Yeast Extract, Glycoproteins, Betaine, Hydrogenated Polydecene, Ceramide Np, Allantoin, Colloidal Oatmeal, Retinyl Retinoate, Polylactic Acid, Canola Oil, Cholesteryl Nonanoate, Ascorbyl Tetraisopalmitate, Glycyrrhiza Glabra (Licorice) Root Extract, Chamomilla Recutita (Matricaria) Flower Curcuma Longa (Turmeric) Root Extract, Leuconostoc/Radish Root Ferment Filtrate, Eruca Sativa Leaf Extract, Glyceryl Citrate/Lactate/Linoleate/Oleate, Ceteareth20, Hydroxypropyl Bispalmitamide Mea, Glycine Soja (Soybean) Sterols, Melaleuca Alternifolia (Tea Tree) Leaf Oil, Phytosteryl/Isostearyl/Cetyl/Stearyl/Behenyl Dimer Dilinoleate, Santalum Album (Sandalwood) Oil, Chamomilla Recutita (Matricaria) Flower Oil, Caprylhydroxamic Acid, Cetearyl Glucoside, Glucose, Stearyl Stearate, Tromethamine, Citric Acid, 1,2Hexanediol, Chlorhexidine Digluconate, Potassium Sorbate, Dipropylene Glycol, Lavandula Angustifolia (Lavender) Oil, Citrus Paradisi (Grapefruit) Peel Oil, Cymbopogon Citratus Leaf Oil, Pelargonium Graveolens Oil, Citrus Aurantium Dulcis (Orange) Peel Oil, Pogostemon Cablin Oil, Citrus Aurantium Bergamia (Bergamot) Fruit Oil, Ethylhexylglycerin, Caramel, Disodium Edta, Phenoxyethanol, Caprylyl Glycol, Limonene, Linalool.",684,31783,0.0,2.0,https://www.sephora.com/product/confidence-in-cream-transforming-moisturizing-super-cream-P411403?icid2=products%20grid:p411403,2.0,24.5
GenOptics Aura Essence Serum,SK-II,moisturizing-cream-oils-mists,245.0,"Galactomyces Ferment Filtrate (Pitera), Niacinamide, Butylene Glycol, Triethylhexanoin, Pentylene Glycol, Glycerin, Nylon12, Phytosteryl/Octyldodecyl Lauroyl Glutamate, Polymethylsilsesquioxane, Boron Nitride, Panthenol, PEG20 Sorbitan Cocoate, Inositol, Caprylic/Capric Triglyceride, Mica, Phenoxyethanol, Acrylates/C1030 Alkyl Acrylate Crosspolymer, PEG11 Methyl Ether Dimethicone, Polyacrylamide, Aminomethyl Propanol, Undecylenoyl Phenylalanine, Benzyl Alcohol, C1314 Isoparaffin, Disodium EDTA, Hydrolyzed Prunus Domestica, Xanthan Gum, Sodium Benzoate, Hexyldecanol, Laureth7, Citrus Reticulata Peel Extract/Citrus Reticulata (Tangerine) Peel Extract, Methylparaben, Ascorbyl Glucoside, Prunus Mume Fruit Extract, Tocopherol, Fragrance, Limonene, Citronellol, Linalool, Geraniol, Ci 77891 (Titanium Dioxide).",114,11247,1.6,0.0,https://www.sephora.com/product/genoptics-aura-essence-P410756?icid2=products%20grid:p410756,1.6,153.125
Clinique iD™ Custom-Blend Hydrator Collection,CLINIQUE,moisturizing-cream-oils-mists,39.0,"BisPeg18 Methyl Ether Dimethyl Silane, Butylene Glycol, Glycerin, Cucumis Sativus (Cucumber) Fruit Extract, Hypnea Musciformis (Algae) Extract, Gelidiella Acerosa Extract, Hordeum Vulgare (Barley) Extract, Padina Pavonica Thallus Extract, Helianthus Annuus (Sunflower) Seedcake, Sucrose, Caffeine, Sodium Hyaluronate, Hydroxyethyl Urea, Hydrolyzed Rice Extract, Sorbitol, Sodium Polyaspartate, Ppg6Decyltetradeceth30, Ethylhexylglycerin, Propylene Glycol Dicaprate, Caprylyl Glycol, Trehalose, Polysorbate 80, Carbomer, Sodium Hydroxide, Hexylene Glycol, Citric Acid, Sodium Citrate, Disodium EDTA, Phenoxyethanol.",158,41857,4.2,0.0,https://www.sephora.com/product/clinique-id-your-custom-blend-hydrator-P439643?icid2=products%20grid:p439643,4.2,9.285714285714285
Kombucha Facial Treatment Essence,Fresh,moisturizing-cream-oils-mists,68.0,"Saccharomyces Ferment Filtrate, Glycerin, Camellia Sinensis Leaf Extract, Pentylene Glycol, Polyglycerin3, Kigelia Africana Fruit Extract, Citrus Unshiu Peel Extract, Sodium Hyaluronate, Adenosine, Tocopheryl Acetate, Tocopherol, Butylene Glycol, Diglycerin, PEG60 Hydrogenated Castor Oil, Sodium Benzoate, Parfum (Fragrance), Disodium EDTA, Hydroxyethylcellulose, Sodium Citrate, BHT, Citric Acid, Potassium Sorbate, Biotin, Phenoxyethanol, Linalool, Citronellol, Geraniol.",1000,47876,0.0,5.0,https://www.sephora.com/product/black-tea-kombucha-facial-treatment-essence-P428628?icid2=products%20grid:p428628,5.0,13.6
Water Bank Moisture Cream,LANEIGE,moisturizing-cream-oils-mists,38.0,"Propanediol, Glycerin, Methyl Trimethicone, Phenyl Trimethicone, Caprylyl Methicone, 1,2Hexanediol, Dicaprylyl Carbonate, Sea Water/Maris Aqua/Eau De Mer, Saccharide Isomerate, Hydrogenated Lecithin, Ammonium Acryloyldimethyltaurate/Vp Copolymer, Hydrogenated Polyisobutene, Hydroxyethyl Acrylate/Sodium Acryloyldimethyl Taurate Copolymer, Cetearyl Alcohol, Butylene Glycol, Fragrance, Glyceryl Caprylate, Glyceryl Stearate, Stearic Acid, Ethylhexylglycerin, Disodium Edta, Acrylates/C1030 Alkyl Acrylate Crosspolymer, Tromethamine, Sorbitan Isostearate, Polyglyceryl3 Methylglucose Distearate, Hyaluronic Acid, Magnesium Sulfate, Calcium Chloride, Linalool, Sodium Citrate, Citric Acid, Hexyl Cinnamal, Benzyl Salicylate, Butylphenyl Methylpropional, Limonene, Beta Vulgaris (Beet) Root Extract/Extrait De Racine De Betterave, Geraniol, Citronellol, AlphaIsomethyl Ionone, Manganese Sulfate, Chenopodium Quinoa Seed Extract, Tocopherol, Zinc Sulfate, Lecithin, Brassica Oleracea Acephala Leaf Extract, Nasturtium Officinale Extract, Glycine Soja (Soybean) Oil, Lepidium Sativum Sprout Extract, Ascorbyl Glucoside.",294,10970,1.6,0.0,https://www.sephora.com/product/water-bank-moisture-cream-P448186?icid2=products%20grid:p448186,1.6,23.75
Amazonian Clay BB Tinted Moisturizer Broad Spectrum SPF 20 Sunscreen,tarte,moisturizing-cream-oils-mists,36.0,"Amazonian clay: Provides total balancing for better, longer, truer wear",2000,69828,1.7,0.0,https://www.sephora.com/product/amazonian-clay-bb-tinted-moisturizer-broad-spectrum-spf-20-sunscreen-P67617?icid2=products%20grid:p67617,1.7,21.176470588235293
Tidal Brightening Enzyme Water Cream,SUNDAY RILEY,moisturizing-cream-oils-mists,65.0,"Caprylic/Capric Triglyceride, Moringa Oil/Hydrogenated Moringa Oil Esters, Glycerin, Propanediol, Hydrolyzed Jojoba Esters, Isododecane, Sodium Acrylates Copolymer, Phenoxyethanol, AlphaArbutin, Cucumis Sativus Extract , Pentylene Glycol, Adipic Acid/Neopentyl Glycol Crosspolymer, Lauryl Dimethicone, Hydrogenated Polyisobutene, Allantoin, Strelitzia Nicolai Seed Aril Extract, Tamarindus Indica Seed Gum, Aesculus Hippocastanum Seed Extract, Sodium Hyaluronate Crosspolymer, Sodium Hyaluronate, Papain, Carbomer, 1,2Hexanediol, Algin, Caprylyl Glycol, Lecithin, Melia Azadirachta Leaf Extract, Melia Azadirachta Flower Extract, Mimosa Tenuiflora Bark Extract, Coccinia Indica Fruit Extract, Solanum Melongena (Eggplant) Fruit Extract, Aloe Barbadensis Flower Exract, Ocimum Sanctum Leaf Extract, Ocimum Basilicum (Basil) Flower/Leaf Extract, Curcuma Longa (Turmeric) Root Extract, Corallina Officinalis Extract, Ethylhexylglycerin, Sodium Benzoate, Potassium Sorbate, Chlorphenesin, Dicaprylyl Carbonate, Tocopherol, Malic Acid, Synthetic Fluorphlogopite, Titanium Dioxide, Tin Oxide.",1000,62727,0.0,1.7,https://www.sephora.com/product/tidal-brightening-enzyme-water-cream-P406938?icid2=products%20grid:p406938,1.7,38.23529411764706
GLOWSTARTER™ Mega Illuminating Moisturizer,GLAMGLOW,moisturizing-cream-oils-mists,49.0,"Dimethicone, Butylene Glycol, Glyceryl Distearate, Cetyl Ricinoleate, Trisiloxane, Glyceryl Stearate Se, Cholesterol, Steareth10, Simmondsia Chinensis (Jojoba) Seed Oil, Butyrospermum Parkii (Shea Butter), Cetyl Esters, Cetyl Alcohol, Glycerin, Tocopheryl Acetate, Sodium Hyaluronate, Algae Extract, Camellia Sinensis (Green Tea) Leaf Extract, Cucumis Sativus (Cucumber) Fruit Extract, Pyrus Malus (Apple) Fruit Extract, Saccharomyces Lysate Extract, Scutellaria Baicalensis Root Extract, Ceramide Ng, Isohexadecane, Synthetic Fluorphlogopite, Sucrose, Polysorbate 80, Acrylamide/Sodium Acryloyldimethyltaurate Copolymer, Xanthan Gum, Caprylyl Glycol, Hexylene Glycol, Citric Acid, Linoleic Acid, Panthenol, Fragrance (Parfum), Limonene, Citral, Linalool, Disodium Edta, Magnesium Ascorbyl Phosphate, Sodium Citrate, Phenoxyethanol, [+/ Mica, Titanium Dioxide (Ci 77891), Iron Oxides (Ci 77491), Iron Oxides (Ci 77492), Iron Oxides (Ci 77499), Blue 1 (Ci 42090), Red 4 (Ci 14700), Red 33 (Ci 17200), Yellow 5 (Ci 19140)].",1000,70418,1.7,0.0,https://www.sephora.com/product/glowstarter-mega-illuminating-moisturizer-P408739?icid2=products%20grid:p408739,1.7,28.823529411764707
GinZing™ Oil- Free Energy Boosting Gel Moisturizer,Origins,moisturizing-cream-oils-mists,30.0,"Dimethicone, Butylene Glycol, Glyceryl Distearate, Cetyl Ricinoleate, Trisiloxane, Glyceryl Stearate Se, Cholesterol, Steareth10, Simmondsia Chinensis (Jojoba) Seed Oil, Butyrospermum Parkii (Shea Butter), Cetyl Esters, Cetyl Alcohol, Glycerin, Tocopheryl Acetate, Sodium Hyaluronate, Algae Extract, Camellia Sinensis (Green Tea) Leaf Extract, Cucumis Sativus (Cucumber) Fruit Extract, Pyrus Malus (Apple) Fruit Extract, Saccharomyces Lysate Extract, Scutellaria Baicalensis Root Extract, Ceramide Ng, Isohexadecane, Synthetic Fluorphlogopite, Sucrose, Polysorbate 80, Acrylamide/Sodium Acryloyldimethyltaurate Copolymer, Xanthan Gum, Caprylyl Glycol, Hexylene Glycol, Citric Acid, Linoleic Acid, Panthenol, Fragrance (Parfum), Limonene, Citral, Linalool, Disodium Edta, Magnesium Ascorbyl Phosphate, Sodium Citrate, Phenoxyethanol, [+/ Mica, Titanium Dioxide (Ci 77891), Iron Oxides (Ci 77491), Iron Oxides (Ci 77492), Iron Oxides (Ci 77499), Blue 1 (Ci 42090), Red 4 (Ci 14700), Red 33 (Ci 17200), Yellow 5 (Ci 19140)].",3000,7332,0.0,1.7,https://www.sephora.com/product/ginzing-energy-boosting-gel-moisturizer-P444044?icid2=products%20grid:p444044,1.7,17.647058823529413
Vegan Milk Moisturizer,MILK MAKEUP,moisturizing-cream-oils-mists,38.0,"Water (Aqua, Eau), Cetyl Alcohol, Squalane, Caprylic/Capric Triglyceride, Stearic Acid, Butylene Glycol, Stearyl Alcohol, Polyglyceryl2 Diisostearate, Vitis Vinifera (Grape) Seed Oil, Butyrospermum Parkii (Shea) Butter, Glyceryl Stearate, Glycerin, Isocetyl Stearate, Myristyl Myristate, Pentylene Glycol, Phenoxyethanol, Ceteth20, Capryloyl Glycerin/Sebacic Acid Copolymer, Carbomer, Diheptyl Succinate, Ethylhexylglycerin, Simmondsia Chinensis (Jojoba) Seed Oil, Helianthus Annuus (Sunflower) Seed Oil, Hydroxyethyl Acrylate/Sodium Acryloyldimethyl Taurate Copolymer, Sodium Hydroxide, Potassium Stearate, Trisodium Dicarboxymethyl Alaninate, Tocopheryl Acetate, Argania Spinosa (Argan) Kernel Oil, Adansonia Digitata Seed Oil, Citrullus Lanatus (Watermelon) Seed Oil, Propanediol, Sodium Chloride, Glyceryl Caprylate, Glyceryl Undecylenate, Sodium Glycolate, Polysorbate 60, Aloe Barbadensis Leaf Juice, Propylene Glycol Dicaprylate/Dicaprate, Sorbitan Isostearate, Phospholipids, PEG60 Hydrogenated Castor Oil, Xanthan Gum, Avena Sativa (Oat) Kernel Extract, Ficus Carica (Fig) Fruit Extract, Adansonia Digitata Fruit Extract, Rosmarinus Officinalis (Rosemary) Leaf Extract, Polyglyceryl10 Dioleate, Polyglyceryl10 Oleate, Sodium Hyaluronate, Sodium Benzoate, Potassium Sorbate, Citric Acid.",685,10689,0.0,1.7,https://www.sephora.com/product/milk-makeup-vegan-milk-moisturizer-P453253?icid2=products%20grid:p453253,1.7,22.35294117647059
Color Control Cushion Compact Broad Spectrum SPF 50+,AMOREPACIFIC,moisturizing-cream-oils-mists,60.0,"Phyllostachis Bambusoides Juice, Cyclopentasiloxane, Cyclohexasiloxane, Peg10 Dimethicone, Phenyl Trimethicone, Butylene Glycol, Butylene Glycol Dicaprylate/Dicaprate, Alcohol, Arbutin, Lauryl Peg9 Polydimethylsiloxyethyl Dimethicone, Acrylates/Ethylhexyl Acrylate/Dimethicone Methacrylate Copolymer, Polyhydroxystearic Acid, Sodium Chloride, Polymethyl Methacrylate, Aluminium Hydroxide, Stearic Acid, Disteardimonium Hectorite, Triethoxycaprylylsilane, Ethylhexyl Palmitate, Lecithin, Isostearic Acid, Isopropyl Palmitate, Phenoxyethanol, Polyglyceryl3 Polyricinoleate, Acrylates/Stearyl Acrylate/Dimethicone Methacrylate Copolymer, Dimethicone, Disodium Edta, Trimethylsiloxysilicate, Ethylhexyglycerin, Dimethicone/Vinyl Dimethicone Crosspolymer, Silica, Camellia Japonica Seed Oil, Camillia Sinensis Leaf Extract, Caprylyl Glycol, 1,2Hexanediol, Fragrance, Titanium Dioxide, Iron Oxides (Ci 77492, Ci 77491, Ci77499)",1000,30239,1.05,0.0,https://www.sephora.com/product/color-control-cushion-compact-broad-spectrum-spf-50-P378121?icid2=products%20grid:p378121,1.05,57.14285714285714
Hello FAB Coconut Skin Smoothie Priming Moisturizer,First Aid Beauty,moisturizing-cream-oils-mists,29.0,"Cocos Nucifera (Coconut) Fruit Juice, Glucose, Maltodextrin, C1215 Alkyl Benzoate, Aqua (Eau), Cyclopentasiloxane, Butylene Glycol, Glycerin, Caprylic/Capric Triglyceride, Mica, Sodium Acrylate/Sodium Acryloyldimethyl Taurate Copolymer, Cocos Nucifera (Coconut) Fruit Extract, Selaginella Lepidophylla Extract, Prunus Armeniaca (Apricot) Fruit Extract, Pyrus Malus (Apple) Fruit Extract, Vanilla Planifolia Fruit Extract, Hydrolyzed Quinoa, Coffea Arabica (Coffee) Seed Extract, Dipteryx Odorata Seed Extract, Saccharomyces/Copper Ferment, Saccharomyces/Iron Ferment, Saccharomyces/Magnesium Ferment, Saccharomyces/Silicon Ferment, Saccharomyces/Zinc Ferment, Camellia Sinensis Leaf Extract, Chrysanthemum Parthenium (Feverfew) Extract, Glycyrrhiza Glabra (Licorice) Root Extract, Ethylhexylglycerin, Sorbitan Oleate, Dimethicone Crosspolymer, Isohexadecane, Acrylates/C1030 Alkyl Acrylate Crosspolymer, Polysorbate 80, Lactobacillus Ferment, Leuconostoc/Radish Root Ferment Filtrate, Phenoxyethanol, Disodium EDTA, Tin Oxide, Potassium Sorbate, Sodium Benzoate, Sodium Hydroxide, CI 77891 (Titanium Dioxide), CI 77491 (Iron Oxides).",1000,62390,0.0,1.7,https://www.sephora.com/product/hello-fab-coconut-skin-smoothie-priming-moisturizer-P415237?icid2=products%20grid:p415237,1.7,17.058823529411764
U.F.O. Ultra-Clarifying Face Oil,SUNDAY RILEY,moisturizing-cream-oils-mists,80.0,"Silybum Marianum (Milk Thistle) Seed Oil, Nigella Sativa (Black Cumin) Seed Oil, Cucumis Sativus (Cucumber) Seed Oil,  Diisopropyl Sebacate, Punica Granatum (Pomegranate) Seed Oil, Vaccinium Macrocarpon (Cranberry) Seed Oil, Dimethyl Isosorbide,  Linum Usitatissimum  (Flax) Seed Oil, Caprylic/Capric Triglycerides, Ethyl Linoleate, Hexylresorcinol, Glycyrrhiza Glabra (Licorice) Root Extract, Salicylic Acid, Prunus Armeniaca (Apricot) Kernel Oil, Chamomilla Recutita Flower Oil, Citrus Aurantium Amara (Neroli) Flower Oil, Melaleuca Alternifolia (Tea Tree) Leaf Oil, Helianthus Annuus Seed Oil, Rosmarinus Officinalis (Rosemary) Leaf Extract,  Citrus Paradisii (Grapefruit) Peel Oil, Melia Azadirachta (Neem) Leaf Extract, Melia Azadirachta (Neem) Flower Extract, Coccinia Indica Fruit Extract, Amino Esters1, Amber Leaf Extract, Solanum Melongena (Eggplant) Fruit Extract, Aloe Barbadensis Flower Extract, Lawsonia Inermis (Henna) Extract, Ocimum Sanctum Leaf Extract, Ocimum Basilicum (Basil) Leaf Extract, Curcuma Longa (Turmeric) Root Extract, Corallina Officinalis Extract, Simmondsia Chinensis (Jojoba) Seed Oil, Pearl Powder, Moringa Pterygosperma Seed Oil.",1000,90048,0.0,1.18,https://www.sephora.com/product/u-f-o-ultra-clarifying-face-oil-P410400?icid2=products%20grid:p410400,1.18,67.79661016949153
Vitamin C Suspension 23% + HA Spheres 2%,The Ordinary,moisturizing-cream-oils-mists,5.8,"Ascorbic Acid, Squalane, Isodecyl Neopentanoate, Isononyl Isononanoate, Coconut Alkanes, Ethylene/Propylene/Styrene Copolymer, Ethylhexyl Palmitate, Silica Dimethyl Silylate, Sodium Hyaluronate, Glucomannan, CocoCaprylate/Caprate, Butylene/Ethylene/Styrene Copolymer, Acrylates/Ethylhexyl Acrylate Crosspolymer, Trihydroxystearin, BHT.",479,56726,1.0,0.0,https://www.sephora.com/product/the-ordinary-deciem-vitamin-c-suspension-23-ha-spheres-2-P427410?icid2=products%20grid:p427410,1.0,5.8
Squalane + Probiotic Gel Moisturizer,Biossance,moisturizing-cream-oils-mists,52.0,"Squalane, Glycerin, Dimethicone, Pentylene Glycol, Ammonium Acryloyldimethyltaurate/VP Copolymer, Lactococcus Ferment Lysate, Caprylic/Capric Triglyceride, Phenoxyethanol, Caprylyl Glycol, Dimethiconol, Chrondrus Crispus Extract, Allantoin, Bisabolol, Glycine Soja (Soybean) Sterols, Linoleic Acid, Phospholipids, Sodium Phytate, Lechithin, Sodium Hydroxide, Sodium Hyaluronate, Lactic Acid, Lepidium Sativum Sprout Extract, Sodium Chloride, Sodium Benzoate, Citric Acid, Zingiber Officinale (Ginger) Root Extract.",426,25818,0.0,0.0,https://www.sephora.com/product/squalane-probiotic-gel-moisturizer-P416561?icid2=products%20grid:p416561,2.0673014048531417,25.15356487347524
Benefiance Wrinkle Smoothing Day Cream SPF 23,Shiseido,moisturizing-cream-oils-mists,70.0,"Glycerin, Dipropylene Glycol, Butylene Glycol, Behenyl Alcohol, Sd Alcohol 40B, Silica, Dimethicone, Isododecane, Isohexadecane, Sorbitol, Beheneth20, Myristyl Myristate, Phytosteryl Macadamiate, Erythritol, Xanthan Gum, Tocopheryl Acetate, Peg/Ppg14/7 Dimethyl Ether, Peg/Ppg17/4 Dimethyl Ether, Caffeine, Sapindus Mukorossi Peel Extract, Angelica Keiskei Leaf/Stem Extract, Camellia Sinensis Leaf Extract, Citrus Junos Seed Extract, Ziziphus Jujuba Fruit Extract, Eucheuma Serra/Grateloupia Sparsa/Saccharina Angustata/Ulva Linza/Undaria Pinnatifida Extract, Curcuma Longa (Turmeric) Rhizome Extract, Polyquaternium51, Saccharina Angustata/Undaria Pinnatifida Extract, Chlorella Vulgaris Extract, Ppg17, Stearyl Alcohol, Beheneth30, Alcohol, Carbomer, Cellulose Gum, Trisodium Edta, Hdi/Trimethylol Hexyllactone Crosspolymer, Sodium Citrate, Bht, Sodium Metaphosphate, Potassium Hydroxide, Citric Acid, Tocopherol, Ppg3 Dipivalate, Sodium Metabisulfite, Phenoxyethanol, Fragrance, Iron Oxides.",147,3906,1.7,0.0,https://www.sephora.com/product/benefiance-wrinkle-smoothing-day-cream-broad-spectrum-spf-23-P448201?icid2=products%20grid:p448201,1.7,41.1764705882353
Water Drench Hyaluronic Cloud Cream,Peter Thomas Roth,moisturizing-cream-oils-mists,52.0,"Glycerin, Cyclopentasiloxane, Dipropylene Glycol, Dimethicone, Cyclohexasiloxane, Yeast Extract, Sodium Hyaluronate, Ceramide Eop, Ceramide Eos, Ceramide Ap, Ceramide Np, Ceramide Ns, Sambucus Nigra Fruit Extract, Hydrolyzed Silk, Sodium Pca, Tocopherol, Ascorbyl Palmitate, Caprooyl Phytosphingosine, Caprooyl Sphingosine, Saccharide Isomerate, Saccharomyces/Magnesium Ferment, Saccharomyces/Iron Ferment, Saccharomyces/Copper Ferment, Saccharomyces/Silicon Ferment, Saccharomyces/Zinc Ferment, Olea Europaea (Olive) Leaf Extract, Methyl Gluceth20, Ethylhexylglycerin, Lauryl Peg9 Polydimethylsiloxyethyl Dimethicone, Cholesterol, Sodium Chloride, Sodium Citrate, Citric Acid, Behenic Acid, Propylene Glycol, Ceteareth25, Butylene Glycol, Dimethicone/Peg10/15 Crosspolymer, Cetyl Alcohol, Diso Dium Edta, Sodium Benzoate, Potassium Sorbate, Phenoxyethanol, Mica.",1000,38625,0.0,1.7,https://www.sephora.com/product/water-drench-hyaluronic-cloud-cream-P415701?icid2=products%20grid:p415701,1.7,30.58823529411765
Luminous Dewy Skin Night Concentrate,Tatcha,moisturizing-cream-oils-mists,110.0,"Glycerin, Propanediol, Squalane, Cyclopentasiloxane, Triethylhexanoin, Panax Ginseng Root Extract, Origanum Majorana Leaf Extract, Ziziphus Jujuba Fruit Extract, Thymus Serpyllum Extract, Royal Jelly Extract, Stearyl Glycyrrhetinate, Camellia Sinensis Leaf Extract, Algae Extract,  Scutellaria Baicalensis Root Extract, Oryza Sativa (Rice) Germ Oil, Camellia Japonica Seed Oil, Sericin, Inositol, Glyceryl Stearate Se, Polyglyceryl2 Diisostearate, Ppg5Ceteth10 Phosphate, Sodium Lauroyl Lactylate, Sorbitan Stearate, Trideceth12, Ethylhexylglycerin, Peg240/Hdi Copolymer BisDecyltetradeceth20 Ether, Butylene Glycol, Behenyl Alcohol, Parfum/Fragrance, Alcohol, Phenoxyethanol",197,36649,1.7,0.0,https://www.sephora.com/product/luminous-dewy-skin-night-concentrate-P403820?icid2=products%20grid:p403820,1.7,64.70588235294117
Unicorn Essence Antioxidant Primer Serum,FARSÁLI,moisturizing-cream-oils-mists,54.0,"Propanediol, Glycerin, Polysorbate 20, Glyceryl Polyacrylate, Euterpe Oleracea (Açaí) Fruit Extract, Vaccinium Angustifolium (Blueberry) Fruit Extract, Lycium Barbarum (Goji) Fruit Extract, Sambucus Nigra (Elder Berry) Fruit Extract, Tamarindus Indica Seed Polysaccharide, Phenoxyethanol, Ethylhexylglycerin, Hydroxyethyl Acrylate/Sodium Acryloyldimethyl Taurate Copolymer, Vanilla Planifolia Fruit Extract, Citrus Aurantium Bergamia (Bergamot) Fruit Oil, Citrus Paradisi (Grapefruit) Peel Oil, Red 33, Red 4, Blue 1, Mica, Titanium Dioxide",1000,140569,0.0,1.0,https://www.sephora.com/product/unicorn-essence-P417141?icid2=products%20grid:p417141,1.0,54.0
Revitalizing Supreme Global Anti-Aging Crème,Estée Lauder,moisturizing-cream-oils-mists,87.0,"Revitalizing Supreme+ Cell Pwr Crm   Division: El (Estee Lauder)Ingredients: Dimethicone , Glycerin , Isohexadecane , Butylene Glycol , BisPeg18 Methyl Ether Dimethyl Silane , Peg10 Dimethicone , Disteardimonium Hectorite , Pentylene Glycol , Cucumis Sativus (Cucumber) Fruit Extract , Narcissus Tazetta Bulb Extract , Magnolia Officinalis Bark Extract , Hordeum Vulgare (Barley) Extract/Extrait D'Orge , Sigesbeckia Orientalis (St. Paul'S Wort) Extract , Lens Esculenta (Lentil) Fruit Extract , Pyrus Malus (Apple) Fruit Extract , Whey Protein/Lactis Protein/Proteine Du PetitLait , Citrullus Vulgaris (Watermelon) Fruit Extract , Moringa Oleifera Seed Extract , Laminaria Digitata Extract , Triticum Vulgare (Wheat) Germ Extract , Opuntia Tuna Extract , Acetyl Hexapeptide8 , Sorbitol , Helianthus Annuus (Sunflower) Seedcake , Caffeine , Algae Extract , Sodium Hyaluronate , Sodium Lactate , Squalane , Polysilicone11 , Isododecane , Tocopheryl Acetate , Sucrose , Acetyl Glucosamine , Polyethylene , Propylene Carbonate , Citric Acid , Peg32 , Propylene Glycol Dicaprate , Peg6 , Isoceteth20 , Sodium Dehydroacetate , Aminopropyl Ascorbyl Phosphate , Fragrance , Sodium Pca , Sodium Citrate , Disodium Edta , Bht , Phenoxyethanol , Iron Oxides (Ci 77491) <iln42592></iln42592>",933,10869,0.0,1.7,https://www.sephora.com/product/revitalizing-supreme-global-anti-aging-creme-P384342?icid2=products%20grid:p384342,1.7,51.1764705882353
Ultra Repair Face Moisturizer,First Aid Beauty,moisturizing-cream-oils-mists,24.0,"Glyceryl Stearate Se, Glycerin, Caprylic/Capric Triglyceride, Cetyl Alcohol, Collodial Oatmeal, Dimethicone, Squalane, Urea, Allantoin, Ceramide Np, Butyrospermum Parkii (Shea) Butter, Limnanthes Alba (Meadowfoam) Seed Oil, Persea Gratissima (Avocado) Oil, Chrysanthemum Parthenium (Feverfew) Extract, Camellia Sinensis Leaf Extract, Glycyrrhiza Glabra (Licorice) Root Extract, Caprylyl Glycol, Phenoxyethanol, Carbomer, Sodium Hydroxide, Leuconostoc/Radish Root Ferment Filtrate, Edta.",784,32526,0.0,0.0,https://www.sephora.com/product/ultra-repair-face-moisturizer-P375534?icid2=products%20grid:p375534,2.0673014048531417,11.609337633911649
Vinosource Moisturizing Sorbet,Caudalie,moisturizing-cream-oils-mists,39.0,"Vitis Vinifera (Grape) Fruit Water*, Dicaprylyl Ether*, Glycerin*, Butyrospermum Parkii (Shea) Butter Extract*, Hexyldecanol*, Hexyldecyl Laurate*, Behenyl Alcohol*, Glyceryl Stearate*, Acrylates/C1030 Alkyl Acrylate Crosspolymer, Erythritol, Parfum (Fragrance), Lecithin*, Palmitoyl Grape Seed Extract*, Mannitol*, Tocopherol*, Caprylyl Glycol, Helianthus Annuus (Sunflower) Seed Oil*, Xanthan Gum, Sodium Benzoate, Vitis Vinifera (Grape) Juice*, Glycine Soja (Soybean) Sterols*, Butylene Glycol, Sodium Hydroxide, Citric Acid, Chamomilla Recutita (Matricaria) Flower Extract*, Sodium Citrate, Sodium Carboxymethyl BetaGlucan, Sodium Phytate*, Potassium Sorbate, Biosaccharide Gum1, Sodium Hyaluronate, Homarine Hcl, Glyceryl Caprylate*, Alcohol*, Acetyl Tetrapeptide15 (098/131).",1000,49004,0.0,1.3,https://www.sephora.com/product/vinosource-moisturizing-sorbet-P271704?icid2=products%20grid:p271704,1.3,30.0
Superscreen Daily Moisturizer Broad Spectrum SPF 40 PA+++,Supergoop!,moisturizing-cream-oils-mists,38.0,"Avobenzone 2.5%, Homosalate 8%, Octisalate 5%, Carthamus Tinctorius (Safflower) Oleosomes, Glycerin, C1215 Alkyl Benzoate, Polyester7, Ammonium Acryloyldimethyltaurate/VP Copolymer, Neopentyl Glycol Diheptanoate, Carthamus Tinctorius (Safflower) Seedcake Extract, Aphanizomenon FlosAquae Extract, Inulin Lauryl Carbamate, Xanthan Gum, Biosaccharide Gum4, Cerium Oxide, Platinum Powder, 1,2Hexanediol, Ethylhexylglycerin, Phenethyl Alcohol, Chlorphenesin.",309,21673,1.7,0.0,https://www.sephora.com/product/superscreen-daily-moisturizer-broad-spectrum-spf-40-pa-P439928?icid2=products%20grid:p439928,1.7,22.35294117647059
Black Tea Corset Cream Firming Moisturizer,Fresh,moisturizing-cream-oils-mists,95.0,"Isononyl Isononanoate, CetearylIsononanoate, Hydrogenated Polyisobutene, Butylene Glycol,Glycerin, Pentylene Glycol, Steareth21, Jojoba Esters, AlpiniaGalanga Leaf Extract, Algin, Saccharomyces Ferment Filtrate,Camellia Sinensis Leaf Extract, Lycium Chinense Fruit Extract,Rubus Fruticosus (Blackberry) Leaf Extract, Litchi Chinensis SeedExtract, Sorbitan Laurate, Sodium Hyaluronate, Hydroxyethylcellulose, Adenosine, Acetyl Dipeptide1 Cetyl Ester, Tocopheryl Acetate,Tocopherol, Myristyl Myristate, Behenyl Alcohol, Cetyl Alcohol,Stearyl Alcohol, Glyceryl Stearate, Decyloxazolidinone, Dimethicone,Diphenylsiloxy Phenyl Trimethicone, Fragrance, Polyacrylamide, Acrylates/C1030 Alkyl Acrylate Crosspolymer, C1314Isoparaffin, Xanthan Gum, Sorbitol, Tromethamine, Maltodextrin,Dimethicone/Phenyl Vinyl Dimethicone Crosspolymer, Laureth7,Polyvinyl Alcohol, BHT, Cellulose Gum, Caprylic/CapricTriglyceride, Citric Acid, Sodium Benzoate, Sodium Citrate,Potassium Sorbate, Biotin, Phenoxyethanol, Linalool,Citronellol, Geraniol.",107,19135,1.6,0.0,https://www.sephora.com/product/black-tea-firming-corset-cream-P415107?icid2=products%20grid:p415107,1.6,59.375
Counter Balance™ Oil Control Hydrator,OLEHENRIKSEN,moisturizing-cream-oils-mists,36.0,"Butylene Glycol, Glycerin, Caprylic/Capric Triglyceride, Dimethicone, Acrylates/C1030 Alykyl Acrylate Crosspolymer, Methyl Methacrylate Crosspolymer, Sodium Hydroxide, Polysorbate 20, Linoleic Acid, Phenoxyethanol, Glycolic Acid, Lactic Acid, Melia Azadirachta Seed Oil, Avena Sativa (Oat) Kernel Flour, Methyl Gluceth20, Caprylyl Glycol, Linolenic Acid, Salicylic Acid, Mentha Piperita (Peppermint) Oil, Enantia Chlorantha Bark Extract, Macrocystis Pyrifera (Kelp) Extract, Eucalyptus Globulus Leaf Extract, Chondrus Crispus (Carrageenan) Extract, Camellia Sinensis Leaf Extract, Tocopheryl Acetate, Hexylene Glycol, Ethylhexylglycerin, Dimethicone Crosspolymer, Bisabolol, Allantoin, Phytic Acid, Fragrance, Saccarhide Isomerate, Rosa Canina Fruit Extract, Tocopherol, Sodium Hyaluronate, Oleanolic Acid, Limonene.",1000,37789,0.0,1.7,https://www.sephora.com/product/counter-balance-oil-control-hydrator-P416818?icid2=products%20grid:p416818,1.7,21.176470588235293
Ultra Repair Hydra-Firm Sleeping Cream,First Aid Beauty,moisturizing-cream-oils-mists,38.0,"Aqua (Eau), Glycerin, Caprylic/Capric Triglyceride, Butyrospermum Parkii (Shea) Butter, Dimethicone, Glyceryl Stearate, Ethylhexyl Palmitate, C1018 Triglycerides, Jojoba Esters, Cetyl Alcohol, Palmitoyl Tripeptide38, Sodium Hyaluronate, Colloidal Oatmeal, Palmitoyl Tripeptide1, Palmitoyl Tetrapeptide7, Niacinamide, Spilanthes Acmella Flower Extract, Acacia Decurrens Flower Wax, Laminaria Saccharina Extract, Glycyrrhiza Glabra (Licorice) Root Extract, Chrysanthemum Parthenium (Feverfew) Extract, Camellia Sinensis Leaf Extract, Sodium Lactate, Hydroxypropyl Cyclodextrin, Helianthus Annuus (Sunflower) Seed Wax, Butylene Glycol, Lactobacillus Ferment, PEG75 Stearate, Acrylates/C1030 Alkyl Acrylate Crosspolymer, Steareth20, Ceteth20, Xanthan Gum, Polyglycerin3, Carbomer, Polysorbate 20, Phenoxyethanol, Sodium Hydroxide, Tetrasodium EDTA.",468,34214,1.7,0.0,https://www.sephora.com/product/ultra-repair-hydra-firm-sleeping-cream-P393076?icid2=products%20grid:p393076,1.7,22.35294117647059
Bye Bye Redness Neutralizing Color-Correcting Cream,IT Cosmetics,moisturizing-cream-oils-mists,34.0,"Cyclopentasiloxane, Silica, Peg/Ppg18/18 Dimethicone, Dimethicone/Vinyl Dimethicone Crosspolymer, Isododecane, Propanediol, Dimethicone, Polysilicone11, Lauryl Peg/Ppg18/18 Methicone, Peg10 Dimethicone, Magnesium Aluminum Silicate, Sodium Chloride, Polyglyceryl4 Isostearate, Butylene Glycol, Decyl Glucoside, Disteardimonium Hectorite, Cetyl Peg/Ppg10/1 Dimethicone, Methicone, Hexyl Laurate, Retinyl Palmitate, Ascorbyl Palmitate, Tocopheryl Acetate, Hydrolyzed Collagen, Hydrolyzed Silk, Acetyl Octapeptide3, Dipeptide Diaminobutyroyl Benzylamide Diacetate, Acetyl Hexapeptide8, Camellia Sinensis Leaf Extract, Caprylic/Capric Triglyceride, Aloe Barbadensis Leaf Extract, Olea Europaea (Olive) Leaf Extract, Punica Granatum Extract, Glycyrrhiza Glabra (Licorice) Root Extract, Carthamus Tinctorius (Safflower) Seed Oil, Vitis Vinifera (Grape) Seed Extract, Chamomilla Recutita (Matricaria) Flower Extract, Prunus Domestica Seed Oil, Persea Gratissima (Avocado) Oil, Perfluorodecalin, Niacinamide, Glycerin, Carbomer, Polysorbate 20, Palmitoyl Oligopeptide, Palmitoyl Tetrapeptide7, Ethylhexyl Palmitate, Silica Dimethyl Silylate, Hyaluronic Acid, Cholesteryl Nonanoate, Cholesteryl Oleyl Carbonate, Cholesteryl Chloride, Colloidal Oatmeal, Magnolia Acuminata Bark Extract, Chrysanthemum Parthenium (Feverfew) Extract, Citrus Grandis (Grapefruit) Peel Oil, Lithospermum Officinale Extract, Agaricus Bisporus (Mushroom) Extract, Glycine Soja (Soybean) Seed Extract, Curcuma Longa (Turmeric) Root Extract, Phenoxyethanol, Ethylhexylglycerin, [+/: Titanium Dioxide (Ci 77891), Iron Oxides (Ci 77492, Ci 77491, Ci 77499)]",737,37321,0.37,0.0,https://www.sephora.com/product/bye-bye-redness-neutralizing-correcting-cream-P411393?icid2=products%20grid:p411393,0.37,91.89189189189189
C.E.O Vitamin C Rich Hydration Cream,SUNDAY RILEY,moisturizing-cream-oils-mists,65.0,"Squalane, Dicaprylyl Carbonate, Tetrahexyldecyl Ascorbate, C1018 Triglycerides, Peg8 Beeswax, Polyglyceryl6 Distearate, Tapioca Starch, Hydrogenated Vegetable Oil, Prunus Amygdalus Dulcis Oil, Citric Acid, Ppg12/Smdi Copolymer, Glycerin, Citrus Tangerina Peel Oil, Sodium Acrylates Copolymer, Bisabolol, Jojoba Esters, Tocopherol, Caprylic/Capric Triglyceride, Limonene, Phenoxyethanol, Lecithin, Nylon12, Rosa Centifolia Flower Wax, Rosa Damascena Flower Wax, Sodium Phytate, Cetyl Alcohol, Polyglyceryl3 Beeswax, Butylene Glycol, Caprylyl Glycol, Alcohol Denat., Chlorphenesin, Citrus Australasica Fruit Extract, Polymethylsilsesquioxane, Terminalia Ferdinandiana Fruit Extract, Butyrospermum Parkii Butter Extract, Camellia Sinensis Leaf Extract, Citrus Junos Fruit Extract, Curcuma Longa Root Extract, Euterpe Oleracea Fruit Extract, Lippia Citriodora Flower Extract, Oenothera Biennis Seed Extract, Rosa Canina Fruit Extract, Alteromonas Ferment Extract, Benzyl Alcohol, Sodium Hyaluronate, Linalool, Dehydroacetic Acid.",815,42098,0.0,1.7,https://www.sephora.com/product/c-e-o-c-e-antioxidant-protect-repair-moisturizer-P416139?icid2=products%20grid:p416139,1.7,38.23529411764706
Noni Glow Face Oil,KORA Organics,moisturizing-cream-oils-mists,68.0,**From essential oils.,486,27179,0.0,1.01,https://www.sephora.com/product/noni-glow-face-oil-P418624?icid2=products%20grid:p418624,1.01,67.32673267326733
Camera Ready BB Cream SPF 35,Smashbox,moisturizing-cream-oils-mists,42.0,"Octinoxate 7.50%, Octisalate 4.00%, Oxybenzone 2.50%, Titanium Dioxide 1.10%, Dimethicone, Butylene Glycol, Phenyl Trimethicone, Pentylene Glycol, Glyceryl Stearate, Behenyl Alcohol, Trioctyldodecyl Citrate, Polymethylsilsesquioxane, Octyldodecyl Stearoyl Stearate, Peg40 Stearate, Polyglyceryl10 Pentastearate, Ammonium Acryloyldimethyltaurate/Vp Copolymer, Triticum Vulgare (Wheat) Germ Extract, Hordeum Vulgare (Barley) Extract/Extrait D'Orge, Cucumis Sativus (Cucumber) Fruit Extract, Laminaria Saccharina Extract, Pyrus Malus (Apple) Fruit Extract, Scutellaria Baicalensis Root Extract, Polyquaternium51, Acetyl Hexapeptide8, Trehalose, Oryzanol, Octyldodecyl Neopentanoate, Urea, Polyglyceryl6 Polyricinoleate, Propylene Glycol Laurate, Glycyrrhetinic Acid, Tocopheryl Acetate, Sucrose, Glycerin, Sodium Stearoyl Lactylate, Caffeine, Linoleic Acid, Cholesterol, Lecithin, Squalane, Sodium Pca, Isopropyl Titanium Triisostearate, Propylene Glycol Stearate, Stearic Acid, Polysorbate 20, Sorbitan Laurate, Xanthan Gum, Aluminum Hydroxide, Sodium Hyaluronate, Silica, Disodium Edta, Pentaerythrityl TetraDiTButyl Hydroxyhydrocinnamate, Sodium Dehydroacetate, Chlorphenesin, Phenoxyethanol, [+/ Titanium Dioxide (Ci 77891), Zinc Oxide (Ci 77947), Iron Oxides (Ci 77491, Ci 77492, Ci 77499), Mica] <iln37872></iln37872>",3000,80321,1.0,0.0,https://www.sephora.com/product/camera-ready-bb-cream-spf-35-P300339?skuId=1574896&icid2=products%20grid:p300339,1.0,42.0
Watermelon Glow Ultra-Fine Mist,Glow Recipe,moisturizing-cream-oils-mists,28.0,"Citrullus Lanatus (Watermelon) Fruit Extract, Citrullus Lanatus (Watermelon) Seed Oil, Oryza Sativa (Rice) Germ Oil, Moringa Oleifera Seed Extract, Glycine Soja (Soybean) Sterols, Oryza Sativa (Rice) Germ Extract, Cucurbita Pepo (Pumpkin) Seed Oil, Lithospermum Erythrorhizon Root Extract, Alkanna Tinctoria Root Extract, Hyaluronic Acid, Soy Amino Acids, Fructooligosaccharides, Centella Asiatica Extract, Hibiscus Sabdariffa Flower Extract, Natto Gum, Apple Cider Vinegar, Sorbitan Oleate, Scutellaria Baicalensis Root Extract, Paeonia Suffruticosa Root Extract, Glycyrrhiza Glabra (Licorice) Root Extract, BetaGlucan, Brassica Oleracea Capitata (Cabbage) Leaf Extract, Ipomoea Batatas Root Extract, Fragrance.",509,61716,2.53,0.0,https://www.sephora.com/product/watermelon-glow-ultra-fine-mist-P442744?icid2=products%20grid:p442744,2.53,11.067193675889328
Active Moist Moisturizer,Dermalogica,moisturizing-cream-oils-mists,66.0,"Caprylic/Capric Triglyceride, Methyl Gluceth20, Pentylene Glycol, Butylene Glycol, Dimethicone, Lactamide MEA, Ethylhexyl Methoxycinnamate, PEG100 Stearate, Cetearyl Alcohol Stearic Acid, Glyceryl Stearate, Lavandula Angustifolia (Lavender) Extract, Malva Sylvestris (Mallow) Flower/Leaf/Stem Extract, Hedera Helix (Ivy) Leaf/Stem Extract, Cucumis Sativus (Cucumber) Fruit Extract, Sambucus Nigra Flower Extract, Arnica Montana Flower Extract, Parietaria Officinalis Extract, Nasturtium Officinale Flower/Leaf Extract, Arctium Lappa Root Extract, Salvia Officinalis (Sage) Leaf Extract, Citrus Medica Limonum (Lemon) Fruit Extract, Saponaria Officinalis Leaf/Root Extract, Silk Amino Acids, Glycolipids, Sodium Hyaluronate, Leuconostoc/Radish Root Ferment Filtrate, Palmitoyl, Hydroxypropyltrimonium Amylopectin/Glycerin Crosspolymer, Lecithin, Vitis Vinifera (Grape) Seed Extract, Allantoin, Panthenol, Cetyl Alcohol, Polyquaternium10, Acrylates/C1030 Alkyl Acrylate Crosspolymer, Polysorbate 60, Aminomethyl Propanol, Disodium EDTA, Linalool, Lavandula Hybrida Oil.",35,4127,0.0,3.4,https://www.sephora.com/product/active-moist-P423142?icid2=products%20grid:p423142,3.4,19.411764705882355
Barrier+ Triple Lipid-Peptide Cream,Skinfix,moisturizing-cream-oils-mists,50.0,"Caprylic/Capric Triglyceride, Glycerin, Olus Oil (Vegetable Oil), Butyrospermum Parkii (Shea) Butter Extract, Cetyl Lactate, Propanediol, Caprylyl Caprylate/Caprate, C1216 Alcohols, Jojoba Oil/Macadamia Seed Oil Esters, Glyceryl Stearate Citrate, Palmitic Acid, Hydrogenated Lecithin, Ophiopogon Japonicus Root Extract, Tocopherol, Sodium Hyaluronate, Rosmarinus Officinalis (Rosemary) Leaf Extract, Helianthus Annuus (Sunflower) Extract, Phytosteryl Macadamiate, Phytosterols, Squalene, Aloe Barbadensis Leaf Juice, Oryza Sativa (Rice) Bran Extract, Phytosteryl Canola Glycerides, Glycine Soja (Soybean) Seed Extract, Pentylene Glycol, Hydrolyzed Rice Protein, Hydrogenated Vegetable Oil, Chondrus Crispus Extract, Dilinoleic Acid/Propanediol Copolymer, Ethylhexylglycerin, Phenoxyethanol, Potassium Sorbate, Trisodium Ethylenediamine Disuccinate, Citric Acid, Gluconolactone, Sodium Benzoate, Xanthan Gum.",107,4521,1.7,0.0,https://www.sephora.com/product/barrier-lipid-peptide-cream-P442840?icid2=products%20grid:p442840,1.7,29.411764705882355
Honey Drop Lightweight Moisturizer,Farmacy,moisturizing-cream-oils-mists,45.0,"Glycereth26, Glycerin, C1315 Alkane, Alcohol Denat., Camellia Japonica Seed Oil, Methyl Gluceth20, Echinacea Purpurea Root Extract, Honey Extract, Propolis Extract, Royal Jelly Extract, Hydrolyzed Hyaluronic Acid, Hydrolyzed Sodium Hyaluronate, Sodium Hyaluronate, Theobroma Grandiflorum Seed Butter,  Limnanthes Alba (Meadowfoam) Seed Oil, Paeonia Suffruticosa Root Extract, Scutellaria Baicalensis Root Extract, Allantoin, Melia Azadirachta Flower Extract, Lactobacillus/Soybean Ferment Extract, Melia Azadirachta Leaf Extract, Imperata Cylindrica Root Extract, Viscum Album (Mistletoe) Leaf Extract, Solanum Melongena (Eggplant) Fruit Extract, Ocimum Basilicum (Basil) Flower/Leaf Extract, Coccinia Indica Fruit Extract, Adenosine, Betaine, Capryloyl Glycerin/Sebacic Acid Copolymer, Curcuma Longa (Turmeric) Root Extract, Aloe Barbadensis Flower Extract, Corallina Officinalis Extract, Ocimum Sanctum Leaf Extract, Eclipta Prostrata Extract, Aroma (Flavor)*, Sorbitan Olivate, Sucrose Stearate, Acrylates/C1030 Alkyl Acrylate Crosspolymer,  Disodium Edta, Glyceryl Polyacrylate, Agar, Calcium Alginate, Mica, Iron Oxides (Ci 77492), Propanediol, 1,2Hexanediol, Diheptyl Succinate, Butylene Glycol, Carbomer, Hydroxyacetophenone, Tromethamine, Cetearyl Olivate, Phenoxyethanol, Caprylyl Glycol. *Natural Flavor.",732,39244,1.7,0.0,https://www.sephora.com/product/honey-drop-lightweight-moisturizer-with-echinacea-greenenvy-tm-P420698?icid2=products%20grid:p420698,1.7,26.47058823529412
Moisture Surge Intense Skin Fortifying Hydrator,CLINIQUE,moisturizing-cream-oils-mists,39.5,"Cyclopentasiloxane , Glycerin , Butylene Glycol , Dimethicone , Cetyl Ethylhexanoate , Squalane , Disteardimonium Hectorite , Peg/Ppg18/18 Dimethicone , Lauryl Peg9 Polydimethylsiloxyethyl Dimethicone , Ahnfeltia Concinna Extract , Olea Europaea (Olive) Fruit Extract , Caffeine , Whey Protein/Lactis Protein/Proteine Du PetitLait , Cholesterol , Sodium Hyaluronate , Petrolatum , Peg150 , Sucrose , Pyridoxine Dipalmitate , Linoleic Acid , Tocopheryl Acetate , Citric Acid , Polysilicone11 , Propylene Carbonate , Glyceryl Polymethacrylate , Peg8 , Aloe Barbadensis Leaf Extract , Triticum Vulgare (Wheat) Bran Extract , Pentaerythrityl TetraDiTButyl Hydroxyhydrocinnamate , Palmitoyl Hexapeptide12 , Sodium Citrate , Sodium Hexametaphosphate , Chlorphenesin , Phenoxyethanol <iln41257></iln41257>",938,25274,0.0,1.7,https://www.sephora.com/product/moisture-surge-intense-for-very-dry-to-dry-combination-skin-P302901?icid2=products%20grid:p302901,1.7,23.235294117647058
CC+ Airbrush Perfecting Powder,IT Cosmetics,moisturizing-cream-oils-mists,35.0,"Mica, Titanium Dioxide, Zinc Oxide, Lauroyl Lysine, Zinc Stearate, Ethylhexyl Palmitate, Silica, Hydrolyzed Collagen, Hyaluronic Acid, Niacinamide, Palmitoyl Tripeptide1, Palmitoyl Tetrapeptide7, Serica/Silk Powder/Poudre De Soie, Tocopherol, Glycine Soja (Soybean) Oil, Retinyl Palmitate, Silica Dimethyl Silylate, Ascorbyl Palmitate, Aloe Barbadensis Leaf Extract, Camellia Oleifera Leaf Extract, Camellia Sinensis Leaf Extract, Carica Papaya Fruit Extract, Chamomilla Recutita Flower Extract, Olea Europaea Fruit Extract, Punica Granatum Extract, Rosa Canina Fruit Extract, Vitis Vinifera Seed Extract, Cholesteryl Chloride, Cholesteryl Nonanoate, Cholesteryl Oleyl Carbonate, Glycerin, Butylene Glycol, Carbomer, Polysorbate 20, Phenoxyethanol, Bht, [+/: Iron Oxides (Ci 77499, Ci 77491, Ci 77492), Ultramarines (Ci 77007)].",263,33388,0.192,0.0,https://www.sephora.com/product/your-skin-but-better-cc-airbrush-perfecting-powder-spf-50-P411889?icid2=products%20grid:p411889,0.192,182.29166666666666
Royal Oil 1000mg Pure CBD Oil,Lord Jones,moisturizing-cream-oils-mists,100.0,Grape Seed Oil: Rich in antioxidant vitamin E and moisturizing fatty acids to combat free radical damage.,43,7262,1.0,0.0,https://www.sephora.com/product/royal-oil-100-mg-cbd-P445464?icid2=products%20grid:p445464,1.0,100.0
Cream Skin Toner & Moisturizer,LANEIGE,moisturizing-cream-oils-mists,33.0,"Butylene Glycol, Glycerin, Limnanthes Alba (Meadowfoam) Seed Oil, 1,2Hexanediol, Polyglyceryl 10 Stearate, Glyceryl Stearate Citrate, Sodium Stearoyl Glutamate, Inulin Lauryl Carbamate, Glyceryl Caprylate, Ethylhexylglycerin, Propanediol, Disodium Edta, Camellia Sinensis Leaf Extract, Tocopherol.",1000,20945,5.0,0.0,https://www.sephora.com/product/cream-skin-toner-moisturizer-P446930?icid2=products%20grid:p446930,5.0,6.6
Whipped Argan Oil Face Butter,Josie Maran,moisturizing-cream-oils-mists,42.0,**NATURA,805,31453,1.7,0.0,https://www.sephora.com/product/whipped-argan-oil-face-butter-P404338?icid2=products%20grid:p404338,1.7,24.705882352941178
Cold Plasma Sub-D Firming Neck Treatment,Perricone MD,moisturizing-cream-oils-mists,135.0,"Glycolic Acid, LTyrosine, Dimethyl MEA (DMAE), Isopropyl Palmitate, Acetyl Carnitine HCl, Arginine, Cetearyl Alcohol, Glyceryl Stearate, PEG100 Stearate, Phosphatidylcholine, Thioctic Acid (AlphaLipoic Acid), Rosa Moschata (Rosehip) Seed Oil, Vaccinium Macrocarpon (Cranberry) Seed Oil, Ceteareth20, Caffeine, Dimethicone, BHT, Saccaromyces Ferment, Magnesium Aspartate, Zinc Gluconate, Phenoxyethanol, Rhodiola Rosea Root Extract, Caprylyl Glycol, Phytic Acid, Carnosine, Disodium EDTA, Elaeis Guineensis (Palm) Oil, Astaxanthin, Copper Gluconate, Tocotrienols, Sorbic Acid, Parfum (Fragrance), Limonene, Tocopherol, Sodium Hyaluronate, Linalool, Alanyl Glutamine.",267,9679,0.0,2.0,https://www.sephora.com/product/cold-plasma-sub-d-anti-aging-neck-treatment-P270714?icid2=products%20grid:p270714,2.0,67.5
The Indigo Cream Soothing Skin Protectant,Tatcha,moisturizing-cream-oils-mists,85.0,"Squalane, Dimethicone, Propanediol, Glycerin, Diisostearyl Malate, Oryza Sativa (Rice) Bran Wax, Behenyl Alcohol, Saccharomyces/Camellia Sinensis Leaf/Cladosiphon Okamuranus/Rice Ferment Filtrate*, Indigofera Tinctoria Leaf Extract, Polygonum Tinctorium Leaf/Stem Extract, Avena Sativa (Oat) Kernel Extract, Sophora Japonica Flower Extract, Oryza Sativa (Rice) Germ Oil, Cocos Nucifera (Coconut) Oil, Inositol, Sericin, Tetrasodium Tetracarboxymethyl Naringeninchalcone, Amorphophallus Konjac Root Powder, Sodium Hyaluronate, Sorbitan Tristearate, Trihydroxystearin, Dimethicone/Vinyl Dimethicone Crosspolymer, Beheneth20, BisDiglyceryl Polyacyladipate2, Ethylhexylglycerin, Butylene Glycol, Sodium Dilauramidoglutamide Lysine, Disodium Edta, Ethylhexyl Palmitate, Sodium Acrylate/Acryloyldimethyltaurate/Dimethylacrylamide Crosspolymer, Phenoxyethanol, Titanium Dioxide (Ci77891), Tin Oxide (Ci 77861), Mica (Ci 77019).",151,14961,1.7,0.0,https://www.sephora.com/product/the-indigo-cream-soothing-skin-protectant-P434556?icid2=products%20grid:p434556,1.7,50.0
Celery Green Cream with Hyaluronic Acid + Peptides,Volition Beauty,moisturizing-cream-oils-mists,55.0,"Butylene Glycol, Glycerin, Cetearyl Olivate, Apium Graveolens (Celery) Seed Extract, Hydrolyzed Sodium Hyaluronate, Palmitoyl Tripeptide1, Palmitoyl Tetrapeptide7, Camellia Sinensis (Green Tea) Leaf Extract, Camellia Sinensis Leaf, Cucumis Melo Cantalupensis Fruit Extract, Cucumis Sativus (Cucumber) Fruit Extract, Glycine Soja (Soybean) Extract, Pyrus Malus (Apple) Fruit Extract, Rubus Idaeus (Raspberry) Fruit Extract, Salvia Officinalis (Sage) Leaf Extract, Lavandula Angustifolia (Lavender) Flower/Leaf/Stem Extract, Lactic Acid, Polysorbate 20, Calcium Stearate, Caprylic/Capric Triglyceride, Carbomer, Sorbitan Olivate, Ethylhexylglycerin, Sodium Benzoate, Sodium Hydroxide, Decyl Glucoside, Lauryl Glucoside, Bismuth Oxychloride, Chromium Oxide Greens, Citric Acid, Mica, Potassium Sorbate.",337,10349,1.7,0.0,https://www.sephora.com/product/celery-green-cream-with-hyaluronic-acid-peptides-P446929?icid2=products%20grid:p446929,1.7,32.35294117647059
Original Skin™ Matte Moisturizer with Willowherb,Origins,moisturizing-cream-oils-mists,36.0,"Dimethicone, Alcohol Denat., Glycerin, Silica, Butylene Glycol, Citrus Aurantium Dulcis (Orange) Peel Oil*, Citrus Limon (Lemon) Peel Oil*, Pelargonium Graveolens Flower Oil*, Lavandula Angustifolia (Lavender) Oil*, Amyris Balsamifera Bark Oil*, Citrus Aurantium Bergamia (Bergamot) Fruit Oil*, Eugenia Caryophyllus (Clove) Leaf Oil*, Rosa Damascena Flower Oil*, Eucalyptus Globulus Leaf Oil*, Zingiber Officinale (Ginger) Root Oil*, Mentha Viridis (Spearmint) Leaf Oil*, Limonene, Linalool, Citronellol, Citral, Geraniol, Eugenol, Dimethicone Crosspolymer, Ammonium Acryloyldimethyltaurate/Vp Copolymer, Pyrus Malus (Apple) Fruit Extract, Cucumis Sativus (Cucumber) Fruit Extract, Epilobium Angustifolium Flower\Leaf\Stem Extract, Cistus Incanus Flower/Leaf/Stem Extract, Sucrose**, Bambusa Vulgaris (Bamboo) Extract, Pisum Sativum (Pea) Extract, Castanea Sativa (Chestnut) Seed Extract, Albizia Julibrissin Bark Extract, Salicylic Acid, Caffeine, Arginine, Sodium Hyaluronate, Scutellaria Baicalensis Root Extract, Laminaria Saccharina Extract, Laminaria Digitata Extract, Phospholipids, Hydrolyzed Jojoba Esters, Glucosamine Hcl, Lauryl Peg9 Polydimethylsiloxyethyl Dimethicone, Dimethicone/Vinyl Dimethicone Crosspolymer, Beeswax\Cera Alba\Cire D'abeille, Caprylyl Glycol, Acrylates/C1030 Alkyl Acrylate Crosspolymer, Tocopheryl Acetate, Tromethamine, Silica Silylate, Hexylene Glycol, Sodium Polyacrylate, Disodium Edta, Phenoxyethanol, Mica, Titanium Dioxide (Ci 77891), Iron Oxides (Ci 77491). *Essential Oil. **Organic Sucrose (Brown Sugar).",2000,46364,0.0,1.7,https://www.sephora.com/product/original-skin-matte-moisturizer-with-willowherb-P422536?icid2=products%20grid:p422536,1.7,21.176470588235293
Cicapair™ Tiger Grass Cream,Dr. Jart+,moisturizing-cream-oils-mists,48.0,"Butylene Glycol, Propanediol, Caprylic/Capric Triglyceride, Cetearyl Alcohol, Hydrogenated Poly(C614 Olefin), Cetyl Ethylhexanoate, Polyglyceryl3 Methylglucose Distearate, Butyrospermum Parkii (Shea) Butter, Niacinamide, Vinyl Dimethicone, Macadamia Integrifolia Seed Oil, Glyceryl Stearate, Pentylene Glycol, 1,2Hexanediol, Diisostearyl Malate, Eryngium Maritimum Callus Culture Filtrate, Hydrogenated Vegetable Oil, Polymethylsilsesquioxane, Beeswax/Cire d'abeille, Cetearyl Olivate, Sorbitan Olivate, Madecassoside, Houttuynia Cordata Extract, Ilex Aquifolium (Holly) Leaf Extract, Streptococcus Thermophilus Ferment, Hydroxyethyl Acrylate/Sodium Acryloyldimethyl Taurate Copolymer, Achillea Millefolium Oil, Hydroxyacetophenone, Palmitic Acid, Stearic Acid, Lavandula Angustifolia (Lavender) Oil, Sodium Polyacryloyldimethyl Taurate, Carbomer, Xanthan Gum, Hydrogenated Polydecene, Tromethamine, Caramel, Citrus Aurantium Bergamia (Bergamot) Fruit Oil, Melia Azadirachta Leaf Extract, DNA, Melia Azadirachta Flower Extract, Adenosine, Sorbitan Isostearate, Asiaticoside, Disodium EDTA, Centella Asiatica Leaf Extract, Hedera Helix (Ivy) Extract, Coccinia Indica Fruit Extract, Trideceth10, Panthenol, Amber Powder, Solanum Melongena (Eggplant) Fruit Extract, Ethylhexylglycerin, Curcuma Longa (Turmeric) Root Extract, Ocimum Sanctum Leaf Extract, Corallina Officinalis Extract, Moringa Oleifera Seed Oil, Tocopherol, Calcium Chloride, Magnesium Sulfate, Asiatic Acid, Madecassic Acid, Centella Asiatica Extract.",1000,41452,1.69,0.0,https://www.sephora.com/product/cicapair-tiger-grass-cream-P411539?icid2=products%20grid:p411539,1.69,28.402366863905325
Grape Water,Caudalie,moisturizing-cream-oils-mists,10.0,"Vitis Vinifera (Grape) Fruit Water*, Vitis Vinifera (Grape) Juice*, Nitrogen. *Plant origin.",1000,91104,0.0,2.5,https://www.sephora.com/product/grape-water-P12045?icid2=products%20grid:p12045,2.5,4.0
Argan Daily Moisturizer SPF 47 ,Josie Maran,moisturizing-cream-oils-mists,34.0,**Natural.,1000,36992,0.0,2.0,https://www.sephora.com/product/argan-daily-moisturizer-spf-47-P385679?icid2=products%20grid:p385679,2.0,17.0
High-Potency Night-a-Mins™ Resurfacing Cream with Fruit-Derived AHAs,Origins,moisturizing-cream-oils-mists,46.0,* essential oil,1000,10191,1.7,0.0,https://www.sephora.com/product/high-potency-night-a-mins-tm-resurfacing-cream-with-fruit-derived-ahas-P434360?icid2=products%20grid:p434360,1.7,27.058823529411764
Squalane + Tea Tree Balancing Oil,Biossance,moisturizing-cream-oils-mists,49.0,"Squalane, C1315 Alkane, Caprylic/Capric Triglyceride, Oryza Sativa (Rice) Bran Extract, Melaleuca Alternifolia (Tea Tree) Leaf Oil, Salix Alba (Willow) Bark Extract, Helianthus Annuus (Sunflower) Extract, Helianthus Annuus (Sunflower) Seed Oil, Physalis Angulata Extract, Lavandula Angustifolia (Lavender) Oil, Rosmarinus Officinalis (Rosemary) Leaf Extract, Tocopherol, Limonene, Linalool.",425,15983,1.01,0.0,https://www.sephora.com/product/squalane-tea-tree-balancing-oil-P442551?icid2=products%20grid:p442551,1.01,48.51485148514851
Dynamic Skin Recovery SPF50 Moisturizer,Dermalogica,moisturizing-cream-oils-mists,75.0,"Ethylhexyl Methoxycinnamate, Butylene Glycol, Carthamus Tinctorius Oleosomes, C1215 Alkyl Benzoate, Cyclopentasiloxane, Glycerin, Butyl Methoxydibenzoylmethane, Dimethicone, Dimethyl Capramide, Palmitoyl Tripeptide5, Aniba Rosaeodora Wood Oil, Rose Flower Oil, Pelargonium Graveolens Flower Oil, Helianthus Annuus Seed Oil, Eugenia Caryophyllus Leaf/Flower Oil, Citrus Medica Limonum Peel Oil, Saccharomyces Cerevisiae Extract, Citrus Medica Limonum Peel Extract, Camellia Sinensis Leaf Extract, Algae Extract, Dipotassium Glycyrrhizate, Lecithin, Glucosamine HCL, Arginine/Lysine Polypeptide, Tocopheryl Acetate, Squalane, Sodium Hyaluronate, Polysilicone11, Glycine Soja Protein, 1,2Hexanediol, Caprylic/Capric Triglyceride, Cetearyl Alcohol, Stearic Acid, Ceteareth20, Sodium Polyacrylate, Hydroxyethyl Acrylate/Sodium Acryloyldimethyl Taurate Copolymer, Sodium Acrylates Copolymer, Decyl Glucoside, Polysorbate 80, Urea, Galactoarabinan, Glyceryl Polyacrylate, Polysorbate 60, Aminomethyl Propanol, Disodium EDTA, Phenoxyethanol, Ethylhexylglycerin, Linalool, Eugenol, Limonene, Geraniol, Citronellol, CI 77891",118,5412,1.7,0.0,https://www.sephora.com/product/dynamic-skin-recovery-spf50-P443354?icid2=products%20grid:p443354,1.7,44.11764705882353
SEA drink of H2O hydrating boost moisturizer,tarte,moisturizing-cream-oils-mists,39.0,"Butylene Glycol, Dimethicone, Glycerin, Hydroxyethyl Acrylate/Sodium Acryloyldimethyl Taurate Copolymer, Squalane, Phenoxyethanol, Ammonium Acryloyldimethyltaurate/VP Copolymer, Polysorbate 60, Caprylyl Glycol, Enteromorpha Compressa Extract, Citrus Aurantium Dulcis (Orange) Peel Oil, Disodium EDTA, Propanediol, Sea Salt Extract, Hexylene Glycol, Lavandula Angustifolia (Lavender) Oil, Phospholipids, Stearoyl Inulin, Cocos Nucifera (Coconut) Oil, Hyaluronic Acid, Silanetriol, Limonene, Citric Acid, Sorbic Acid, Sodium Anisate, Sodium Levulinate, Linalool, Potassium Sorbate, Sodium Benzoate, Helianthus Annuus (Sunflower) Seed Oil, Tocopherol, Algae Extract, Gardenia Taitensis Flower Extract, Blue 1 (CI 42090).",1000,65666,0.0,1.7,https://www.sephora.com/product/sea-drink-h2o-hydrating-boost-moisturizer-P405599?icid2=products%20grid:p405599,1.7,22.941176470588236
Lapis Balancing Facial Oil,Herbivore,moisturizing-cream-oils-mists,72.0,"Amaranthus Squalane Oil, Simmondsia Chinensis (Jojoba) Seed Oil, Capric Triglycerides (Fractionated Coconut Oil), Aleurites Moluccana (Kukui) Nut Oil, Tocopherol (Vitamin E), Tanacetum Annuum (Blue Tansy) Leaf Oil, Jasminum Sambac (Jasmine) Absolute, Rosa Damascena (Moroccan Rose) Absolute.",699,44878,1.7,0.0,https://www.sephora.com/product/lapis-oil-balancing-facial-oil-P400203?icid2=products%20grid:p400203,1.7,42.35294117647059
Vinosource SOS Intense Hydration Moisturizer,Caudalie,moisturizing-cream-oils-mists,42.0,"Glycerin*, Squalane*, Ethylhexyl Cocoate*, Ethylhexyl Palmitate*, Cetearyl Alcohol*, Vitis Vinifera (Grape) Fruit Water*, Borago Officinalis Seed Oil*, Potassium Cetyl Phosphate, CocoCaprylate/Caprate*, Cetearyl Wheat Straw Glycosides*, Caprylic/Capric Triglyceride*, Palmitoyl Grape Seed Extract*, Vitis Vinifera (Grape) Juice*, Crithmum Maritimum Extract*, Sodium Carboxymethyl BetaGlucan, Sodium Hyaluronate, Oleyl Alcohol*, Cetearyl Glucoside*, Hydrogenated Olive Oil Stearyl Esters*, Parfum (Fragrance), Tocopheryl Acetate*, Carbomer, Caprylyl Glycol, Hydrogenated Vegetable Oil*, Helianthus Annuus (Sunflower) Seed Oil*, Citric Acid*, Sodium Hydroxide, Tocopherol*, Acrylates/C1030 Alkyl Acrylate Crosspolymer, Potassium Sorbate, Sodium Benzoate.",232,15683,0.0,1.6,https://www.sephora.com/product/vinosource-sos-deep-hydration-moisturizer-P442852?icid2=products%20grid:p442852,1.6,26.25
Nourishing Moisturizer - Hydrate & Repair,SEPHORA COLLECTION,moisturizing-cream-oils-mists,17.0,"CocoCaprylate/Caprate, Isononyl Isononanoate, C1018 Triglycerides, Decyl Oleate, Isostearyl Isostearate, Glyceryl Oleate Citrate, Stearyl Heptanoate, Hydroxypropyl Starch Phosphate, Cetearyl Glucoside, Glyceryl Stearate, Sorbitan Olivate, Stearyl Caprylate, Hydroxyethyl Acrylate/Sodium Acryloyldimethyl Taurate Copolymer, Persea Gratissima (Avocado) Oil, Rosa Rubiginosa Seed Oil, Sclerocarya Birrea Seed Oil, Cetearyl Alcohol, Squalane, Hydroxyacetophenone, Carbomer, Hydrogenated Rapeseed Oil, Fragrance, Tocopherol, Butylene Glycol, Gellan Gum, 1,2Hexanediol, Caprylyl Glycol, OCymen5Ol, Sodium Hydroxide, Sodium Polyacrylate, Polysorbate 60, Helianthus Annuus (Sunflower) Seed Oil, Sorbitan Isostearate, Sodium Chloride, Citric Acid.",402,22919,0.0,0.0,https://www.sephora.com/product/nourishing-moisturizer-hydrate-repair-P438620?icid2=products%20grid:p438620,2.0673014048531417,8.223280824020751
C.E.O Glow Vitamin C + Turmeric Face Oil,SUNDAY RILEY,moisturizing-cream-oils-mists,40.0,"Rubus Idaeus (Cold Pressed Red Raspberry) Seed Oil, Neopentyl Glycol Diethylhexanoate, Caprylyl Caprylate/Caprate, Simmondsia Chineses (Jojoba) Seed Oil, Vaccinium Macrocarpon (Cold Pressed Cranberry) Seed Oil, Punica Granatum (Cold Pressed Pomegranate) Seed Oil, Cucumis Sativus (Cucumber) Seed Oil, Oenothera Biennis (Evening Primrose) Seed, Tetrahexyldecyl Ascorbate, Octyldodecanol, Curcuma Longa (Turmeric) Root Extract, Helianthus Annuus (Sunflower) Seed Oil Unsaponifiables, Citrus Aurantium Amara (Bitter Orange) Flower Oil, Eclipta Prostrata Extract, Melia Azadirachta Leaf Extract, Moringa Oleifera Seed Oil, Tocopherol, Helianthus Annuus (Sunflower) Seed Oil, Pentylene Glycol, 4tButylcyclohexanol, Ribes Nigrum (Black Current) Seed Oil, Bisabolol, Cetylhydroxyproline Palmitamide, Hexyldecanol, Hydroxyphenyl Propamidobenzoic Acid, Stearic Acid, Brassica Campestris (Rapeseed) Sterols, Cardiospermum Halicacabum Flower/ Leaf/ Vine Extract, Zingiber Officinale, Rosemarinus Officinalis (Rosemary) Leaf Extract.",265,23021,0.0,0.5,https://www.sephora.com/product/c-e-o-glow-vitamin-c-turmeric-face-oil-P442761?icid2=products%20grid:p442761,0.5,80.0
Micro Essence Skin Activating Treatment Lotion,Estée Lauder,moisturizing-cream-oils-mists,100.0,"Bifida Ferment Lysate, Peg75, Propanediol, Butylene Glycol, Betaine, Pentylene Glycol, Lactobacillus Ferment, Acetyl Hexapeptide8, Acetyl Glucosamine, Trehalose, Caffeine, Sodium Hyaluronate, Anthemis Nobilis (Chamomile), Caprylyl Glycol, Carbomer, Ppg5Ceteth20, Citric Acid, Potassium Sorbate, Sodium Citrate, Tromethamine, Disodium Edta, Phenoxyethanol <iln40033>.</iln40033>",62,17981,0.0,5.0,https://www.sephora.com/product/micro-essence-skin-activating-treatment-lotion-P387619?icid2=products%20grid:p387619,5.0,20.0
Redness Solutions with Probiotic Technology Daily Relief Cream,CLINIQUE,moisturizing-cream-oils-mists,49.5,"Bifida Ferment Lysate, Peg75, Propanediol, Butylene Glycol, Betaine, Pentylene Glycol, Lactobacillus Ferment, Acetyl Hexapeptide8, Acetyl Glucosamine, Trehalose, Caffeine, Sodium Hyaluronate, Anthemis Nobilis (Chamomile), Caprylyl Glycol, Carbomer, Ppg5Ceteth20, Citric Acid, Potassium Sorbate, Sodium Citrate, Tromethamine, Disodium Edta, Phenoxyethanol <iln40033>.</iln40033>",543,13748,1.7,0.0,https://www.sephora.com/product/redness-solutions-daily-relief-cream-P201440?icid2=products%20grid:p201440,1.7,29.11764705882353
GENIUS Ultimate Anti-Aging Cream,Algenist,moisturizing-cream-oils-mists,112.0,"Water (Aqua, Eau), Caprylic/Capric Triglyceride, Hydrogenated Polyisobutene, Glycerin, Chlorella Protothecoides Oil, Dimethicone, Butylene Glycol, Glyceryl Stearate, PEG100 Stearate, Butyrospermum Parkii (Shea) Butter, Pentylene Glycol, Potassium Cetyl Phosphate, Parachlorella Beijerinckii Exopolysaccharides, Collagen (Vegan)*,  Ceramide NP, Cynara Scolymus (Artichoke) Leaf Extract, Retinyl Palmitate, Astragalus Membranaceus Root Extract, Atractylodes Macrocephala Root Extract,  Iris Florentina Root Extract, Bupleurum Falcatum Root Extract, Copper Lysinate/Prolinate, Methylglucoside Phosphate, Stearalkonium Bentonite, Acrylates/C1030 Alkyl Acrylate Crosspolymer, Silica, Caprylyl Glycol, Sodium Hydroxide, Disodium EDTA, Ethylhexylglycerin, Cetyl Alcohol, Propylene Carbonate, Quartz, Phenoxyethanol,  Leuconostoc/Radish Root Ferment Filtrate, Chlorphenesin, Fragrance (Parfum), Coumarin.",459,15874,0.0,2.0,https://www.sephora.com/product/genius-ultimate-anti-aging-cream-P384537?icid2=products%20grid:p384537,2.0,56.0
Rose Gold Elixir – 24k Gold Infused Beauty Oil,FARSÁLI,moisturizing-cream-oils-mists,54.0,"Rosa Rubiginosa (Rosehip) Seed Oil, Carthamus Tinctorius (Safflower) Seed Oil, Cucurbita Pepo (Pumpkin) Seed Oil, Gold, Cymbopogon Flexuosus (Lemongrass) Oil, Citrus Aurantium Dulcis (Orange) Peel Oil, Tocopheryl Acetate (Vitamin E).",1000,115958,0.0,1.0,https://www.sephora.com/product/rose-gold-elixir-P417139?icid2=products%20grid:p417139,1.0,54.0
Moisture Surge CC Cream Hydrating Colour Corrector Broad Spectrum SPF 30,CLINIQUE,moisturizing-cream-oils-mists,39.5,"Squalane, Octyldodecyl Neopentanoate, Butylene Glycol, Propanediol, Glyceryl Stearate, Behenyl Alcohol, Peg40 Stearate, Polyglyceryl10 Pentastearate, Aloe Barbadensis Leaf Thermus Thermophillus Ferment, Trehalose, Caffeine, Glycerin, Linoleic Acid, Lecithin, Stearic Acid, Hydrogenated Lecithin, Sorbitol, Polyglyceryl6 Polyricinoleate, Tocopheryl Acetate, Ammonium Acryloyldimethyltaurate/Vp Copolymer, Sodium Stearoyl Lactylate, Sodium Hyaluronate, Tetrahexyldecyl Ascorbate, Pentaerythrityl TetraDiTButyl Hydroxyhydrocinnamate, Isopropyl Titanium Triisostearate, Synthetic Fluorphlogopite, Xanthan Gum, Silica, Alumina, Sodium Dehydroacetate, Tin Oxide, Disodium Edta, Phenoxyethanol,  [+/ Mica, Titanium Dioxide (Ci 77891), Iron Oxides (Ci 77492), Iron Oxides (Ci 77491), Iron Oxides (Ci 77499)]",752,29600,1.4,0.0,https://www.sephora.com/product/moisture-surge-cc-cream-hydrating-colour-corrector-broad-spectrum-spf-30-P378639?icid2=products%20grid:p378639,1.4,28.214285714285715
Renewed Hope in A Jar Facial Moisturizer,philosophy,moisturizing-cream-oils-mists,39.0,"Cyclopentasiloxane, Stearic Acid, Glycerin, Butylene Glycol, C1215 Alkyl Benzoate, Glycolic Acid, Dimethicone, Polyacrylamide, Cetearyl Alcohol, Phenoxyethanol, Sodium Hydroxide, C1314 Isoparaffin, Dimethicone Crosspolymer, Ceteareth20, Ammonium Acryloyldimethyltaurate/Vp Copolymer, Polysilicone11, Acrylates/C1030 Alkyl Acrylate Crosspolymer, Laureth7, Citric Acid, Chlorphenesin, Mandelic Acid, Tocopheryl Acetate, Synthetic Fluorphlogopite, Ethlhexyl Palmitate, Propanediol, Fragrance, Disodium Edta, Adenosine, Evodia Rutaecarpa Fruit Extract, Limonene, Yeast Extract, Magnesium Stearate, Opuntia Coccinellifera Flower Extract, Silica Dimethyl Silylate, Caprylyl Glycol, Bht, Ethylhexylglycerin, Hyaluronic Acid, Silanetriol, Sodium Hyaluronate, Sorbic Acid, Hexylene Glycol, Bismuth Oxychloride (Ci 77163).",562,34274,0.0,2.0,https://www.sephora.com/product/renewed-hope-in-jar-refreshing-refining-moisturizer-P392232?icid2=products%20grid:p392232,2.0,19.5
"Facial Spray with Aloe, Herbs and Rosewater",Mario Badescu,moisturizing-cream-oils-mists,12.0,"Propylene Glycol, Aloe Barbadensis Leaf Juice, Rosa Canina Extract, Thymus Vulgaris (Thyme) Leaf Extract, Fucus Vesiculosus Extract, Gardenia Florida Fruit Extract, Caprylyl Glycol, Hexylene Glycol, Polysorbate 20, Fragrance, Phenoxyethanol, Sodium Chloride, Citronellol, Geraniol, CI 17200 (Red 33), CI 42090 (Blue 1).",178,25792,0.0,8.0,https://www.sephora.com/product/mario-badescu-facial-spray-with-aloe-herbs-rosewater-P440482?icid2=products%20grid:p440482,8.0,1.5
Seaberry Moisturizing Face Oil,Fresh,moisturizing-cream-oils-mists,53.0,"Vitis Vinifera (Grape)Seed Oil, Camellia Oleifera Seed Oil,Prunus Amygdalus Dulcis (Sweet Almond)Oil, Hippophae Rhamnoides Oil, Rosmarinus Officinalis (Rosemary) LeafExtract, Vaccinium Macrocarpon (Cranberry) Seed Oil, Tocopheryl Acetate,Tocopherol, Ascorbyl Tetraisopalmitate,Parfum (Fragrance), BHT, Linalool,Limonene, Citral, Coumarin, Geraniol.",1000,51190,0.0,1.6,https://www.sephora.com/product/seaberry-moisturizing-face-oil-P374948?icid2=products%20grid:p374948,1.6,33.125
Water Bank Hydro Gel,LANEIGE,moisturizing-cream-oils-mists,38.0,"Propanediol, Glycerin, Methyl Trimethicone, Phenyl Trimethicone, Caprylyl Methicone, 1,2Hexanediol, Dicaprylyl Carbonate, Sea Water/Maris Aqua/Eau De Mer, Saccharide Isomerate, Hydrogenated Lecithin, Ammonium Acryloyldimethyltaurate/Vp Copolymer, Hydrogenated Polyisobutene, Hydroxyethyl Acrylate/Sodium Acryloyldimethyl Taurate Copolymer, Cetearyl Alcohol, Butylene Glycol, Fragrance, Glyceryl Caprylate, Glyceryl Stearate, Stearic Acid, Ethylhexylglycerin, Disodium Edta, Acrylates/C1030 Alkyl Acrylate Crosspolymer, Tromethamine, Sorbitan Isostearate, Polyglyceryl3 Methylglucose Distearate, Hyaluronic Acid, Magnesium Sulfate, Calcium Chloride, Linalool, Sodium Citrate, Citric Acid, Hexyl Cinnamal, Benzyl Salicylate, Butylphenyl Methylpropional, Limonene, Beta Vulgaris (Beet) Root Extract/Extrait De Racine De Betterave, Geraniol, Citronellol, AlphaIsomethyl Ionone, Manganese Sulfate, Chenopodium Quinoa Seed Extract, Tocopherol, Zinc Sulfate, Lecithin, Brassica Oleracea Acephala Leaf Extract, Nasturtium Officinale Extract, Glycine Soja (Soybean) Oil, Lepidium Sativum Sprout Extract, Ascorbyl Glucoside.",241,6050,1.6,0.0,https://www.sephora.com/product/water-bank-hydro-gel-P448188?icid2=products%20grid:p448188,1.6,23.75
Charlotte's Magic Cream Mini,Charlotte Tilbury,moisturizing-cream-oils-mists,29.0,"Homosalate, Glyceryl Stearate Se, Ethylhexyl Salicylate, Butylene Glycol, Glycerin, Butyl Methoxydibenzoylmethane, Octocrylene, Cetyl Alcohol, C1215 Alkyl Benzoate, Cyclopentasiloxane, Dimethicone, Phenoxyethanol, Butyrospermum Parkii (Shea Butter), Steareth21, Avena Sativa (Oat) Kernel Extract, Carbomer, Dimethiconol, Potassium Cetyl Phosphate, Chlorphenesin, Caprylyl Glycol, Xanthan Gum, Hydrolyzed Viola Tricolor Extract, Allantoin, Aloe Barbadensis Leaf Juice, Disodium Edta, Tocopheryl Acetate, Camellia Oleifera Seed Oil, Rosa Canina Fruit Oil, Rosa Damascena Extract, Sodium Hydroxide, Helianthus Annuus (Sunflower) Seed Oil, Michelia Alba Leaf Oil, Sodium Lactate, CocoGlucoside, Peg8, Ethylhexylglycerin, Sodium Hyaluronate, Tocopherol, Palmitoyl Tetrapeptide7, Palmitoyl Tripeptide1, Ascorbyl Palmitate, Plumeria Rubra Flower Extract, Ascorbic Acid, Citric Acid, Nicotiana Sylvestris Leaf Cell Culture, Linalool, Citronellol, Geraniol.",52,11491,0.0,0.5,https://www.sephora.com/product/charlotte-s-magic-cream-mini-P435975?icid2=products%20grid:p435975,0.5,58.0
Capture Dreamskin Care & Perfect,Dior,moisturizing-cream-oils-mists,150.0,"Homosalate, Glyceryl Stearate Se, Ethylhexyl Salicylate, Butylene Glycol, Glycerin, Butyl Methoxydibenzoylmethane, Octocrylene, Cetyl Alcohol, C1215 Alkyl Benzoate, Cyclopentasiloxane, Dimethicone, Phenoxyethanol, Butyrospermum Parkii (Shea Butter), Steareth21, Avena Sativa (Oat) Kernel Extract, Carbomer, Dimethiconol, Potassium Cetyl Phosphate, Chlorphenesin, Caprylyl Glycol, Xanthan Gum, Hydrolyzed Viola Tricolor Extract, Allantoin, Aloe Barbadensis Leaf Juice, Disodium Edta, Tocopheryl Acetate, Camellia Oleifera Seed Oil, Rosa Canina Fruit Oil, Rosa Damascena Extract, Sodium Hydroxide, Helianthus Annuus (Sunflower) Seed Oil, Michelia Alba Leaf Oil, Sodium Lactate, CocoGlucoside, Peg8, Ethylhexylglycerin, Sodium Hyaluronate, Tocopherol, Palmitoyl Tetrapeptide7, Palmitoyl Tripeptide1, Ascorbyl Palmitate, Plumeria Rubra Flower Extract, Ascorbic Acid, Citric Acid, Nicotiana Sylvestris Leaf Cell Culture, Linalool, Citronellol, Geraniol.",160,17022,0.0,1.6,https://www.sephora.com/product/capture-totale-dreamskin-advanced-P415619?icid2=products%20grid:p415619,1.6,93.75
The Moisturizing Cool Gel Cream,La Mer,moisturizing-cream-oils-mists,180.0,"Water\Aqua\Eau, Cyclopentasiloxane, Algae (Seaweed) Extract, Glycerin, Cyclohexasiloxane, Butylene Glycol, Dimethicone, Ammonium Acryloyldimethyltaurate/Vp Copolymer, Citrus Aurantifolia (Lime) Peel Extract, Octyldodecyl Stearoyl Stearate, Limnanthes Alba (Meadowfoam) Seed Oil, Sesamum Indicum (Sesame) Seed Oil, Medicago Sativa (Alfalfa) Seed Powder, Helianthus Annuus (Sunflower) Seedcake, Prunus Amygdalus Dulcis (Sweet Almond) Seed Meal, Eucalyptus Globulus (Eucalyptus) Leaf Oil, Sodium Gluconate, Copper Gluconate, Calcium Gluconate, Magnesium Gluconate, Zinc Gluconate, Tocopheryl Succinate, Niacin, Sesamum Indicum (Sesame) Seed Powder, Hypnea Musciformis (Algae) Extract, Sigesbeckia Orientalis (St. Paul's Wort) Extract, Acetyl Hexapeptide8, Sorbitol, Palmitoyl Hexapeptide12, Gellidiella Acerosa Extract, Chondrus Crispus (Carrageenan) Extract, Niacinamide, Sucrose, Laminaria Digitata Extract, Peg8, Sodium Hyaluronate, Squalane, Trehalose, Saccharide Isomerate, Oleth10, Tocopheryl Acetate, Caffeine, Glyceryl Polymethacrylate, Alcohol Denat., Hydrogenated Lecithin, Fragrance (Parfum), Disodium Edta, Bht, Linalool, Hydroxycitronellal, Citronellol, Geraniol, Limonene, Potassium Sorbate, Phenoxyethanol.",70,6117,0.0,1.0,https://www.sephora.com/product/the-moisturizing-cool-gel-cream-P429637?icid2=products%20grid:p429637,1.0,180.0
Dr. Andrew Weil For Origins™ Mega-Bright SPF 30 Skin Tone Correcting Oil-Free Moisturizer,Origins,moisturizing-cream-oils-mists,59.0,"Butyloctyl Salicylate, Behenyl Alcohol, Nylon12, Octyldodecyl Neopentanoate, Butylene Glycol, Dimethicone, Myristyl Myristate, Cetyl Esters, Ascorbyl Glucoside, Polyethylene, Ammonium Acryloyldimethyltaurate/Vp Copolymer, Citrus Aurantium Dulcis (Orange) Peel Oil*, Pelargonium Graveolens Flower Oil*, Cananga Odorata Flower Oil*, Eugenia Caryophyllus (Clove) Bud Oil*, Rosa Damascena Flower Oil*, Jasminum Officinale (Jasmine) Oil*, Viola Odorata Flower/Leaf Extract, Polianthes Tuberosa Extract, Farnesol, Eugenol, Benzyl Salicylate, Citronellol, Citral, Benzyl Benzoate, Geraniol, Rosa Roxburghii Fruit Extract, Paeonia Albiflora (Peony) Root Extract, Molasses Extract\Saccharum Officinarum\Extrait De Mélasse, Citrus Grandis (Grapefruit) Peel Extract, Triticum Vulgare (Wheat) Germ Extract, Hordeum Vulgare (Barley) Extract\Extrait D'Orge, Palmaria Palmata Extract, Morus Nigra (Mulberry) Root Extract, Punica Granatum (Pomegranate) Fruit Juice, Scutellaria Baicalensis Root Extract, Hydrolyzed Rice Bran Extract, Gentiana Lutea (Gentian) Root Extract, Curcuma Longa (Turmeric) Root Extract, Vitis Vinifera (Grape) Fruit Extract, Sucrose**, Glyceryl Stearate, Peg100 Stearate, Peg6, Glycerin, Cholesterol, Linoleic Acid, Salicylic Acid, DiPpg2 Myreth10 Adipate, Sodium Hyaluronate, Betaine, Dipotassium Glycyrrhizate, Steareth21, Trehalose, Tocopheryl Acetate, Myristyl Laurate, Trisiloxane, DiC1218 Alkyl Dimonium Chloride, Caprylyl Glycol, Squalane, Myristyl Alcohol, Tromethamine, Sodium Dehydroacetate, Hexylene Glycol, Sodium Hydroxide, Phenoxyethanol, Mica*, Essential Oil**, Organic Sucrose (Brown Sugar).",182,16494,1.7,0.0,https://www.sephora.com/product/dr-andrew-weil-for-origins-mega-bright-spf-30-skin-tone-correcting-oil-free-moisturizer-P385253?icid2=products%20grid:p385253,1.7,34.705882352941174
Hello FAB Coconut Water Cream,First Aid Beauty,moisturizing-cream-oils-mists,34.0,"Cocos Nucifera (Coconut) Fruit Juice, Glucose, Maltodextrin, Aqua (Eau), Dimethicone, Cyclopentasiloxane, Sodium Acrylate/Sodium Acryloyldimethyl Taurate Copolymer, Cocos Nucifera (Coconut) Fruit Extract, Alteromonas Ferment Filtrate, Pyrus Malus (Apple) Fruit Extract, Prunus Armeniaca (Apricot) Fruit Extract, Vanilla Planifolia Fruit Extract, Sodium Hyaluronate, Sea Salt (Maris Sal, Sal Marin), Lycium Barbarum Fruit Extract, Glycyrrhiza Glabra (Licorice) Root Extract, Chrysanthemum Parthenium (Feverfew) Extract, Camellia Sinensis Leaf Extract, Dipteryx Odorata Seed Extract, Coffea Arabica (Coffee) Seed Extract, Caprylyl Glycol, Caprylic/Capric Triglyceride, Butylene Glycol, Hydrogenated Polydecene, Dimethicone Crosspolymer, Dipropylene Glycol, Cetyl Diglyceryl Tris(Trimethylsiloxy)silylethyl Dimethicone, Phenoxyethanol, Laureth8.",671,31468,1.7,0.0,https://www.sephora.com/product/coconut-water-cream-P426707?icid2=products%20grid:p426707,1.7,20.0
Double-Duty Face Moisturizer Broad Spectrum SPF 20,Jack Black,moisturizing-cream-oils-mists,28.0,"Cocos Nucifera (Coconut) Fruit Juice, Glucose, Maltodextrin, Aqua (Eau), Dimethicone, Cyclopentasiloxane, Sodium Acrylate/Sodium Acryloyldimethyl Taurate Copolymer, Cocos Nucifera (Coconut) Fruit Extract, Alteromonas Ferment Filtrate, Pyrus Malus (Apple) Fruit Extract, Prunus Armeniaca (Apricot) Fruit Extract, Vanilla Planifolia Fruit Extract, Sodium Hyaluronate, Sea Salt (Maris Sal, Sal Marin), Lycium Barbarum Fruit Extract, Glycyrrhiza Glabra (Licorice) Root Extract, Chrysanthemum Parthenium (Feverfew) Extract, Camellia Sinensis Leaf Extract, Dipteryx Odorata Seed Extract, Coffea Arabica (Coffee) Seed Extract, Caprylyl Glycol, Caprylic/Capric Triglyceride, Butylene Glycol, Hydrogenated Polydecene, Dimethicone Crosspolymer, Dipropylene Glycol, Cetyl Diglyceryl Tris(Trimethylsiloxy)silylethyl Dimethicone, Phenoxyethanol, Laureth8.",366,15396,0.0,3.3,https://www.sephora.com/product/double-duty-face-moisturizer-broad-spectrum-spf-20-P40629?icid2=products%20grid:p40629,3.3,8.484848484848484
THIRSTYMUD™ Hydrating Treatment Mask,GLAMGLOW,moisturizing-cream-oils-mists,59.0,"Caprylic/Capric Triglyceride, Glycerin, Butylene Glycol, Cyclopentasiloxane, Glyceryl Polymethacrylate, Pyrus Malus (Apple) Fruit Extract, Peg8, Glyceryl Stearate, Peg100 Stearate, Cetearyl Alcohol, Sodium Polyacryloyldimethyl Taurate, Saccharide Isomerate, Caprylyl Glycol, Olea Europaea (Olive) Leaf Powder, Avena Sativa (Oat) Bran Extract, Hydrogenated Polydecene, Polysorbate 60, Cetyl Alcohol, Zingiber Officinale (Ginger) Root Extract, Menthoxypropanediol, Honey/Mel/Miel, Aminomethyl Propanol, Camellia Sinensis (Green Tea) Leaf Powder, Acrylates/C1030 Alkyl Acrylate Crosspolymer, Ethylhexylglycerin, Tocopheryl Acetate, Allantoin, Kaolin, Hexylene Glycol, Buteth3, Trideceth10, Benzophenone4, Sodium Benzotriazolyl Butylphenol Sulfonate, Cocos Nucifera (Coconut) Fruit Extract, Sodium Hyaluronate, Alcohol, Tris(Tetramethylhydroxypiperidinol) Citrate, Fragrance, Coumarin, Linalool, Tetrahexyldecyl Ascorbate, Disodium Edta, Sodium Benzoate, Potassium Sorbate, Phenoxyethanol <iln42254></iln42254>",1000,99256,0.0,1.7,https://www.sephora.com/product/thirstymud-tm-hydrating-treatment-P384782?icid2=products%20grid:p384782,1.7,34.705882352941174
100% Organic Cold-Pressed Moroccan Argan Oil,The Ordinary,moisturizing-cream-oils-mists,6.8,Argania Spinosa Kernel Oil.,63,15922,1.0,0.0,https://www.sephora.com/product/100-organic-cold-pressed-moroccan-argan-oil-P447596?icid2=products%20grid:p447596,1.0,6.8
Bio-Performance Advanced Super Revitalizing Cream,Shiseido,moisturizing-cream-oils-mists,82.0,"Glycerin, Cyclomethicone, Butylene Glycol, Dimethicone, Cetyl Octanoate, Squalane, Dimethicone Copolyol, Disteardimonium Hectorite, Hydrogenated C6-14 Olefin Polymers, PEG-150, Mortierella Oil, Phytosteryl Macadamiate, Tocopheryl Acetate, Stearyl Glycyrrhetinate, Arginine HCI, PEG-60 Hydrogenated Castor Oil, Sodium Glutamate, Disodium Adenosine Triphosphate, Saccharomyces Lysate Extract, Sodium Acetylated Hyaluronate, Rosa Roxburghii Extract, Octyl Methoxycinnamate, Agar, Sodium Hexametaphosphate, Trisodium EDTA, Tocopherol, BHT, Ethylparaben, Butylparaben, Methylparaben, Fragrance, Iron Oxides",345,17444,0.0,1.7,https://www.sephora.com/product/bio-performance-advanced-super-revitalizing-cream-P173652?icid2=products%20grid:p173652,1.7,48.23529411764706
Resveratrol Lift Night Infusion Cream,Caudalie,moisturizing-cream-oils-mists,76.0,"Glycerin*, Butylene Glycol, Isononyl Isononanoate, Caprylic/Capric Triglyceride*, Cetearyl Alcohol*, Hydrogenated Vegetable Oil*, Vitis Vinifera (Grape) Seed Oil*, Peg20 Stearate, Squalane*, Citrus Aurantium Amara (Bitter Orange) Flower Water*, Butyrospermum Parkii (Shea) Butter Extract*, Carbomer, Palmitoyl Grapevine Shoot Extract*, Parfum (Fragrance), Caprylyl Glycol, Potassium Sorbate, Polyglyceryl10 Pentaoleate*, Palmitoyl Grape Seed Extract*, Xanthan Gum, Tocopheryl Acetate*, Sodium Hydroxide, Verbena Officinalis Extract*, Tilia Cordata Extract*, Ceramide 3, Sodium Hyaluronate, Acrylates/C1030 Alkyl Acrylate Crosspolymer, Sodium Carboxymethyl BetaGlucan, Tocopherol*, Helianthus Annuus (Sunflower) Seed Oil*, Linalool, Limonene, Coumarin, Butylphenyl Methylpropional. *Plant Origin.",76,8989,1.7,0.0,https://www.sephora.com/product/resveratrol-lift-night-infusion-cream-P400609?icid2=products%20grid:p400609,1.7,44.70588235294118
100% Sugarcane Squalane,Biossance,moisturizing-cream-oils-mists,32.0,100% Squalane Oil.,254,28121,0.0,3.4,https://www.sephora.com/product/100-squalane-oil-P416564?icid2=products%20grid:p416564,3.4,9.411764705882353
Juno Antioxidant + Superfood Face Oil,SUNDAY RILEY,moisturizing-cream-oils-mists,72.0,"Rubus Fruticosus (Cold Pressed Blackberry) Seed Oil, Vaccinium Corymbosum (Cold Pressed Blueberry) Seed Oil, Vitis Vinifera (Cold Pressed Chardonnay Grape Seed Oil) Seed Oil, Vaccinium Macrocarpon (Cold Pressed Cranberry) Seed Oil, Rubus Idaeus (Cold Pressed Red Raspberry) Seed Oil, Daucus Carota Sativa (Cold Pressed Wild Carrot) Seed Oil, Nigella Sativa (Cold Pressed Black Cumin) Seed Oil, Brassica Oleracea Italic (Cold Pressed Broccoli) Seed Oil, Limnanthes Alba (Meadowfoam) Seed Oil.",445,48449,0.0,1.18,https://www.sephora.com/product/juno-hydroactive-cellular-face-oil-P309306?icid2=products%20grid:p309306,1.18,61.016949152542374
Magic Cream Moisturizer - Lunar New Year Limited Edition,Charlotte Tilbury,moisturizing-cream-oils-mists,100.0,"Homosalate, Glyceryl Stearate Se, Ethylhexyl Salicylate, Butylene Glycol, Glycerin, Butyl Methoxydibenzoylmethane, Octocrylene, Cetyl Alcohol, C1215 Alkyl Benzoate, Cyclopentasiloxane, Dimethicone, Phenoxyethanol, Butyrospermum Parkii (Shea Butter), Steareth21, Avena Sativa (Oat) Kernel Extract, Carbomer, Dimethiconol, Potassium Cetyl Phosphate, Chlorphenesin, Caprylyl Glycol, Xanthan Gum, Hydrolyzed Viola Tricolor Extract, Allantoin, Aloe Barbadensis Leaf Juice, Disodium Edta, Tocopheryl Acetate, Camellia Oleifera Seed Oil, Rosa Canina Fruit Oil, Rosa Damascena Extract, Sodium Hydroxide, Helianthus Annuus (Sunflower) Seed Oil, Michelia Alba Leaf Oil, Sodium Lactate, CocoGlucoside, Peg8, Ethylhexylglycerin, Sodium Hyaluronate, Tocopherol, Palmitoyl Tetrapeptide7, Palmitoyl Tripeptide1, Ascorbyl Palmitate, Plumeria Rubra Flower Extract, Ascorbic Acid, Citric Acid, Nicotiana Sylvestris Leaf Cell Culture, Linalool, Citronellol, Geraniol.",1,1319,0.0,1.7,https://www.sephora.com/product/charlotte-tilbury-magic-cream-lunar-new-year-limited-edition-P454750?icid2=products%20grid:p454750,1.7,58.82352941176471
Limited Edition Ultra Repair® Cream Intense Hydration,First Aid Beauty,moisturizing-cream-oils-mists,34.0,"Colloidal Oatmeal, Stearic Acid, Glycerin, C1215 Alkyl Benzoate, Caprylic/Capric Triglyceride, Glyceryl Stearate, Glyceryl Stearate SE, Cetearyl Alcohol, Dimethicone, Butyrospermum Parkii (Shea) Butter, Squalane, Phenoxyethanol, Caprylyl Glycol, Allantoin, Xanthan Gum, Sodium Hydroxide, Disodium EDTA, Chrysanthemum Parthenium (Feverfew) Extract, Camellia Sinensis (White Tea) Leaf Extract, Glycyrrhiza Glabra (Licorice) Root Extract, Ceramide3, Eucalyptus Globulus Leaf Extract.",27,4362,0.0,6.0,https://www.sephora.com/product/limited-edition-ultra-repair-cream-intense-hydration-P447503?icid2=products%20grid:p447503,6.0,5.666666666666667
Miracle Water Micellar Cleanser,IT Cosmetics,moisturizing-cream-oils-mists,38.0,"Dipropylene Glycol, Peg6 Caprylic/Capric Glycerides, Propanediol, Glycerin, Butylene Glycol, 1,2Hexanediol, Ulmus Davidiana Root Extract, Amaranthus Caudatus Seed Extract, Saccharomyces/Rice Ferment Filtrate Extract, Aspergillus/Camellia Sinensis Leaf Extract Ferment Filtrate, Saccharum Officinarum Ferment Extract, Saccharomyces/Rice Ferment Filtrate, Aspergillus/Rice Ferment Extract, Lactobacillus/Pumpkin Ferment Extract, Lactobacillus/Rice Ferment, Monascus/Rice Ferment, Lactobacillus/Kelp Ferment Filtrate, Camellia Sinensis Leaf Extract,  Panax Ginseng Root Extract, Cocos Nucifera (Coconut) Fruit Extract, Bacillus/Soybean Ferment Extract, Phenoxyethanol, Hydrogenated Lecithin, Ficus Carica (Fig) Fruit Extract, Centella Asiatica Extract, Ceramide Np, Lactobacillus/Dipteryx Odorata Seed Ferment Filtrate, Leuconostoc/Radish Root Ferment Filtrate, Disodium Edta, Ethylhexylglycerin, Sodium Citrate, Citric Acid, Rosa Damascena Flower Portulaca Oleracea Extract, Soluble Collagen, Sodium Hyaluronate, Xanthan Gum, Pueraria Thunbergiana Root Extract, Cnidium Officinale Root Extract, Aloe Barbadensis Leaf Juice, Paeonia Lactiflora Root Extract, Glycyrrhiza Glabra (Licorice) Root Extract, Propylene Glycol, Chamomilla Recutita (Matricaria) Flower/Leaf Extract, Cholesteryl Oleyl Carbonate, Cholesteryl Chloride, Cholesteryl Dichlorobenzoate, Cholesteryl Nonanoate, Bht, 3OEthyl Ascorbic Acid, Palmitoyl Tetrapeptide7, Palmitoyl Hexapeptide12, Aloe Barbadensis Leaf Extract, Camellia Sinensis Leaf Polymethylsilsesquioxane, Diamond Powder, Oryza Sativa (Rice) Extract, Curcuma Longa (Turmeric) Root Extract, Hydrolyzed Collagen, Niacinamide, Pearl Extract, Polysorbate 20, Retinol, Tocopheryl Acetate, Squalane.",212,14980,0.0,8.5,https://www.sephora.com/product/miracle-water-tm-3-in-1-glow-tonic-P423414?icid2=products%20grid:p423414,8.5,4.470588235294118
Squalane + Antioxidant Cleansing Oil,Biossance,moisturizing-cream-oils-mists,30.0,"Caprylic/Capric Triglyceride, Polyglyceryl2 Caprate, Squalane, C1315 Alkane, Polyglyceryl2 Sesquioleate, Triethylhexanoin, Citrus Aurantium Dulcis (Orange) Oil, Lavandula Angustifolia (Lavender) Oil, Rosa Moschata Seed, Oil, Avena Sativa (Oat) Kernel Oil, Oenothera Biennis, (Evening Primrose) Oil, Moringa Oleifera Seed Oil, Lavandula Hybrida Oil, Rosmarinus Officinalis (Rosemary), Leaf Extract, Anthemis Nobilis Flower Oil, Helianthus, Annuus (Sunflower) Seed Oil, Tocopherol, Limonene, Linalool.",312,21530,6.8,0.0,https://www.sephora.com/product/squalane-antioxidant-cleansing-oil-P416560?icid2=products%20grid:p416560,6.8,4.411764705882353
Avocado Melt Retinol Sleeping Face Mask,Glow Recipe,moisturizing-cream-oils-mists,49.0,"Propanediol, Glycerin, Cetearyl Alcohol, Glyceryl Stearate, C912 Alkane, Caprylic/Capric Triglyceride, Kaolin, Persea Gratissima (Avocado) Oil, Polyisobutene, Sodium Lauroyl Glutamate, Stearic Acid, C1315 Alkane, Platonia Insignis Seed Butter, Persea Gratissima (Avocado) Fruit Extract, Hyaluronic Acid, Sodium Hyaluronate, Squalane, Chamomilla Recutita (Matricaria) Flower Extract, Camellia Sinensis Leaf Extract, Saccharide Isomerate, Hexylresorcinol, Zingiber Officinale (Ginger) Root Extract, Oryza Sativa (Rice) Extract, Tocopheryl Acetate, Gluconolactone, Aloe Barbadensis Leaf Juice, Malachite Extract, Ethylhexyl Palmitate, Butylene Glycol, Sodium Chloride, Sodium Hydroxypropylsulfonate Laurylglucoside Crosspolymer, Maltodextrin, Hydrated Silica, Curcumin, Ethylhexylglycerin, Ppg3 Benzyl Ether Myristate, Maltooligosyl Glucoside, Hydrogenated Starch Hydrolysate, Retinol, Spirulina Maxima Extract, Sodium Phosphate, Pei10, Citric Acid, Sodium Citrate, Sodium Dilauramidoglutamide Lysine, Potassium Phosphate, Potassium Chloride, Silica Dimethyl Silylate, Arginine, Sodium Hydroxide, Caprylyl Glycol, Tocopherol, Rosmarinus Officinalis (Rosemary) Leaf Extract, Lavandula Angustifolia (Lavender) Flower/Leaf/Stem Extract, Hexylene Glycol, Acrylates/C1030 Alkyl Acrylate Crosspolymer, Potassium Sorbate, Carthamus Tinctorius (Safflower) Seed Extract, Flavor/Aroma*, Pvp, Sodium Benzoate, Phenoxyethanol *Natural Fragrance.",140,13937,2.3,0.0,https://www.sephora.com/product/avocado-melt-retinol-sleeping-mask-P449160?icid2=products%20grid:p449160,2.3,21.304347826086957
Vital-E™ Microbiome Age Defense Cream,Peter Thomas Roth,moisturizing-cream-oils-mists,75.0,"Glycerin, Dimethicone, Methyl Trimethicone, Caprylyl Methicone, Butylene Glycol, Ceresin, Dimethicone/PEG10/15 Crosspolymer, Lauryl PEG9 Polydimethylsiloxyethyl Dimethicone, Astrocaryum Tucuma Seed Butter, Microcrystalline Wax, Dimethylmethoxy Chromanol, Tocopherol, Bacillus, Yeast BetaGlucan, Acetyl Heptapeptide4, Silybum Marianum Seed Extract, Hedychium Coronarium Root Extract, Ceramide NP, Undaria Pinnatifida Extract, Eclipta Prostrata Extract, Melia Azadirachta Leaf Extract, Moringa Oleifera Seed Oil, Inulin, Sodium PCA, Phenoxyethanol, Potassium Sorbate, Mannitol, Cellulose, Dipropylene Glycol, Sodium Benzoate, Sodium Citrate, Hydroxypropyl Methylcellulose, Caprylyl Glycol, Paraffin, Mica.",610,1767,1.7,0.0,https://www.sephora.com/product/peter-thomas-roth-vital-e-microbiome-age-defense-cream-P453824?icid2=products%20grid:p453824,1.7,44.11764705882353
Ultra Repair® Hydrating Serum,First Aid Beauty,moisturizing-cream-oils-mists,38.0,"Glycerin, Dimethicone, Methyl Trimethicone, Caprylyl Methicone, Butylene Glycol, Ceresin, Dimethicone/PEG10/15 Crosspolymer, Lauryl PEG9 Polydimethylsiloxyethyl Dimethicone, Astrocaryum Tucuma Seed Butter, Microcrystalline Wax, Dimethylmethoxy Chromanol, Tocopherol, Bacillus, Yeast BetaGlucan, Acetyl Heptapeptide4, Silybum Marianum Seed Extract, Hedychium Coronarium Root Extract, Ceramide NP, Undaria Pinnatifida Extract, Eclipta Prostrata Extract, Melia Azadirachta Leaf Extract, Moringa Oleifera Seed Oil, Inulin, Sodium PCA, Phenoxyethanol, Potassium Sorbate, Mannitol, Cellulose, Dipropylene Glycol, Sodium Benzoate, Sodium Citrate, Hydroxypropyl Methylcellulose, Caprylyl Glycol, Paraffin, Mica.",595,40242,1.7,0.0,https://www.sephora.com/product/ultra-repair-hydrating-serum-P403739?icid2=products%20grid:p403739,1.7,22.35294117647059
Black Tea Firming Overnight Mask,Fresh,moisturizing-cream-oils-mists,92.0,"Glycerin, Butylene Glycol, Jojoba Esters, Isohexadecane, Ammonium Acryloyldimethyltaurate/Vp Copolymer, Dicaprylyl Carbonate, Camellia Oleifera Seed Oil, Pentylene Glycol, Ethylhexyl Palmitate, Mirabilis Jalapa Extract, Glyceryl Stearate, Steareth21, Caprylic/Capric Triglyceride, Dimethicone, Oxidized Corn Oil, Butyrospermum Parkii (Shea Butter), Cera Alba (Beeswax), Kigelia, Africana Fruit Extract, Saccharomyces Ferment Filtrate, Camellia Sinensis Leaf Extract, Rubus Fruticosus (Blackberry) Leaf Extract, Litichi Chinensis Seed Extract, Rosa Damascena Flower Oil, Sodium Hyaluronate, Adenosine, Tocopheryl Acetate, Tocopherol, Ceteareth20, Behenyl Alcohol, Fragrance, Ceteareth12, Cetearyl Alcohol, Sodium Citrate, Sodium Polyacrylate Starch, Sodium Polyacrylate, Sorbitan Laurate, Disodium Edta, Maltodextrin, Silica, Tetrasodium Edta, Hydroxyethylcellulose, Acetyl Dipeptide1 Cetyl Ester, Citric Acid, Ci 77891 (Titanium Dioxide), BHT, Potassium Sorbate, Biotin, Phenoxyethanol, Linalool, Citronellol, Geraniol.",405,51589,0.0,3.3,https://www.sephora.com/product/black-tea-firming-overnight-mask-P391799?icid2=products%20grid:p391799,3.3,27.87878787878788
Ultra Facial Oil-Free Gel-Cream,Kiehl's Since 1851,moisturizing-cream-oils-mists,32.0,"Water,Glycerin,Alcohol Denat.,Dimethicone,Isononyl Isononanoate,Carbomer,Imperata Cylindrica Root Extract,Dimethiconol,Caprylyl Glycol,Chlorphenesin,Sodium Hydroxide,Xanthan Gum,Pseudoalteromonas Ferment Extract,Tetrasodium Edta,Tocopheryl Acetate,Menthoxypropanediol,Phenoxyethanol,Biosaccharide Gum1,Acrylates/C1030 Alkyl Acrylate Crosspolymer.",69,9527,0.0,1.7,https://www.sephora.com/product/ultra-facial-oil-free-gel-cream-P422006?icid2=products%20grid:p422006,1.7,18.823529411764707
Super Multi-Corrective Cream,Kiehl's Since 1851,moisturizing-cream-oils-mists,85.0,"Glycerin, Dicaprylyl Ether, Butyrospermum Parkii Butter/Shea Butter, Hydroxypropyl Tetrahydropyrantriol, Isononyl Isononanoate, Isopropyl Isostearate, Propylene Glycol, Sodium Tetrahydrojasmonate, Cetyl Alcohol, Dimethicone, Behenyl Alcohol, Dipropylene Glycol, Stearic Acid, Glyceryl Stearate, Palmitic Acid, Phenoxyethanol, Cetearyl Alcohol, Carbomer, Arachidyl Alcohol, Caprylyl Glycol, PEG100 Stearate, Xanthan Gum, Sodium Hydroxide, Cetearyl Glucoside, Stearyl Alcohol, Hydrolyzed Hyaluronic Acid, Disodium EDTA, Rosmarinus Officinalis Leaf Oil/Rosemary Leaf Oil, Adenosine, Limonene, Pelargonium Graveolens Flower Oil, Lavandula Hybrida Oil, Cucumis Sativus Fruit Extract/Cucumber Fruit Extract, Curcuma Longa Extract/Turmeric Root Extract, Sclareolide, Rosa SPP/Rose Flower Oil, Jasminum Officinale Extract/ Jasmine Extract, Citric Acid.",35,6226,0.0,2.5,https://www.sephora.com/product/super-multicorrective-cream-P422001?icid2=products%20grid:p422001,2.5,34.0
Essential-C Day Moisture Broad Spectrum SPF 30 PA+++,Murad,moisturizing-cream-oils-mists,65.0,"Butylene Glycol, Stearic Acid, Diisopropyl Sebacate, Cocoglycerides, Lauryl Lactate, Glyceryl Stearate, PEG100 Stearate, Isodecyl Neopentanoate, Dimethicone, Cetyl Alcohol, Cetyl Phosphate, Urea, Yeast Amino Acids, Trehalose, Inositol, Taurine, Betaine, Phospholipids, Retinyl Palmitate, Tocopheryl Acetate, Ascorbyl Palmitate, Pelvetia Canaliculata Extract, Ectoin, Ginkgo Biloba Leaf Extract, Grape Seed Extract, Passiflora Incarnata Extract, Tetrahexyldecyl Ascorbate, Sodium PCA, Panthenol, Tripleurospermum Maritimum Extract, Zinc Gluconate, Ethyl Linoleate, Magnesium Aluminum Silicate, Xanthan Gum, Aminomethyl Propanol, Disodium EDTA, Phenoxyethanol, Caprylyl Glycol, Chlorphenesin, Limonene*, Linalool *, Fragrance, Yellow 6 (CI 15985), Red 33 (CI 17200). *Allergen",408,15620,1.7,0.0,https://www.sephora.com/product/essential-c-day-moisture-spf-30-broad-spectrum-spf-30-pa-P9940?icid2=products%20grid:p9940,1.7,38.23529411764706
GinZing™ SPF 40 Energy-Boosting Tinted Moisturizer,Origins,moisturizing-cream-oils-mists,39.5,"Octinoxate 7.5%, Octisalate 2.0%, Octocrylene 2.0%, Titanium Dioxide 3.0%, Zinc Oxide 3.0%Butylene Glycol, Cetyl Alcohol, Neopentyl Glycol Diheptanoate, C1215 Alkyl Benzoate, Dimethicone, Laureth4, Polyethylene, Peg100 Stearate, Hydrogenated Lecithin, Citrus Limon (Lemon) Peel Oil*, Citrus Grandis (Grapefruit) Peel Oil*, Mentha Viridis (Spearmint) Leaf Oil*, Citrus Aurantium Dulcis (Orange) Peel Oil*, Limonene,  Linalool, Citral, Garcinia Mangostana Peel Extract, Panax Ginseng (Ginseng) Root Extract, Citrus Aurantium Amara (Bitter Orange) Flower Wax, Castanea Sativa (Chestnut) Seed Extract, Psidium Guajava (Guava) Fruit Extract, Citrus Aurantium Amara (Bitter Orange) Flower Laminaria Saccharina Extract, Triticum Vulgare (Wheat) Germ Extract, Adenosine Phosphate, Pantethine, Creatine, Hordeum Vulgare (Barley) Extract/Extrait D'Orge, Folic Acid, Tourmaline, Cordyceps Sinensis Extract, Ethylhexylglycerin, Acetyl Carnitine Hcl, Caffeine, Rhodochrosite, Sodium Hyaluronate, Isopropyl Myristate, Hydroxyethyl Acrylate/Sodium Acryloyldimethyl Taurate Copolymer, Trehalose, Polyglyceryl3 Beeswax, Pvp/Hexadecene Copolymer, Squalane, Caprylyl Glycol, Tocopheryl Acetate, Yeast Extract/Faex/Extrait De Levure, Isostearic Acid, Polymethyl Methacrylate, Dimethicone Silylate, Polyhydroxystearic Acid, Magnesium Ascorbyl Phosphate, Nylon12, Xanthan Gum, Hexylene Glycol, Polysorbate 60, Silica, Bht, Phenoxyethanol, Iron Oxides (Ci 77491, Ci 77492, Ci 77499), Titanium Dioxide (Ci 77891) <iln43343>* Essential Oil",267,15068,1.7,0.0,https://www.sephora.com/product/ginzing-spf-40-energy-boosting-tinted-moisturizer-P420966?icid2=products%20grid:p420966,1.7,23.235294117647058
Rénergie Lift Multi-Action Ultra Dark Spot Correcting Cream SPF 30,Lancôme,moisturizing-cream-oils-mists,109.0,"Avobenzone 3%, Octisalate 5%, Octocrylene 7%, Glycerin, Dimethicone, Isononyl Isononanoate, Propanediol, Vinyl Dimethicone/Methicone Silsesquioxane Crosspolymer, Alcohol Denat., BisPeg18 Methyl Ether Dimethyl Silane, Polyglyceryl6 Distearate, Jojoba Esters, Tocopherol,Limnanthes Alba (Meadowfoam) Seed Oil, Acacia Decurrens Flower Wax, Guanosine, Cyathea Medullaris Leaf Extract, Sodium Hyaluronate, hydrolyzed linseed extract,Sodium Hydroxide, Sodium Dodecylbenzenesulfonate, Sodium Benzoate, Red 33, Sodium Levulinate, Phenoxyethanol, Adenosine, Peg8 Laurate, Helianthus Annuus (Sunflower) Seed Wax, Polyglyceryl3 Beeswax, Polyglycerin3, Ammonium Acryloyldimethyltaurate/Steareth25 Methacrylate Crosspolymer, Dimethicone/Vinyl Dimethicone Crosspolymer, Dimethiconol, Limonene, Xanthan Gum, Benzyl Alcohol, Cinnamic Acid, Leontopodium Alpinum Flower/Leaf Extract, Capryloyl Salicylic Acid, Caprylyl Glycol, Geraniol, Disodium Stearoyl Glutamate, Disodium Edta, Cetyl Alcohol, Citric Acid, Potassium Sorbate, Scutellaria Baicalensis Root Extract, Levulinic Acid, Styrene/Acrylates Copolymer, Glyceryl Caprylate, Fragrance.",296,488,1.7,0.0,https://www.sephora.com/product/lancome-renergie-lift-multi-action-ultra-dark-spot-correcting-cream-spf-30-P453826?icid2=products%20grid:p453826,1.7,64.11764705882354
Sleeping Mask,SEPHORA COLLECTION,moisturizing-cream-oils-mists,4.0,"Butylene Glycol, Glycerin, Betaine, Phenoxyethanol, Caprylic/Capric Triglyceride, Dimethicone, Acrylates/C1030 Alkyl Acrylate Crosspolymer, PEG40 Hydrogenated Castor Oil, Isononyl Isononanoate, Ethylhexylglycerin, Sodium Hydroxide, Fragrance, PEG30 Dipolyhydroxystearate, Trideceth6, Cocos Nucifera (Coconut) Fruit Juice, Sodium Hyaluronate, Citric Acid, Potassium Sorbate, Sodium Benzoate",1000,199092,0.0,0.0,https://www.sephora.com/product/sleeping-mask-P398102?icid2=products%20grid:p398102,2.0673014048531417,1.9348896056519416
Ferulic + Retinol Anti-Aging Moisturizer,Dr. Dennis Gross Skincare,moisturizing-cream-oils-mists,75.0,"Dimethicone, Cyclopentasiloxane, Isododecane, Dimethiconol, Cyclohexasiloxane, Cyclotetrasiloxane, Butylene Glycol, Caprylic/Capric Triglyceride, Stearyl Dimethicone, Sodium Acrylate/Sodium Acryloyldimethyl Taurate Copolymer, Potassium Cetyl Phosphate, Octadecene, Cetearyl Alcohol, Polymethyl Methacrylate, Isohexadecane, Collagen Amino Acids, Ferulic Acid, Gallic Acid, Ellagic Acid, Arnica Montana Flower Extract, Centella Asiatica Extract, Retinol, Glycyrrhiza Glabra (Licorice) Root Extract, Tocopherol, Morus Alba Leaf Extract, Sodium Hyaluronate, Arctostaphylos Uva Ursi Leaf Extract, Glycolic Acid, Lactic Acid, Hydrolyzed Soy Protein, Glycine Soja (Soybean) Oil, Adenosine, Saccharide Isomerate, Salix Alba (Willow) Bark Extract, Tetrapeptide21, Caprylyl Glycol, Glycerin, Glyceryl Behenate, Acrylates/Carbamate Copolymer, Leuconostoc/Radish Root Ferment Filtrate, Helianthus Annuus (Sunflower) Seed Oil, Tetrahydropiperine, BHT, Benzophenone3, Glyceryl Stearate SE, Citric Acid, BisVinyl Dimethicone/Dimethicone Copolymer, Dimethicone Crosspolymer3, Cyclodextrin, Sodium Citrate, Tetrasodium EDTA, Ascorbyl Palmitate, Hexylene Glycol, Polysorbate 80, Behenic Acid, Citrus Aurantium Bergamia (Bergamot) Fruit Extract, Citrus Limon (Lemon) Peel Extract, Lavandula Angustifolia (Lavender) Flower/Leaf/Stem Extract, Citral, Limonene, Linalool, Phenoxyethanol, Potassium Sorbate, Sodium Benzoate, Annatto (CI 75120).",133,11115,0.0,1.7,https://www.sephora.com/product/ferulic-retinol-anti-aging-moisturizer-P384536?icid2=products%20grid:p384536,1.7,44.11764705882353
UV Expert Aquagel Defense Primer & Moisturizer SPF 50,Lancôme,moisturizing-cream-oils-mists,39.0,"Avobenzone 3%, Homosalate 10.7%, Octisalate 3.2%, Octocrylene 6%, Oxybenzone 3.9%., Dimethicone, Alcohol Denat., Styrene/Acrylates Copolymer, Acrylates/Dimethicone Copolyme, Tocophero, Sodium Polyacrylate, Sodium Dodecylbenzenesulfonate, Sodium Benzoate, Phenoxyethanol, Peg8 Laurate, Silica, Pentylene Glycol, Mentha Piperita (Peppermint) Extract, Propylene Glycol, Leontopodium Alpinum Flower/Leaf Extract, Caprylyl Glycol, Acrylates/C1030 Alkyl Acrylate Crosspolyme, Sorbitol, Moringa Oleifera Seed Extract, Disodium Edta, Rosa Gallica Flower Extract, Disodium Phosphate, Citric Acid, Potassium Sorbate, Glycerin, Fragrance.",856,9870,1.0,0.0,https://www.sephora.com/product/uv-expert-aquagel-defense-primer-moisturizer-spf-50-P442750?icid2=products%20grid:p442750,1.0,39.0
Pink Cloud Rosewater Moisture Crème,Herbivore,moisturizing-cream-oils-mists,48.0,"Aloe Barbadensis (Aloe Vera) Leaf Juice, Helianthus Annuus (Sunflower) Seed Oil, Diheptyl Succinate, Cetearyl Alcohol, Glyceryl Stearate Citrate, Populus Tremuloides (Aspen) Bark Extract, Rosa Damascena (Rose) Flower Aleurites Moluccana (Kukui) Nut Oil, Glycerin, Cetyl Palmitate, Cocos Nucifera (Coconut) Extract, Oryza Sativa (Rice) Seed Extract, Butyrospermum Parkii (Shea) Nut Butter, Glyceryl Caprylate, Propanediol, Capryloyl Glycerin/Sebacic Acid Copolymer, Xanthan Gum, Sodium Anisate, Myrothamnus Flabellifolia Extract, Rosmarinus Officinalis (Rosemary) Leaf Extract, Camellia Sinensis (White Tea) Leaf Extract, Eclipta Prostrata Extract, Rosa Damascena (Rose) Flower Oil, Melia Azadirachta Leaf Extract, Moringa Pterygosperma Seed Oil, Sodium Hyaluronate, Sodium Phytate, Alcohol, Ascorbic Acid, Citric Acid.",1000,56373,1.7,0.0,https://www.sephora.com/product/pink-cloud-rosewater-moisture-creme-P427626?icid2=products%20grid:p427626,1.7,28.235294117647058
Wild Rose Brightening Oil,KORRES,moisturizing-cream-oils-mists,54.0,"Isoamyl Laurate, Caprylic/Capric Triglyceride, Prunus Armeniaca (Apricot) Kernel Oil, Ascorbyl Tetraisopalmitate, Squalane, Helianthus Annuus (Sunflower) Seed Oil, Dimethyl Isosorbide, Rosa Canina Fruit Oil, Rosa Gallica Flower Powder, Alcohol Denat., Bisabolol, Citronellol, Geraniol, Glyceryl Caprylate, Physalis Angulata Extract, Rosa Damascena Flower Oil, Rosmarinus Officinalis (Rosemary) Extract, Tocopherol, Tocopheryl Acetate, Zingiber Officinale (Ginger) Root Extract.",573,43443,1.01,0.0,https://www.sephora.com/product/wild-rose-vitamin-c-active-brightening-oil-P405289?icid2=products%20grid:p405289,1.01,53.46534653465346
Aqua Bomb Sleeping Mask,belif,moisturizing-cream-oils-mists,34.0,Scottish Heather: Soothing herb known for its antiinflammatory properties.,834,29837,2.53,0.0,https://www.sephora.com/product/aqua-bomb-sleeping-mask-P433443?icid2=products%20grid:p433443,2.53,13.438735177865613
Evercalm™ Global Protection Day Cream,REN Clean Skincare,moisturizing-cream-oils-mists,49.0,"Cetearyl Alcohol, Camellia Oleifera Seed Oil, Cetearyl Ethylhexanoate, Myristyl Myristate, Sesamum Indicum (Sesame) Seed Oil, Glycerin, Butyrospermum Parkii (Shea) Butter, Caprylic/Capric Triglyceride, Cetearyl Glucoside, Triheptanoin, Oryzanol, Helianthus Annuus (Sunflower) Seed Oil, Vaccinium Macrocarpon (Cranberry) Seed Oil, Bisabolol, Ribes Nigrum (Black Currant) Seed Oil, Carbomer, Hippophae Rhamnoides Fruit Extract, Citrus Nobilis (Mandarin Orange) Peel Oil, Tocopherol, Anthemis Nobilis Flower Oil, Cinnamomum Camphora Linalloliferum (Ho Wood) Leaf Oil, Pelargonium Graveolens Flower Oil, Phenoxyethanol,  Pueraria Lobata (Kudzu) Symbiosome Extract, Cassia Alata Leaf Extract, Laminaria Ochroleuca Extract, Sodium Hydroxymethylglycinate, Calendula Officinalis Flower Extract, Fragrance, Rosmarinus Officinalis (Rosemary) Leaf Extract, Citronellol, Geraniol, Limonene, Linalool.",653,17999,0.0,1.7,https://www.sephora.com/product/evercalm-global-protection-day-cream-P214002?icid2=products%20grid:p214002,1.7,28.823529411764707
Nutrient-Charged Water Gel,Murad,moisturizing-cream-oils-mists,60.0,"Dimethicone, Glycerin, Propanediol, Saccharide Isomerate, Polymethylsilsesquioxane/Silica Crosspolymer, Hydroxyethyl Acrylate/Sodium Acryloyldimethyl Taurate Copolymer, Hydroxyethyl Urea, Isononyl Isononanoate, Ceramide NP, Ceramide AP, Ceramide EOP, shOligopeptide1, shOligopeptide2, shPolypeptide1, shPolypeptide9, shPolypeptide11, Saccharomyces/Zinc Ferment, Saccharomyces/Copper Ferment, Saccharomyces/Magnesium Ferment, Saccharomyces/Iron Ferment, Saccharomyces/Silicon Ferment, Leuconostoc/Radish Root Ferment Filtrate, Bacillus/Folic Acid Ferment Extract, Trehalose, Taurine, Serine, Tocopheryl Acetate, Calcium Pantothenate, Niacinamide, Phytantriol, Acetyl Glutamine, Urea, Cholesterol, Yeast Amino Acids, Phytosphingosine, Inositol, Betaine, Lecithin, Sodium Ascorbyl Phosphate, Sodium Hyaluronate, Pyridoxine HCl, Sucrose, Algin, Pullulan, Maltodextrin, Polysilicone11, Glyceryl Polyacrylate, Decyl Glucoside, Pentylene Glycol, Hexylene Glycol, Caprylyl Glycol, Butylene Glycol, Ethylhexyl Isononanoate, Polyisobutene, Silica, Sodium Starch Octenylsuccinate, PEG7 Trimethylolpropane Coconut Ether, Trisodium Ethylenediamine Disuccinate, Disodium Phosphate, Potassium Phosphate, Carbomer, Xanthan Gum, Sodium Lauroyl Lactylate, 1,2Hexanediol, Phenoxyethanol, Ethylhexylglycerin, Fragrance, Red 33 (CI 17200), Red 4 (CI 14700).",558,14771,1.7,0.0,https://www.sephora.com/product/nutrient-charged-water-gel-P427638?icid2=products%20grid:p427638,1.7,35.294117647058826
Acne Solutions™ BB Cream SPF 40,CLINIQUE,moisturizing-cream-oils-mists,39.5,"Octinoxate 7.5% , Octisalate 2.0% , Titanium Dioxide 1.6%Methyl Trimethicone , Alcohol , Ethylhexyl Palmitate , Peg9 Polydimethylsiloxyethyl Dimethicone , Propanediol , Glycerin , Glyceryl Caprylate , Peg3 Dimethicone , Dimethicone , Tocopheryl Acetate , Lecithin , Triethoxycaprylylsilane , Stearyl Glycyrrhetinate , Sorbitan Sesquiisostearate , Sodium Hyaluronate , Pyridoxine Hcl , Stearic Acid , Hesperidin Methyl Chalcone , Palmitoyl Tetrapeptide7 , Sodium Chloride , Aluminum Hydroxide , Steareth20 , Dipeptide2 , Silica , Sodium Citrate , Phenoxyethanol , [+/ Mica , Iron Oxides (Ci 77491) , Iron Oxides (Ci 77492) , Iron Oxides (Ci 77499) , Titanium Dioxide (Ci 77891)].",662,38274,1.0,0.0,https://www.sephora.com/product/acne-solutions-bb-cream-broad-spectrum-spf-40-P394252?icid2=products%20grid:p394252,1.0,39.5
"""B"" Oil",The Ordinary,moisturizing-cream-oils-mists,9.2,"Caprylic/Capric Triglyceride, Squalane, Crambe Abyssinica Seed Oil, Bisabolol, Simmondsia Chinensis Seed Oil, Ethylhexyl Stearate, Isochrysis Galbana Extract, Adansonia Digitata Seed Oil, Argania Spinosa Kernel Oil, Borago Officinalis Seed Oil, Rosa Canina Seed Oil, Sclerocarya Birrea Seed Oil, Oenocarpus Bataua Fruit Oil, Plukenetia Volubilis Seed Oil, Bertholletia Excelsa Seed Oil, Solanum Lycopersicum (Tomato) Fruit Extract, Hydroxymethoxyphenyl Decanone, Rosmarinus Officinalis (Rosemary) Leaf Extract, Tocopherol.",74,16514,1.0,0.0,https://www.sephora.com/product/b-oil-P442757?icid2=products%20grid:p442757,1.0,9.2
Disney Mickey Mouse Limited Edition PITERA™ Essence,SK-II,moisturizing-cream-oils-mists,247.0,"Caprylic/Capric Triglyceride, Squalane, Crambe Abyssinica Seed Oil, Bisabolol, Simmondsia Chinensis Seed Oil, Ethylhexyl Stearate, Isochrysis Galbana Extract, Adansonia Digitata Seed Oil, Argania Spinosa Kernel Oil, Borago Officinalis Seed Oil, Rosa Canina Seed Oil, Sclerocarya Birrea Seed Oil, Oenocarpus Bataua Fruit Oil, Plukenetia Volubilis Seed Oil, Bertholletia Excelsa Seed Oil, Solanum Lycopersicum (Tomato) Fruit Extract, Hydroxymethoxyphenyl Decanone, Rosmarinus Officinalis (Rosemary) Leaf Extract, Tocopherol.",1,1484,7.7,0.0,https://www.sephora.com/product/sk-ii-disney-mickey-mouse-limited-edition-pitera-essence-P454791?icid2=products%20grid:p454791,7.7,32.077922077922075
Vitamin C+ Collagen Deep Cream,Dr. Dennis Gross Skincare,moisturizing-cream-oils-mists,72.0,"Glycerin, Butylene Glycol, Camellia Japonica Seed Oil, Oryza Sativa (Rice) Bran Oil, Dimethicone, Sucrose, Pentylene Glycol, Helianthus Annuus (Sunflower) Seed Oil, Hydroxyethyl Acrylate/Sodium Acryloyldimethyl Taurate Copolymer, 3OEthyl Ascorbic Acid, Collagen Amino Acids, Niacinamide, Carnitine HCl, Hydroxyproline, Glycine, Carnitine, Squalane, Dipotassium Glycyrrhizate, Tocopherol, Saccharide Isomerate, Acetyl Hexapeptide8, Superoxide Dismutase, Leuconostoc/Radish Root Ferment Filtrate, Ubiquinone, Aloe Barbadensis Leaf Juice, Camellia Sinensis Leaf Extract, Cucumis Sativus (Cucumber) Fruit Extract, Lactobacillus Ferment, Undaria Pinnatifida Extract, Glycolic Acid, Lecithin, Biotin, Maltodextrin, Elettaria Cardamomum Seed Extract, Pyrus Malus (Apple) Fruit Extract, Rubus Idaeus (Raspberry) Fruit Extract, Cananga Odorata Flower Extract, Citrus Aurantium Amara (Bitter Orange) Flower Extract, Citrus Aurantium Bergamia (Bergamot) Fruit Extract, Coffea Arabica (Coffee) Seed Extract, Cucumis Melo (Melon) Fruit Extract, Cupressus Sempervirens Leaf/Stem Extract, Fucus Vesiculosus Extract, Jasminum Officinale (Jasmine) Flower Extract, Rose Extract, Rosmarinus Officinalis (Rosemary) Leaf Extract, Salvia Officinalis (Sage) Leaf Extract, Santalum Album (Sandalwood) Wood Extract, Triethyl Citrate, Lavandula Angustifolia (Lavender) Flower/Leaf/Stem Extract, 1,2Hexanediol, Sorbitan Isostearate, Caprylyl Glycol, Hydroxyethylcellulose, Sodium Phytate, Sodium Citrate, Citric Acid, Trisodium EDTA, Ammonium Hydroxide, Tromethamine, Potassium Hydroxide, Polysorbate 60, Carbomer, Alcohol, Disodium Phosphate, Sodium Phosphate, Phenoxyethanol, Potassium Sorbate.",208,9378,1.7,0.0,https://www.sephora.com/product/c-collagen-deep-cream-P421957?icid2=products%20grid:p421957,1.7,42.35294117647059
Vinoperfect Brightening Glycolic Essence,Caudalie,moisturizing-cream-oils-mists,49.0,"Vitis Vinifera (Grape) Fruit Water*, Citrus Aurantium Amara (Bitter Orange) Flower Water*, Glycerin*, Methylpropanediol, Glycolic Acid, Sodium Hydroxide, Vitis Vinifera (Grape) Juice*, Caprylyl Glycol, Citric Acid*, Arginine, Sodium Benzoate, Paeonia Lactiflora Root Extract*, Phenylpropanol, Potassium Sorbate, Sodium Phytate*, Linalool, Limonene.",426,42584,5.0,0.0,https://www.sephora.com/product/vinoperfect-concentrated-brightening-essence-P420224?icid2=products%20grid:p420224,5.0,9.8
Phoenix Cell Regenerating Facial Oil,Herbivore,moisturizing-cream-oils-mists,88.0,"Simmondsia Chinensis (Jojoba) Seed Oil, Rosa Canina (Rosehip) Seed Oil, Limnanthes Alba (Meadowfoam) Seed Oil, Salvia Hispanica (Chia) Seed Oil, CoQ10, Hippophae Rhamnoides L (Sea Buckthorn) Oil, Tocopherol (Vitamin E), Rosa Centifolia Flower Extract (Rose Extract), Citrus Aurantium (Neroli) Oil.",213,28092,1.7,0.0,https://www.sephora.com/product/phoenix-cell-regenerating-facial-oil-P400204?icid2=products%20grid:p400204,1.7,51.76470588235294
Photo Finish Primer Water,Smashbox,moisturizing-cream-oils-mists,32.0,"Butylene Glycol, Caffeine, Magnesium Chloride, Calcium Chloride, Sodium Sulfate, Potassium Nitrate, Potassium Phosphate, Polysorbate 80, Diamond Powder, Fragrance, Limonene, Linalool, Citral, Phenoxyethanol, Sodium Benzoate <iln41022></iln41022>",1000,104773,3.9,0.0,https://www.sephora.com/product/smashbox-photo-finish-primer-water-P392347?icid2=products%20grid:p392347,3.9,8.205128205128206
Prime Time™  BB Tinted Primer Broad Spectrum SPF 30,bareMinerals,moisturizing-cream-oils-mists,27.0,"Butylene Glycol, Caffeine, Magnesium Chloride, Calcium Chloride, Sodium Sulfate, Potassium Nitrate, Potassium Phosphate, Polysorbate 80, Diamond Powder, Fragrance, Limonene, Linalool, Citral, Phenoxyethanol, Sodium Benzoate <iln41022></iln41022>",315,17767,1.0,0.0,https://www.sephora.com/product/prime-time-bb-primer-cream-daily-defense-broad-spectrum-spf-30-P385504?icid2=products%20grid:p385504,1.0,27.0
SOS Save.Our.Skin Daily Rescue Facial Spray,Tower 28 Beauty,moisturizing-cream-oils-mists,28.0,"Sodium Chloride, Hypochlorous Acid.",97,2854,0.0,4.0,https://www.sephora.com/product/sos-save-our-skin-daily-rescue-facial-spray-P448852?icid2=products%20grid:p448852,4.0,7.0
The Renewal Oil,La Mer,moisturizing-cream-oils-mists,245.0,"Limnanthes Alba (Meadowfoam) Seed Oil, Dimethicone, Caprylic/Capric Triglyceride, Trisiloxane, Prunus Amygdalus Dulcis (Sweet Almond) Oil, Simmondsia Chinensis (Jojoba) Seed Oil, Polydecene, Hydrogenated Polydecene, Butylene Glycol, Propanediol, Glycerin, Algae (Seaweed) Extract, Brassica Campestris (Rapeseed) Seed Oil, Helianthus Annuus (Sunflower) Seed Oil, Sesamum Indicum (Sesame) Seed Oil, Eucalyptus Globulus (Eucalyptus) Leaf Oil, Camelina Sativa Seed Oil, Oxycoccus Palustris (Cranberry) Seed Oil, Olea Europaea (Olive) Fruit Oil, Hippophae Rhamnoides Oil, Medicago Sativa (Alfalfa) Seed Powder, Helianthus Annuus (Sunflower) Seedcake, Prunus Amygdalus Dulcis (Sweet Almond) Seed Meal, Sodium Gluconate, Copper Gluconate, Calcium Gluconate, Magnesium Gluconate, Zinc Gluconate, Tocopheryl Succinate, Niacin, Sesamum Indicum (Sesame) Seed Powder, Laminaria Ochroleuca Extract, Laminaria Saccharina Extract, Hydrolyzed Algin, Sea Salt/Maris Sal/Sel Marin, Chlorella Vulgaris Extract, Salicornia Herbacea Extract, Sigesbeckia Orientalis (St. Paul'S Wort) Extract, Laminaria Digitata Extract, Rosmarinus Officinalis (Rosemary) Leaf Extract, Magnolia Officinalis Bark Extract, Yeast Extract/Faex/Extrait De Levure, Crithmum Maritimum Extract, Commiphora Mukul Resin Extract, Citrus Aurantifolia (Lime) Peel Extract, Molasses Extract/Saccharum Officinarum/Extrait De Melasse, Sucrose, Acetyl Hexapeptide8, Acetyl Glucosamine, Caffeine, Tocopheryl Acetate, Phenyl Trimethicone, Sodium Chloride, Tetrahexyldecyl Ascorbate, Alcohol Denat., Fragrance, Hexyl Cinnamal, Linalool, Amyl Cinnamal, Geraniol, Limonene, Citral, Benzyl Benzoate, Coumarin, Citronellol, Bht, Phenoxyethanol, Yellow 5 (Ci 19140), Yellow 6 (Ci 15985) <iln41590></iln41590>",51,10261,0.0,1.0,https://www.sephora.com/product/the-renewal-oil-P417241?icid2=products%20grid:p417241,1.0,245.0
Evercalm™ Overnight Recovery Balm,REN Clean Skincare,moisturizing-cream-oils-mists,48.0,"CocoCaprylate/Caprate, Glycerin, Almond/Borage/Linseed/Olive Acids/Glycerides, Polyglyceryl6 Distearate, Jojoba Esters, Oryza Sativa Starch, Cetyl Alcohol, Glyceryl Stearate, Helianthus Annuus (Sunflower) Seed Oil Unsaponifiables, Glyceryl Caprylate, Polyglyceryl3 Beeswax, Sodium Stearoyl Glutamate, Benzyl Alcohol, Parfum (Fragrance), Hippophae Rhamnoides Oil, Tocopherol, Magnesium Carboxymethyl BetaGlucan, Dehydroacetic Acid, Eclipta Prostrata Extract, Eclipta Prostrata Leaf Extract, Moringa Oleifera Seed Oil, Helianthus Annuus (Sunflower) Seed Oil, Rosmarinus Officinalis Leaf Extract, Citronellol, Geraniol, Limonene, Linalool. *100% Natural Fragrance.",204,19247,1.02,0.0,https://www.sephora.com/product/evercalm-overnight-recovery-balm-P436094?icid2=products%20grid:p436094,1.02,47.05882352941176
Bienfait Multi-Vital SPF 30 Day Cream Moisturizer,Lancôme,moisturizing-cream-oils-mists,50.0,"Dimethicone, Glycerin, Alcohol Denat., Vp/Eicosene Copolymer, Hydrogenated Polyisobutene, Aluminum Starch Octenylsuccinate, Sucrose Stearate, Silica, Poly C1030 Alkyl Acrylate, Ribes Nigrum (Black Currant) Seed Oil, Tocopheryl Acetate, Ascorbyl Glucoside, Sodium Polyacrylate, Sodium Hydroxide, Hydroxycitronellal, Hydroxyisohexyl 3Cyclohexene Carboxaldehyde, Phenoxyethanol, Stearic Acid, Thermus Thermophillus Ferment, Eugenol, Ethylparaben, Triethanolamine, Palmitic Acid, Helianthus Annuus (Sunflower) Seed Oil, Dimethiconol, Panthenol, Xanthan Gum, Benzyl Salicylate, Benzyl Alcohol, Linalool, Oxothiazolidinecarboxylic Acid, Caprylyl Glycol, AlphaIsomethyl Ionone, Acrylates/C1030 Alkyl Acrylate Crosspolymer, Geraniol, Moringa Pterygosperma Seed Extract, Disodium Edta, Castanea Sativa (Chestnut) Seed Extract, Rosa Canina Fruit Oil, Methylparaben, Citronellol, Hexyldecanol, Hexyldecyl Laurate, Hexyl Cinnamal, Fragrance.",194,6739,1.69,0.0,https://www.sephora.com/product/bienfait-multi-vital-spf-30-cream-high-potency-vitamin-enriched-daily-moisturizing-cream-P158043?icid2=products%20grid:p158043,1.69,29.585798816568047
Hibiscus Unspottable Correcting Oil,Volition Beauty,moisturizing-cream-oils-mists,49.0,"Caprylic/Capric Triglyceride, Carthamus Tinctorius (Safflower) Seed Oil, Hibiscus Sabdariffa (Hibiscus) Seed Oil, Glycyrrhiza Glabra (Licorice) Root Extract, Rosa Canina (Rosehip) Fruit Oil, Nardostachys Jatamansi (Spikenard) Extract, Helichrysum Italicum (Everlasting) Extract, Squalane, Sclerocarya Birrea (Marula) Seed Oil, Orbinignya Oleifera (Babassu) Seed Oil, Lavandula Angustifolia (Lavender) Oil, Ormenis Multicaulis (Chamomile) Oil, Hippophae Rhamnoides (Sea Buckthorn) Fruit Oil, Ubiquinone, Tocopherol, Tocopheryl Acetate, Glycerin, Stearyl Glycyrrhetinate, C1215 Alkyl Benzoate, Leuconostoc/Radish Root Ferment Filtrate.",152,3979,1.1,0.0,https://www.sephora.com/product/volition-beauty-hibiscus-unspottable-correcting-oil-P454374?icid2=products%20grid:p454374,1.1,44.54545454545454
Water Bank Hydro Essence,LANEIGE,moisturizing-cream-oils-mists,39.0,"Propanediol, Hexyldecyl Myristoyl Methylaminopropionate, Isostearyl Neopentanoate, Glycerin, Methyl Trimethicone, Sea Water / Maris Aqua / Eau De Mer, Saccharide Isomerate, Dimethicone, Polyacrylate Crosspolymer6, Tromethamine, Dimethicone/ Vinyl Dimethicone Crosspolymer, Butylene Glycol, Acrylates/C1030 Alkyl Acrylate Crosspolymer, Carbomer, Glyceryl Caprylate, Disodium Edta, Ethylhexylglycerin, 1,2Hexanediol, Fragrance / Parfum, Chenopodium Quinoa Seed Extract, Magnesium Sulfate, Calcium Chloride, Phenoxyethanol, Sodium Citrate, Citric Acid, TButyl Alcohol, Beta Vulgaris (Beet) Root Extract / Extrait De Racine De Betterave, Manganese Sulfate, Zinc Sulfate, Lecithin, Brassica Oleracea Acephala Leaf Extract, Nasturtium Officinale Extract, Tocopherol, Lepidium Sativum Sprout Extract, Ascorbyl Glucoside.",400,6560,2.4,0.0,https://www.sephora.com/product/water-bank-hydro-essence-P448187?icid2=products%20grid:p448187,2.4,16.25
Face Cream,Dr. Barbara Sturm,moisturizing-cream-oils-mists,215.0,"Octyldodecanol, C1215 Alkyl Benzoate, Glycerin, Butyrospermum Parkii (Shea) Butter, Decyl Oleate, Zea Mays (Corn) Germ Oil, Cetearyl Alcohol, Glyceryl Stearate, Lactobacillus/Portulaca Oleracea Ferment Extract, Sorbitol, Propanediol, Potassium Cetyl Phosphate, Cocoglycerides, Dimethicone, Tocopheryl Acetate, Phenoxyethanol, Hydrogenated Palm Glycerides, Panthenol, Squalane, Carbomer, Xanthan Gum, Ethylhexylglycerin, Potassium Sorbate, Leuconostoc/Radish Root Ferment Filtrate, Alcohol, Caprylic/Capric Triglyceride, Baicalin, Pantolactone, Ascorbyl Palmitate, Citric Acid, Ascorbic Acid.",168,1420,1.69,0.0,https://www.sephora.com/product/dr-barbara-sturm-face-cream-P447781?icid2=products%20grid:p447781,1.69,127.21893491124261
All Day Hydrator - Hydrate & Glow,SEPHORA COLLECTION,moisturizing-cream-oils-mists,17.0,"Hyaluronic Acid Derived From Wheat, Vitamin C, Vitamin E Of Natural Origin From Sunflower Blossom, Glycerin Of Natural Origin, Caprylic/Capric Triglyceride, Glycerin, Butylene Glycol, Heptyl Undecylenate, Glyceryl Stearate, Peg100 Stearate, Glyceryl Stearate Citrate, Palmitic Acid, Stearic Acid, Hydroxyacetophenone, Hydroxyethyl Acrylate/Sodium Acryloyldimethyl Taurate Copolymer, Microcrystalline Cellulose, Caprylyl Glycol, Perfume, Helianthus Annuus (Sunflower) Seed Oil, Tocopherol, Vitamin E, Caesalpinia Spinosa Gum, Hyaluronic Acid, Bisabolol, Sodium Benzoate, Cellulose Gum, Polysorbate 60, Sorbitan Isostearate, Sodium Phytate, Physicochemical Formula Stabilizer, Arginine, Ascorbyl Glucoside.",433,20280,0.0,0.0,https://www.sephora.com/product/all-day-hydrator-hydrate-glow-P438617?icid2=products%20grid:p438617,2.0673014048531417,8.223280824020751
Hydro-Dynamic® Ultimate Moisture,Murad,moisturizing-cream-oils-mists,75.0,"C1215 Alkyl Benzoate, Caprylic/Capric Triglyceride, Glycerin, Sunflower Seed Oil, Butylene Glycol, Glyceryl Stearate, Glyceryl Behenate/Eiosadioate, Dicaprylyl Carbonate, Shea Butter, Cetearyl Alcohol, Myristyl Myristate, Cetyl Alcohol, Ethoxydiglycol, Phenyl Trimethicone, Stearic Acid, Oat Kernel Extract, Saccharomyces Cerevisiae Extract, Laminaria Digitata Extract, Yeast Amino Acids, Betaine, Inositol, Taurine, Trehalose, Soybean Sterols, Corn Starch, Olive Fruit Oil, Avocado Oil, Sodium Hyaluronate, Dipotassium Glycyrrhizate, Tetrahexyldecyl Ascorbate, Tocopheryl Acetate, Linoleic Acid, Phospholipids, Polysorbate 60, Acrylamide/Sodium Acryloyldimethyltaurate Copolymer, Isohexadecane, Glyceryl Polymethacrylate, Panthenol, Jojoba Alcohol, Potassium Jojobate, Polysorbate 80, Urea, Glucosamine HCI, PEG8, Bisabolol, Sorbitan Oleate, Cetearyl Methicone, Dimethicone, Palmitoyl Oligopeptide, Retinyl Palmitate, Allantoin, Xanthan Gum, Disodium EDTA, BHT, Ethylhexylglycerin, Chlorphenesin, Phenoxyethanol.",426,13996,1.7,0.0,https://www.sephora.com/product/hydro-dynamic-ultimate-moisture-P268700?icid2=products%20grid:p268700,1.7,44.11764705882353
Vitamin C Glow Moisturizer,Fresh,moisturizing-cream-oils-mists,42.0,"Glycerin, Pentylene Glycol, Ethylhexyl Isononanoate, Caprylic/Capric Triglyceride, Jojoba Esters, Glyceryl Stearate, Caprylyl Methicone, Polyglycerin3, Propanediol, Glucosyl Hesperidin, Vaccinium Myrtillus Fruit Extract, Saccharum Officinarum (Sugar Cane) Extract, Citrus Medica Limonum (Lemon) Fruit Extract, Citrus Aurantium Dulcis (Orange) Fruit Extract, Acer Saccharum (Sugar Maple) Extract, Tocopheryl Acetate, Ascorbyl Tetraisopalmitate, Panthenol, Tocopherol, Magnesium Aspartate, Zinc Gluconate, Copper Gluconate, Ethylhexyl Palmitate, Stearyl Alcohol, Ceteth20, Sodium Polyacrylate, Stearic Acid, Steareth21, Steareth25, Caprylyl Glycol, Tromethamine, Acrylates/C1030 Alkyl Acrylate Crosspolymer, Fragrance, Tetrasodium EDTA, Xanthan Gum, Sodium Hyaluronate, Butylene Glycol, Caramel, BHT, Phenoxyethanol, Limonene, Linalool, Citral, Benzyl Salicylate.",349,26044,1.6,0.0,https://www.sephora.com/product/vitamin-nectar-moisture-glow-face-cream-P420158?icid2=products%20grid:p420158,1.6,26.25
Charlotte's Magic Night Cream,Charlotte Tilbury,moisturizing-cream-oils-mists,145.0,"Glycerin, Ricinus Communis (Castor) Seed Oil, Caprylic/Capric Triglyceride, Sucrose Stearate, Ethylhexyl Stearate, Olus/Vegetable Oil/Huile Végétale, Dipentaerythrityl Hexacaprylate/Hexacaprate, Hydroxystearic/Linolenic/Oleic Polyglycerides, C2040 Alcohols, Isodecyl Neopentanoate, Butylene Glycol, Phenoxyethanol, Microcrystalline Cellulose, Cera Alba/Beeswax/Cire D'abeille, Polysorbate 20, Ethylhexylglycerin, Chlorphenesin, Cellulose Gum, Fragrance, Titanium Dioxide, Xanthan Gum, Hydroxypropyl Cyclodextrin, Chondrus Crispus Extract, Squalane, Helianthus Annuus (Sunflower) Seed Oil, Hexyl Cinnamal, Benzyl Benzoate, Peg8, Caramel, Tocopherol, Retinol, Linalool, Hydroxycitronellal, Cinnamyl Alcohol, Daphne Odora Callus Extract, Eugenol, Ascorbyl Palmitate, Nicotiana Sylvestris Leaf Cell Culture, Plumeria Rubra Flower Extract, Ubiquinone, Lecithin, Ascorbic Acid, Citric Acid, Ascorbyl Tetraisopalmitate, Benzoic Acid, Red 33 (Ci 17200), Yellow 6 (Ci 15985), Yellow 5 (Ci 19140).",52,3431,1.7,0.0,https://www.sephora.com/product/charlotte-s-magic-night-cream-P433519?icid2=products%20grid:p433519,1.7,85.29411764705883
High Potency Classics: Face Finishing & Firming Moisturizer,Perricone MD,moisturizing-cream-oils-mists,69.0,"Ethylhexyl Palmitate, Glycerin, Aleurites Moluccana (Kukui Nut) Seed Oil, Cetearyl Alcohol, Polyacrylamide, Polysorbate 60, Glyceryl Stearate, PEG100 Stearate, Dimethyl MEA (DMAE), C1314 Isoparaffin, Citric Acid, PEG/PPG18/18 Dimethicone, Dimethicone, Caprylyl Glycol, Phenoxyethanol, Tetrahexyldecyl Ascorbate (Vitamin C Ester), LTyrosine, Fragrance, Laureth7, Hexylene Glycol, Hydrolyzed Wheat Protein, Tocopheryl Acetate, Citronellol, Geraniol, Hydrolyzed Wheat Starch, Thioctic Acid (Alpha Lipoic Acid), Hydroxycitronellal, Butylphenyl Methylpropional, Benzyl Benzoate, Eugenol.",1000,17520,0.0,2.0,https://www.sephora.com/product/face-finishing-moisturizer-P211304?icid2=products%20grid:p211304,2.0,34.5
Benefiance Wrinkle Smoothing Cream Enriched,Shiseido,moisturizing-cream-oils-mists,70.0,"Cetyl Ethylhexanoate, Glycerin, Niacinamide, Nylon12, Cetearyl Alcohol, Dipropylene Glycol, Sd Alcohol 40B (Alcohol Denat.), Caprylic/Capric Triglyceride, Phytosteryl Macadamiate, Glyceryl Stearate, Dimethicone, Diisostearyl Malate, Beheneth20, Phenoxyethanol, Alcohol, Tocopheryl Acetate, Erythritol, Peg/Ppg14/7 Dimethyl Ether, Peg/Ppg17/4 Dimethyl Ether, Hdi/Trimethylol Hexyllactone Crosspolymer, Carbomer, Fragrance, Butylene Glycol, Sodium Citrate, Trisodium Edta, Potassium Hydroxide, Citric Acid, Caffeine, Xanthan Gum, Sodium Metabisulfite, Sodium Metaphosphate, Iron Oxides (Ci 77492), Ppg3 Dipivalate, Linalool, Tocopherol, Sapindus Mukorossi Peel Extract, Limonene, Citronellol, Silica, Geraniol, Angelica Keiskei Leaf/Stem Extract, AlphaIsomethyl Ionone, Camellia Sinensis Leaf Extract, Citrus Junos Seed Extract, Ziziphus Jujuba Fruit Extract, Iron Oxides (Ci 77491), Eucheuma Serra/Grateloupia Sparsa/Saccharina Angustata/Ulva Linza/Undaria Pinnatifida Extract, Curcuma Longa (Turmeric) Rhizome Extract, Saccharina Angustata/Undaria Pinnatifida Extract, Chlorella Vulgaris Extract.",133,1627,0.0,1.7,https://www.sephora.com/product/benefiance-wrinkle-smoothing-cream-enriched-P448202?icid2=products%20grid:p448202,1.7,41.1764705882353
Lavender Water Sleeping Mask,LANEIGE,moisturizing-cream-oils-mists,25.0,"Butylene Glycol, Cyclopentasiloxane, Glycerin, Cyclohexasiloxane, Trehalose,Ammonium Acryloyldimethyltaurate/Vp Copolymer, Polysorbate 20, Phenoxyethanol, Dimethicone,Polyacrylic Acid, Dimethicone/Vinyl Dimethicone Crosspolymer, Propanediol, Dimethiconol,Tromethamine, Ethylhexylglycerin, Stearyl Behenate, Fragrance, Polyglyceryl3 MethylglucoseDistearate, 1,2Hexanediol, Disodium Edta, Chenopodium Quinoa Seed Extract, PotassiumAlginate, Linalool, Magnesium Sulfate, Calcium Chloride, Hydroxypropyl Bispalmitamide Mea,BetaGlucan, Inulin Lauryl Carbamate, Manganese Sulfate, Limonene, Oenothera Biennis (EveningPrimrose) Root Extract, Alcohol, Caprylyl Glycol, Zinc Sulfate, Potassium Sorbate, PrunusArmeniaca (Apricot) Fruit Extract, Citric Acid, Tocopherol, Sodium Hyaluronate, Ascorbyl Glucoside.",241,30706,2.3,0.0,https://www.sephora.com/product/lavender-water-sleeping-mask-P439649?icid2=products%20grid:p439649,2.3,10.869565217391305
Invigorating Night Transformation™ Gel,OLEHENRIKSEN,moisturizing-cream-oils-mists,38.0,"Glycolic Acid, Glycerin, Chondrus Crispus (Carrageenan), Xantahn Gum, Lactic Acid, Potassium Hydroxide, Vaccinium Myrtillus (Bilberry) Fruit Extract, Phenoxyethanol, Saccharum Officinarum (Sugar Cane) Extract, Propylene Glycol, Chlorphenesin, Citrus Limon (Lemon) Fruit Extract, Acer Saccarum (Sugar Maple) Extract, Sodium Dehydroacetate, Citric Acid, Parfum/Fragrance, Biosaccharide Gum1, Sodium Levulinate, Calcium Ascorbate, Glyceryl Caprylate, Tocopherol, Glycine Soja (Soybean) Oil, Sodium Anisate, Calcium Carbonate, Calcium Threonate, Glycyrrhiza Glabra (Licorice) Root Extract, Sodium Benzoate, Potassium Sorbate, Benzyl Benzoate.",1000,2294,1.0,0.0,https://www.sephora.com/product/ole-henriksen-invigorating-night-transformation-gel-P454397?icid2=products%20grid:p454397,1.0,38.0
Cooling Water,MILK MAKEUP,moisturizing-cream-oils-mists,26.0,"Butylene Glycol, BisPEG18 Methyl Ether Dimethyl Silane, Sodium Stearate, Pentylene Glycol, Isosteareth2, Glycerin, Sea Manganese Gluconate, Nylon12, Caffeine, Phenoxyethanol, Chlorphesin, Blue 1.",1000,77901,0.0,1.2,https://www.sephora.com/product/cooling-water-P404795?icid2=products%20grid:p404795,1.2,21.666666666666668
Rose Deep Hydration Sleeping Mask,Fresh,moisturizing-cream-oils-mists,50.0,"Glycerin, Dicaprylyl Carbonate, Propanediol, Ammonium Acryloyldimethyltaurate/VPCopolymer, Dimethicone, PEG60 Hydrogenated Castor Oil, Cucumis Sativus (Cucumber) FruitExtract, Oenothera Biennis (Evening Primrose) Root Extract, Rosa Damascena Flower Oil,Tocopheryl Acetate, Tocopherol, Butylene Glycol, Dimethicone/Vinyl Dimethicone Crosspolymer,Caprylyl Glycol, Polyacrylamide, C1314 Isoparaffin, Caprylic/Capric Triglyceride, HydroxylatedLecithin, Trehalose, Urea, Laureth7, Caramel, Serine, Betaine, Inositol, Taurine, Algin, BHT,Pentylene Glycol, Acacia Senegal Gum, Glyceryl Polyacrylate, Pullulan, SodiumHyaluronate, Citric Acid, Disodium Phosphate, Potassium Phosphate, Potassium Sorbate,Phenoxyethanol, Citronellol, Geraniol.",1000,23182,1.18,0.0,https://www.sephora.com/product/rose-deep-hydration-sleeping-mask-P442858?icid2=products%20grid:p442858,1.18,42.37288135593221
WASO: Color-Smart Day Moisturizer Oil-Free SPF 30 Sunscreen,Shiseido,moisturizing-cream-oils-mists,38.0,"Cyclopentasiloxane, Sd Alcohol 40B, Glycerin, Methyl Methacrylate Crosspolymer, Dimethicone, PEG10 Dimethicone, Polybutylene Glycol/PPG9/1 Copolymer, Lauryl PEG9 Polydimethylsiloxyethyl Dimethicone, Polymethylsilsesquioxane, Talc, Erythritol, Silica, Trehalose, Disteardimonium Hectorite, Trimethylsiloxysilicate, Caffeine, Betaine, PEG/PPG17/4 Dimethyl Ether, Phytosteryl/Octyldodecyl Lauroyl Glutamate, Dipeptide15, Eriobotrya Japonica Leaf Protoplasts, Paeonia Albiflora Root Extract, Lamium Album Flower/Leaf/Stem Extract, Citrus Junos Seed Extract, Eriobotrya Japonica Leaf Extract, Aluminum Hydroxide, Stearic Acid, Isostearic Acid, Butylene Glycol, Trisodium Edta, Polyester1, Alcohol, Silica Dimethyl Silylate, Alumina, Triethoxycaprylylsilane, Hydrogen Dimethicone, Bht, Tocopherol, Phenoxyethanol, Benzoic Acid, Fragrance, Titanium Dioxide, Iron Oxides, Mica.",242,7300,1.9,0.0,https://www.sephora.com/product/waso-color-smart-day-moisturizer-oil-free-broad-spectrum-spf-30-P421769?icid2=products%20grid:p421769,1.9,20.0
GinZing™ Ultra-Hydrating Energy-Boosting Cream,Origins,moisturizing-cream-oils-mists,30.0,"Cyclopentasiloxane, Sd Alcohol 40B, Glycerin, Methyl Methacrylate Crosspolymer, Dimethicone, PEG10 Dimethicone, Polybutylene Glycol/PPG9/1 Copolymer, Lauryl PEG9 Polydimethylsiloxyethyl Dimethicone, Polymethylsilsesquioxane, Talc, Erythritol, Silica, Trehalose, Disteardimonium Hectorite, Trimethylsiloxysilicate, Caffeine, Betaine, PEG/PPG17/4 Dimethyl Ether, Phytosteryl/Octyldodecyl Lauroyl Glutamate, Dipeptide15, Eriobotrya Japonica Leaf Protoplasts, Paeonia Albiflora Root Extract, Lamium Album Flower/Leaf/Stem Extract, Citrus Junos Seed Extract, Eriobotrya Japonica Leaf Extract, Aluminum Hydroxide, Stearic Acid, Isostearic Acid, Butylene Glycol, Trisodium Edta, Polyester1, Alcohol, Silica Dimethyl Silylate, Alumina, Triethoxycaprylylsilane, Hydrogen Dimethicone, Bht, Tocopherol, Phenoxyethanol, Benzoic Acid, Fragrance, Titanium Dioxide, Iron Oxides, Mica.",3000,78475,0.0,1.7,https://www.sephora.com/product/ginzing-tm-energy-boosting-moisturizer-P378852?icid2=products%20grid:p378852,1.7,17.647058823529413
The True Cream Aqua Bomb Deco,belif,moisturizing-cream-oils-mists,22.0,"Dipropylene Glycol, Glycerin, Methl Trimethicone, Alcohol Denat, Dimethicone, Cyclopentasiloxane, 1,2Hexanediol, Malakite Extract,  Caprylic/Capric Triglyceride, Pentaerythrityl Tetraethylhexanoate, PEG/PPG/Polybutylene Glycol8/5/3 Glycerin, Alchemilla Vulgaris Leaf Extract*, Equisetum Arvense Leaf Extract*, Stellaria Media (Chickweed) Extract*, Urtica Dioica (Nettle) Leaf Extract*, Plantago Lanceolata Leaf Extract*, Avena Sativa (Oat) Kernel Extract**, Calendula Officinalis Flower Extract**, Nepeta Cataria Extract**, Rubus Idaeus (Raspberry) Leaf Extract**, Baptisia Tinctoria Root Extract**, Dimethiconol, Polymethylsilsesquioxane, Sodium Acrylate/Acryloyldimethyltaurate/Dimethylacrylamide Crosspolymer, Isohexadecane, Polysorbate 60, Ceramide 3, Cholesterol, Butyrospermum Parkii (Shea) Butter, Phenl Trimethicone, Pentaerythrityl Tetraisostearate, Panthenol, Squalane, Triethylhexanoin, Macadamia Ternifolia Seed Oil, PEG150, PEG40 Hydrogenated Castor Oil, Acrylates/C1030 Alkyl Acrylate Crosspolymer, C1422 Alcohols, Arachidyl Glucoside, Hydrogenated Lecithin, PEG100 Stearate, Stearic Acid, Glyceryl Stearate, Carbomer, Tromethamine, Trisodium EDTA, Fragrance+, Citronellol, Limonene, Citral, Geraniol, Linalool.",14,0,0.0,0.0,https://www.sephora.com/product/the-true-cream-aqua-bomb-deco-P425443?icid2=products%20grid:p425443,2.0673014048531417,10.641892831085679
MOISTURE BOUND Rejuvenating Crème,AMOREPACIFIC,moisturizing-cream-oils-mists,150.0,"Phyllostachis Bambusoides Juice, Butylene Glycol, Alcohol, Glycerin, Butylene Glycol Dicaprylate/Dicaprate, Dimethicone, Pentaerythrityl Tetraethylhexanoate, Squalane, Caprylic/Capric Triglyceride, Camellia Sinensis Leaf Extract, Cetearyl Alcohol, C1422 Alcohols, Opuntia Coccinellifera Fruit Extract, Glycine Soja (Soybean) Seed Extract, Nelumbo Nucifera Flower Extract, Hydrolyzed Phyllostachis Bambusoides, Hydrolyzed Camellia Sinensis Leaf, Sodium Hyaluronate, BetaGlucan, Hydroxypropyl Bispalmitamide Mea, Theanine, Camellia Sinensis Flower Extract, Kaempferol, Epigallocatechin Gallate, Xylitylglucoside, Anhydroxylitol, Xylitol, Stearyl Behenate, Cyclopentasiloxane, Cetearyl Olivate, Stearic Acid, Sorbitan Olivate, Dimethiconol, Limnanthes Alba (Meadowfoam) Seed Oil, Propanediol, Glyceryl Stearate, Peg100 Stearate, Polyacrylate13, C1220 Alkyl Glucoside, Hydroxyethyl Acrylate/Sodium Acryloyldimethyl Taurate Copolymer, Polyglyceryl3 Methylglucose Distearate, Polyisobutene, Tocopherol, Polysorbate 20, Ethylhexylglycerin, Peg15 Pentaerythrityl Tetra(Laureth6 Carboxylate), Phytantriol, Poloxamer 407, Inulin Lauryl Carbamate, Ammonium Acryloyldimethyltaurate/Vp Copolymer, Caffeine, Disodium Edta, Phenoxyethanol, Fragrance.",186,5454,0.0,1.7,https://www.sephora.com/product/moisture-bound-rejuvenating-creme-P282613?icid2=products%20grid:p282613,1.7,88.23529411764706
Capture Totale Multi-Perfection Creme,Dior,moisturizing-cream-oils-mists,165.0,"Aqua (Water), Limnanthes Alba (Meadowfoam) Seed Oil, Isotridecyl Isononanoate, Glycerin, Isononyl Isononanoate, Cetearyl Isononanoate, Butylene Glycol, Steareth21, Myristyl Myristate, Decyloxazolidinone, Methyl Methacrylate Crosspolymer, Pentylene Glycol, Glyceryl Stearate, Jojoba Esters, Phenoxyethanol, Behenyl Alcohol, Cetyl Alcohol, Stearyl Alcohol, Alcohol, Dimethicone, Caprylyl Glycol, Acrylates/C1030 Alkyl Acrylate Crosspolymer, Polyacrylamide, Parfum (Fragrance), Xylitol, Tromethamine, C1314 Isoparaffin, Xanthan Gum, Sorbitol, Secale Cereale (Rye) Seed Extract, Sodium Hyaluronate, Tetrasodium Edta, Algin, Malva Sylvestris (Mallow) Extract, Dimethylmethoxy Chromanol, Adenosine, Laureth7, Polyvinyl Alcohol, Sodium Tocopheryl Phosphate, Butylphenyl Methylpropional, Cellulose Gum, Limonene, Bht, Sodium Metabisulfite, Palmaria Palmata Extract, Aframomum Angustifolium Seed Extract, AlphaIsomethyl Ionone, Sodium Benzoate, Geraniol, Citronellol, Jasminum Officinale (Jasmine) Flower Extract, Tocopherol, Ci 14700 (Red 4).",46,5095,2.0,0.0,https://www.sephora.com/product/capture-totale-multi-perfection-creme-P377574?icid2=products%20grid:p377574,2.0,82.5
C-Rush™ Brightening Double Crème,OLEHENRIKSEN,moisturizing-cream-oils-mists,46.0,"Glycerin, Propanediol, Myristyl Myristate, Dicaprylyl Carbonate, 3OEthyl Ascorbic Acid, Glyceryl Stearate, Cetearyl Alcohol, Butyrospermum Parkii (Shea) Butter, Panthenol, Polysorbate 60, Dimethicone, Candelilla/Jojoba/Rice Bran Polyglyceryl3 Esters, Polyacrylate Crosspolymer6, Tetrahexydecyl Ascorbate, Vitis Vinifera (Grape) Seed Oil, Jojoba Esters, Hydroxyacetonphenone, Ammonium Acryloyldimethyltaurate/Beheneth25 Methacrylate Crosspolymer, Linoleic Acid, Cetearyl Olivate, Sorbitan Olivate, Parfum/Fragrance, Sodium Stearoyl Lactylate, Phenoxyethanol, Pentaerythrityl TetraDiTButyl Hydroxyhydrocinnamate, Linolenic Acid, Citrus Limon (Lemon) Fruit Extract, Rosa Canina Fruit Extract, Hippophae Rhamnoides Extract, Ethylhexylglycerin, Lycium Barbarum Fruit Extract, Citrus Aurantium Dulcis (Orange) Fruit Extract, Xanthan Gum, Leuconostoc/Radish Root Ferment Filtrate, Camellia Japonica Flower Extract, Citric Acid, Sodium Phytate, Collagen, Ascorbic Acid, Tocopherol, Yellow 6 (Ci 15985), Yellow 5 (Ci 19140), Citral, Limonene, Linalool, Benzyl Benzoate, Benzyl Alcohol.",23,4288,1.7,0.0,https://www.sephora.com/product/ole-henriksen-c-rush-brightening-double-creme-P453221?icid2=products%20grid:p453221,1.7,27.058823529411764
Rose Floral Toner,Fresh,moisturizing-cream-oils-mists,40.0,"Glycerin, Pentylene Glycol, Rosa Damascena Flower Anthemis NobilisFlower Oil, Sodium Citrate, CitricAcid, Citronellol, Geraniol, Phenoxyethanol.",868,66070,0.0,8.5,https://www.sephora.com/product/rose-floral-toner-P39970?icid2=products%20grid:p39970,8.5,4.705882352941177
Photo Finish Primerizer,Smashbox,moisturizing-cream-oils-mists,42.0,"Glycerin, Dimethicone, Isopropyl Isostearate, Ppg15 Stearyl Ether, Niacinamide, Hydroxyethyl Urea, Sodium Polyaspartate, Sodium Hyaluronate, Algae Extract, Caffeine, Trehalose, Sorbitol, Decyl Glucoside, Xanthan Gum, 1,2Hexanediol, Propanediol, Sodium Hydroxide, Acrylates/C1030 Alkyl Acrylate Crosspolymer, Caprylyl Glycol, Butylene Glycol, Phenoxyethanol <iln43618></iln43618>",673,28297,1.0,0.0,https://www.sephora.com/product/photo-finish-primerizer-P421232?icid2=products%20grid:p421232,1.0,42.0
Vitamin Nectar Antioxidant Face Mist,Fresh,moisturizing-cream-oils-mists,44.0,"Glycerin, Pentylene Glycol, PEG60 Hydrogenated Castor Oil,Vaccinium Myrtillus Fruit Extract, SaccharumOfficinarum (Sugar Cane) Extract, Citrus Aurantium Dulcis (Orange) Fruit Extract, CitrusLimon (Lemon) Fruit Extract, Acer Saccharum(Sugar Maple) Extract, Tocopheryl Acetate,Ascorbyl Tetraisopalmitate, Sodium TocopherylPhosphate, Tocopherol, Panthenol, MagnesiumAspartate, Zinc Gluconate, Copper Gluconate,Propanediol, Sodium Citrate, Citric Acid, Menthoxypropanediol, Fragrance,Phenoxyethanol, Limonene, Linalool.",160,27416,0.0,8.4,https://www.sephora.com/product/vitamin-c-antioxidant-glow-face-mist-P433979?icid2=products%20grid:p433979,8.4,5.238095238095238
Gold Camellia Beauty Oil,Tatcha,moisturizing-cream-oils-mists,95.0,"Caprylic/Capric Triglyceride, Camellia Japonica Seed Oil, Isostearyl Isostearate, Squalane (Olive Origin), Dicaprylyl Ether, Propanediol Dicaprylate/Caprate, Fragrance (Natural), Stearyl Glycyrrhetinate (Licorice Extract), Camellia Sinensis (Green Tea) Leaf Extract, Gold, Oryza Sativa (Rice) Germ Oil, Oryzanol (Rice Bran Oil Extract), Phytosteryl Macadamiate (Macadamia), Inositol (Rice Extract), Algae Extract, Tocopherol, Glycerin, Polyglyceryl10 Pentaisostearate, Dimer Dilinoleyl Dimer Dilinoleate, Alcohol.",140,36396,1.0,0.0,https://www.sephora.com/product/gold-camellia-beauty-oil-P403315?icid2=products%20grid:p403315,1.0,95.0
Black Label Detox BB Beauty Balm,Dr. Jart+,moisturizing-cream-oils-mists,36.0,"Cyclopentasiloxane, Phenyl Trimethicone, Methylpropanediol, Caprylic/Capric Triglyceride, Cyclomethicone, Glycerin, Lauryl PEG10 Tris(Trimethylsiloxy)silylethyl Dimethicone, Niacinamide, Dipentaerythrityl Hexahydroxystearate/hexastearate/hex Arosinate, Butylene Glycol Dicaprylate/dicaprate, Dimethicone/vinyl Dimethicone Crosspolymer, Pentylene Glycol, Disteardimonium Hectorite, Diisostearyl Malate, Isoeicosane, Lauryl PEG9 Polydimethylsiloxyethyl Dimethicone, Synthetic Fluorphlogopite, Magnesium Sulfate, Iron Oxides, Silica Dimethyl Silylate, Acrylates/dimethicone Copolymer, Triethoxycaprylylsilane, Oryza Sativa (Rice) Bran Oil, Vegetable Oil, Caprylyl Glycol, Glyceryl Caprylate, Aminopropyl Dimethicone, Rhus Succedanea Fruit Wax, Helianthus Annuus (Sunflower) Seed, Oryza Sativa (Rice) Bran Wax, Polymethylsilsesquioxane, Ethylhexylglycerin, Tocopheryl Acetate, Alumina, Aluminum Hydroxide, Silica, Adenosine, Citrus Aurantium Dulcis (Orange) Peel Oil, Dimethicone, Sodium Hyaluronate, Pinus Sylvestris Leaf Oil, Citrus Aurantifolia (Lime) Oil, Eucalyptus Globulus Leaf Oil, Tocopherol, Citrus Limon (Lemon) Peel Oil, Citrus Aurantium Bergamia (Bergamot) Fruit Oil, Ascorbyl Palmitate, Butylene Glycol, Camellia Sinensis Leaf Extract, Portulaca Oleracea Extract, Cynara Scolymus (Artichoke) Leaf Extract, Aloe Barbadensis Leaf Extract, 1,2Hexanediol.",1000,25427,1.5,0.0,https://www.sephora.com/product/black-label-detox-bb-beauty-balm-P374568?icid2=products%20grid:p374568,1.5,24.0
Miracle Seed Essence,Primera,moisturizing-cream-oils-mists,58.0,"Propanediol, Nelumbo Nucifera Germ Extract, Niacinamide, Glycereth26, Glycerin, 1,2Hexanediol, Methyl Gluceth20, Citric Acid, Xanthan Gum, Ethylhexylglycerin, Sodium Citrate, Adenosine, Disodium Edta, Sodium Hyaluronate, Saccharomyces Ferment, Potassium Hydroxide, Acetic Acid.",187,8746,5.0,0.0,https://www.sephora.com/product/primera-miracle-seed-essence-P447176?icid2=products%20grid:p447176,5.0,11.6
Ceramidin™ Liquid,Dr. Jart+,moisturizing-cream-oils-mists,39.0,"Dipropylene Glycol, Alcohol, Betaine, Propanediol, Glycosyl Trehalose,  1,2Hexanediol, Erythritol, Pentylene Glycol, Glycerin, Hydrogenated Starch Hydrolysate, Acrylates/C1030 Alkyl Acrylate Crosspolymer, Triethylhexanoin, Diphenyl Dimethicone, Triethylhexanoin, Panthenol, Butylene Glycol, Hydrogenated Lecithin, Centella Asiatica Extract, Icus Carica (Fig) Fruit Extract, Melia Azadirachta Leaf Extract, Theobroma Cacao (Cocoa) Seed Extract, Amaranthus Caudatus Seed Extract, Ulmus Davidiana Root Extract, Curcuma Longa (Turmeric) Root Extract, Ocimum Sanctum Leaf Extract, Corallina Officinalis Extract, Pyracantha Fortuneana Fruit Extract, Carbomer, Cellulose Gum, Sucrose Distearate, Dipotassium Glycyrrhizate, Ethylhexylglycerin, Methylpropanediol, Disodium Edta, Glyceryl Polymethacrylate, Citrus Aurantium Bergamia (Bergamot) Fruit Oil, C1214 Pareth12, Polyglyceryl10 Myristate, Pelargonium Graveolens Flower Oil, Dextrin, Glyceryl Stearate, Sodium Hyaluronate, Salvia Officinalis (Sage) Oil, Pogostemon Cablin Oil, Cholesterol, Ceramide EOP, Ceramide AP, Ceramide AS, Ceramide NS.",478,16192,5.07,0.0,https://www.sephora.com/product/ceramidin-tm-liquid-P434364?icid2=products%20grid:p434364,5.07,7.692307692307692
Wrinkle Warrior™ 2-in-1 Plumping Moisturizer + Serum,Kate Somerville,moisturizing-cream-oils-mists,95.0,"Dimethicone, Propanediol, Dimethyl Isosorbide, Hydrolyzed Vegetable Protein, Glycerin, Polysilicone11, Ammonium Acryloyldimethyltaurate/VP Copolymer, Butylene Glycol, Polymethylsilsesquioxane, Trehalose, Betaine, Hydrolyzed Hyaluronic Acid, Sodium Hyaluronate, Disodium Acetyl Glucosamine Phosphate, Polyglutamic Acid, Zanthoxylum Bungeanum Fruit Extract, Copper Lysinate/Prolinate, Methylglucoside Phosphate, Chondrus Crispus Extract, Glycine Soja (Soybean) Extract, Aloe Barbadensis Leaf Juice, Adenosine, PEG12 Dimethicone, Phenoxyethanol, HDI/Trimethylol Hexyllactone Crosspolymer, Oleyl Alcohol, Decyl Glucoside,Parfum/Fragrance, Ethylhexylglycerin, Disodium EDTA, Gluconolactone, Benzyl Salicylate, Citric Acid, Linalool, Sodium Benzoate, Caprylyl Glycol, Hexylene Glycol, Geraniol, Citronellol.",305,15425,1.7,0.0,https://www.sephora.com/product/wrinkle-warrior-2-in-1-plumping-moisturizer-serum-P415202?icid2=products%20grid:p415202,1.7,55.88235294117647
Adaptogen Soothe + Hydrate Activated Mist with Reishi + Ashwagandha,Youth To The People,moisturizing-cream-oils-mists,42.0,"Propanediol, Aloe Barbadensis Leaf Juice, Pentapeptide59, Hydrogenated Lecithin, Butyrospermum Parkii (Shea) Butter, Phenethyl Alcohol, Ethylhexylglycerin, Maltodextrin, Ganoderma Lucidum (Reishi Mushroom) Extract, Xanthan Gum, Betaine, 1,2Hexanediol, Caprylyl Glycol, Potassium Sorbate, Glycerin, Withania Somnifera (Ashwagandha) Extract, Ocimum Tenuiflorum (Holy Basil) Extract, Rhodiola Rosea Extract, Lactic Acid, Sodium Hyaluronate.",200,11281,4.0,0.0,https://www.sephora.com/product/adaptogen-sooth-hydrate-activated-mist-P444980?icid2=products%20grid:p444980,4.0,10.5
SEA 4-in-1 Setting Mist,tarte,moisturizing-cream-oils-mists,25.0,"Stearic Acid, Synthetic Beeswax, Helianthus Annuus (Sunflower) Seed Wax, Glyceryl Behenate, Paraffin, Polyglyceryl6 Distearate, Acacia Senegal Gum, Vp/Eicosene Copolymer, Propanediol, Aminomethyl Propanediol, Hydrogenated Starch Hydrolysate, Phenoxyethanol, Hydroxyethylcellulose, Potassium Sorbate, Panthenol, Lauroyl Lysine, Silica, Laureth20, Magnesium Stearate, Butylene Glycol, Orbignya Oleifera Seed Oil, 1,2Hexanediol, Glycerin, Disodium Phosphate, Polysorbate 20, Sodium Phosphate, Tocopherol, Biotinoyl Tripeptide1, Iron Oxides (Ci 77499), Black 2 (Ci 77266).",1000,71453,0.0,2.5,https://www.sephora.com/product/sea-4-in-1-setting-mist-P405097?icid2=products%20grid:p405097,2.5,10.0
4.5% Retinol Night Treatment,SOBEL SKIN Rx,moisturizing-cream-oils-mists,105.0,"Purified Retinol, Dimethyl Isosorbide, Hydroxypinacolone Retinoate (10% Retinoid Ester  240,000 IU/gm), Aloe Barbadnesis Leaf Extract, Chamomile Extract, Hydroxyethyl Acrylate/Sodium Acryloyldimethyl Taurate Copolymer, Isohexadecane, Polysorbate 60, Phenylethyl Alcohol, Ethylhexylglycerin, Hydrogenated Phosphatidylcholine, Caprylic/Capric Triglyceride, Pentylene Glycol, Shea Butter, Ceramide III, Helianthus Annuus Seed Oil, Persea Gratissima Oil, Macadamia Ternifolia Seed Oil, Rosa Moschata Seed Oil, Rosmarinus Officinalis Leaf Extract.",111,635,1.7,0.0,https://www.sephora.com/product/sobel-skin-rx-4-5-retinol-night-treatment-P447213?icid2=products%20grid:p447213,1.7,61.76470588235294
Plantscription™ SPF 25 Power Anti-Aging Cream,Origins,moisturizing-cream-oils-mists,62.0,"Avobenzone 3.0%, Homosalate 5.0%, Octisalate 4.5%, Octocrylene 2.8%Butyloctyl Salicylate, Nylon12, Behenyl Alcohol, Octyldodecyl Neopentanoate, Myristyl Myristate, Dimethicone, Cetyl Esters, Polyethylene, Butylene Glycol, Ammonium Acryloyldimethyltaurate/Vp Copolymer, Glycerin, Rosa Damascena Flower Oil*, Lavandula Angustifolia (Lavender) Oil*, Pelargonium Graveolens Flower Oil*, Illicium Verum (Anise) Fruit/Seed Oil*, Citrus Aurantium Bergamia (Bergamot) Fruit Oil*, Carthamus Tinctorius (Safflower) Seed Oil*, Myristica Fragrans (Nutmeg) Kernel Oil*, Citrus Aurantium Dulcis (Orange) Peel Oil*, Citrus Nobilis (Mandarin Orange) Peel Oil*, Citrus Limon (Lemon) Peel Oil*, Litsea Cubeba Fruit Oil*, Hibiscus Abelmoschus Extract, Geraniol, Linalool, Citronellol, Limonene, Citral, Peg6, Peg100 Stearate, Glyceryl Stearate, Caprylic/Capric Triglyceride, Hydrogenated Vegetable Oil, Steareth21, Anogeissus Leiocarpus Bark Extract, Sigesbeckia Orientalis (St. Paul'S Wort) Extract, Centaurium Erythraea (Centaury) Extract, Rubus Idaeus (Raspberry) Leaf Extract, Rosmarinus Officinalis (Rosemary) Leaf Extract, Triticum Vulgare (Wheat) Germ Extract, Hordeum Vulgare (Barley) Extract/Extrait D'Orge, Bambusa Vulgaris (Bamboo) Extract, Peucedanum Graveolens (Dill) Extract, Coffea Arabica (Coffee) Seed Extract, Laminaria Digitata Extract, Trehalose, Cassia Alata Leaf Extract, Tetrahexyldecyl Ascorbate, Sodium Hyaluronate, Caffeine, Acetyl Hexapeptide8, DiPpg2 Myreth10 Adipate, Caprylyl Glycol, Micrococcus Lysate, Cholesterol, Lecithin, Trisiloxane, Linoleic Acid, Phytosphingosine, Ethylhexylglycerin, Sodium Pca, Squalane, Glucosamine Hcl, Pisum Sativum (Pea) Extract, Tocopheryl Acetate, Crithmum Maritimum Extract, Hydrolyzed Algin, Sodium Dehydroacetate, Maltodextrin, Hexylene Glycol, Citric Acid, Potassium Sorbate, Disodium Edta, Phenoxyethanol, Mica <iln42082>* Essential Oil",43,6870,1.7,0.0,https://www.sephora.com/product/plantscription-spf-25-power-anti-aging-cream-P409834?icid2=products%20grid:p409834,1.7,36.470588235294116
Mineral Face Matte Tint Sunscreen Moisturizer SPF 30,COOLA,moisturizing-cream-oils-mists,36.0,"Titanium Dioxide 3.2% Zinc Oxide 1.8%, Aluminum Hydroxide, Butyrospermum Parkii (Shea Butter), Cucumis Sativus (Cucumber) Fruit Extract, Cyclopentasiloxane, Dimethicone Crosspolymer, Glycerin, Hydrogen Dimethicone, Iron Oxides, Isopropyl Myristate, Isopropyl Titanium Triisostearate, Linum Usitatissimum (Linseed) Seed Oil, Mica, Oenothera Biennis (Evening Primrose) Oil, Plankton Extract, Polyamide5, Polysilicone11, Propylene Carbonate, Rosa Canina Fruit Oil, Silica Silylate, Stearalkonium Hectorite, Synthetic Wax.",204,15250,1.7,0.0,https://www.sephora.com/product/mineral-face-spf-30-matte-tint-P395627?icid2=products%20grid:p395627,1.7,21.176470588235293
Ultra Facial Cream SPF 30,Kiehl's Since 1851,moisturizing-cream-oils-mists,32.0," Glycerin,  Squalane,  Dimethicone,  Peg100 Stearate,  Glyceryl Stearate,  Silica,  Octyldodecanol,  Stearic Acid,  Phenoxyethanol,  Palmitic Acid,  Tocopherol,  Dicaprylyl Carbonate,  Steareth100,  Acrylates/C1030 Alkyl Acrylate Crosspolymer,  Ophiopogon Japonicus Root Extract,  Carbomer,  Chlorphenesin,  Capryloyl Salicylic Acid,  Caprylyl Glycol,  Xanthan Gum,  Dimethicone/Vinyl Dimethicone Crosspolymer,  Disodium Edta,  Sodium Hydroxide,  Citrus Aurantium Dulcis (Orange) Peel Oil,  Limonene,  Ectoin,  Hydrolyzed Hyaluronic Acid,  Myristic Acid,  Mentha Piperita (Peppermint) Oil,  Pseudoalteromonas Ferment Extract,  Ethylhexylglycerin,  Linalool,  Salicylic Acid.",92,12513,1.7,0.0,https://www.sephora.com/product/ultra-facial-cream-spf-30-P422012?icid2=products%20grid:p422012,1.7,18.823529411764707
Squalane + Tea Tree Cleansing Gel,Biossance,moisturizing-cream-oils-mists,29.0,"Cocamidopropyl Hydroxysultaine, Aloe Barbadensis Leaf Juice, Glycerin, Sodium Cocoyl Isethionate, Disodium Cocoglucoside Citrate, Squalane, Cocoyl Proline, Melaleuca Alternafolia (Tea Tree) Leaf Oil, Sodium Levulinate, Hydrolyzed Pea Protein, Lavandula Angustifolia (Lavender) Oil, Medicago Sativa (Alfalfa) Leaf Extract, Magnesium Chloride, Potassium Sorbate, Sodium Gluconate, Caramel, Citric Acid, Linalool.",289,11349,5.07,0.0,https://www.sephora.com/product/squalane-tea-tree-cleansing-gel-P442549?icid2=products%20grid:p442549,5.07,5.719921104536489
CC Color Correcting & Redness Reducing Broad Spectrum SPF 25,Erborian,moisturizing-cream-oils-mists,44.0,"Cyclomethicone, Dipropylene Glycol, Glycerin, PEG10 Dimethicone, Methyl Trimethicone , CI 77891/Titanium Dioxide, C1215 Alkyl Benzoate, Dimethicone, Vinyl Dimethicone/Methicone Silsesquioxane Crosspolymer, Disteardimonium Hectorite, Magnesium Sulfate, Butylene Glycol, Centella Asiatica Extract, Talc, Dimethicone/Vinyl Dimethicone Crosspolymer, Aluminum Hydroxide, Trihydroxystearin, Phenoxyethanol, Mica, Methicone, Palmitic Acid, Stearic Acid, Ethylhexylglycerin, Tocopheryl Acetate, Polyester1, Silica Dimethyl Silylate, Triethoxycaprylylsilane, Parfum/Fragrance, Hexyl Cinnamal, Alphaisomethyl Ionone, Linalool, Citronellol, Geraniol, Eugenol, Limonene, CI 77492/Iron Oxides, CI 77288/Chromium Oxide Greens, CI 77491/Iron Oxides, CI 77499/Iron Oxides.",54,5976,1.5,0.0,https://www.sephora.com/product/cc-red-correct-automatic-perfector-broad-spectrum-spf-25-P437274?icid2=products%20grid:p437274,1.5,29.333333333333332
Firming Sleeping Cream,SEPHORA COLLECTION,moisturizing-cream-oils-mists,17.0,"Aqua (Water), C1018 Triglycerides, Glycerin : Humectant, Dicaprylyl Ether, Cetearyl Alcohol, Caprylic/Capric Triglyceride, Glyceryl Stearate, Polyglyceryl3 Methylglucose Distearate, Octyldodecyl Myristate, Simmondsia Chinensis (Jojoba) Seed Oil, Phenoxyethanol, Polyacrylate Crosspolymer6, Vaccinium Myrtillus Fruit Extract, Sodium Acrylates Copolymer, Sodium PCA, Potassium Cetyl Phosphate, Ethylhexylglycerin, Saccharum Officinarum (Sugar Cane) Extract, Lecithin, Parfum (Fragrance), Citrus Aurantium Dulcis (Orange) Fruit Extract, Citrus Limon (Lemon) Fruit Extract, Sodium Hydroxide, Chlorella Vulgaris Extract, Tocopherol, Helianthus Annuus (Sunflower) Seed Oil, Acer Saccharum (Sugar Maple) Extract, Citric Acid, CI 19140 (Yellow 5), CI 77491 (Iron Oxides), Sodium Citrate, Xanthan Gum",116,11515,1.69,0.0,https://www.sephora.com/product/firming-sleeping-cream-P445726?icid2=products%20grid:p445726,1.69,10.059171597633137
Moisture Surge Overnight Mask,CLINIQUE,moisturizing-cream-oils-mists,36.0,"Glycerin , Cetyl Alcohol , Dimethicone , Glyceryl Polymethacrylate , Butyrospermum Parkii (Shea Butter) , Cetyl Ethylhexanoate , Peg8 , Glycereth26 , Sucrose , Sorbitan Stearate , Peg100 Stearate , Trehalose , Mangifera Indica (Mango) Seed Butter , Hypnea Musciformis (Algae) Extract , Gellidiela Acerosa (Algae) Extract , Olea Europaea (Olive) Fruit Extract , Triticum Vulgare (Wheat Bran) Extract , Cladosiphon Okamuranus Extract , Astrocaryum Murumuru Seed Butter , Cetearyl Alcohol , Aloe Barbadensis Leaf Peg75 , Caffeine , Pantethine , Sorbitol , Butylene Glycol , Oryzanol , Bisabolol , Panthenol , Phytosterols , Tocopheryl Acetate , Caprylyl Glycol , Sodium Hyaluronate , Hexylene Glycol , Carbomer , Potassium Hydroxide , Dextrin , Disodium Edta , Phenoxyethanol , Red 4 (Ci 14700) , Yellow 5 (Ci 19140) <iln39426></iln39426>",386,27255,0.0,3.4,https://www.sephora.com/product/moisture-surge-overnight-mask-P377577?icid2=products%20grid:p377577,3.4,10.588235294117647
Vintage Single Extract Essence,AMOREPACIFIC,moisturizing-cream-oils-mists,145.0,"Propanediol, Glycerin, Camellia Sinensis Leaf Extract, 1,2Hexanediol, Ethylhexylglycerin.",152,14629,0.0,4.05,https://www.sephora.com/product/vintage-single-extract-essence-P422238?icid2=products%20grid:p422238,4.05,35.80246913580247
Premier Cru Anti-Aging Rich Cream,Caudalie,moisturizing-cream-oils-mists,140.0,"CocoCaprylate/Caprate*, Butylene Glycol*, Glyceryl Stearate*, Cetearyl Alcohol*, Cetearyl Glucoside*, Hydrolyzed Yeast Protein, Niacinamide, Octyldodecyl Myristate*, Pentaerythrityl Distearate, Vitis Vinifera (Grape) Seed Oil, Butyrospermum Parkii (Shea) Butter Extract*, Jojoba Esters*, Potassium Cetyl Phosphate, Polyglycerin3, Hydrolyzed Hyaluronic Acid*, Glycerin*, Palmitoyl Grapevine Shoot Extract*, Palmitoyl Grape Seed Extract*, Sodium Carboxymethyl BetaGlucan, Acacia Decurrens Flower Wax*, Helianthus Annuus (Sunflower) Seed Oil*, Tocopherol*, Helianthus Annuus (Sunflower) Seed Wax*, Palmitoyl Tripeptide1, Palmitoyl Tetrapeptide7*, Parfum (Fragrance), Ethylhexylglycerin, Caprylyl Glycol, Pentylene Glycol, Ethylhexyl Palmitate, Carbomer, Potassium Sorbate, Xanthan Gum, Tribehenin*, Sodium Phytate*, Sorbitan Isostearate*, Sodium Citrate, Arginine, Citric Acid*, Lactic Acid, Ci 77891 (Titanium Dioxide), Ci 77491 (Iron Oxides), Ci 77492 (Iron Oxides), Citronellol, Coumarin, Geraniol, Linalool. *Plant Origin.",38,2788,1.7,0.0,https://www.sephora.com/product/premier-cru-rich-cream-P428108?icid2=products%20grid:p428108,1.7,82.3529411764706
Cicapair™ Tiger Grass Calming Gel Cream,Dr. Jart+,moisturizing-cream-oils-mists,48.0,"Butylene Glycol, Glycerin, Niacinamide, Caprylyl Methicone, Pentylene Glycol, 1,2Hexanediol, Eryngium Maritimum Callus Culture Filtrate, Cetearyl Olivate, Houttuynia Cordata Extract, Hydrogenated Polydecene, Ilex Aquifolium (Holly) Leaf Extract, Sorbitan Olivate, Dimethicone/Vinyl Dimethicone Crosspolymer, Streptococcus Thermophilus Ferment, Achillea Millefolium Oil, Ammonium Acryloyldimethyltaurate/VP Copolymer, Hydroxyacetophenone, Acrylates/C1030 Alkyl Acrylate Crosspolymer, Carbomer, Tromethamine, Melia Azadirachta Leaf Extract, Melia Azadirachta Flower Extract, Adenosine, DNA, Lavandula Angustifolia (Lavender) Oil, Disodium EDTA, Silica, Coccinia Indica Fruit Extract, Citrus Aurantium Bergamia (Bergamot) Fruit Oil, Hydrolyzed Hibiscus Esculentus Extract, Lupinus Albus Seed Extract, Moringa Oleifera Seed Extract, Panthenol, Hedera Helix (Ivy) Extract, Amber Powder, Solanum Melongena (Eggplant) Fruit Extract, Ethylhexylglycerin, Curcuma Longa (Turmeric) Root Extract, Ocimum Sanctum Leaf Extract, Corallina Officinalis Extract, Moringa Oleifera Seed Oil, Madecassoside, Calcium Chloride, Asiatic Acid, Asiaticoside, Magnesium Sulfate, Madecassic Acid, Centella Asiatica Extract.",526,8672,1.69,0.0,https://www.sephora.com/product/cicapair-tiger-grass-calming-gel-cream-P448185?icid2=products%20grid:p448185,1.69,28.402366863905325
Daily Reviving Concentrate,Kiehl's Since 1851,moisturizing-cream-oils-mists,50.0,"Caprylic/Capric Triglyceride, Dicaprylyl Ether, Dicaprylyl Carbonate, Squalane, Canola Oil, Helianthus  Annuus  Seed  Oil  Unsaponifiables/Sunflower Seed Oil Unsaponifiables, Tocopherol, Limonene, Citrus Aurantium Dulcis Peel Oil/Orange Peel Oil, Coriandrum Sativum Seed Oil/Coriander Seed Oil, Calophyllum Inophyllum Seed Oil, Rosa Rubiginosa Seed Oil, Citrus Grandis Peel Oil/Grapefruit Peel Oil, Zingiber Officinale Root Oil/Ginger Root Oil, Linalool, Citral, Geraniol, Malpighia Punicifolia/Acerola Fruit Extract.",106,21492,0.0,1.0,https://www.sephora.com/product/daily-reviving-concentrate-P422003?icid2=products%20grid:p422003,1.0,50.0
Oil and Pore Control Mattifier Broad Spectrum SPF 45 PA++++,Murad,moisturizing-cream-oils-mists,42.0,"Tapioca Starch, Polysilicone11, Methyl Methacrylate Crosspolymer, Propanediol Dicaprylate, Butylene Glycol, Coconut Alkanes, Cetearyl Alcohol, C2022 Alkyl Phosphate, Enantia Chlorantha Bark Extract, Butyl Avocadate, Retinyl Palmitate, Tocopheryl Acetate, Ascorbyl Palmitate, Sodium Hyaluronate, Allantoin, Zinc Gluconate, Glycerin, Oleanolic Acid, Urea, Yeast Amino Acids, Trehalose, Inositol, Taurine, Betaine, CocoCaprylate/Caprate, Hydrogenated Lecithin, CocoGlucoside, C2022 Alcohols, Laureth12, Polyacrylate Crosspolymer6, Sodium Hydroxide, Disodium EDTA, Ethylhexylglycerin, Phenoxyethanol, Fragrance (Parfum), Limonene, Linalool, Citral.",378,5673,1.7,0.0,https://www.sephora.com/product/oil-pore-control-mattifier-broad-spectrum-spf-45-pa-P446934?icid2=products%20grid:p446934,1.7,24.705882352941178
Vine[activ] Overnight Detox Oil,Caudalie,moisturizing-cream-oils-mists,50.0,"Caprylic/Capric Triglyceride, Vitis Vinifera (Grape) Seed Oil, Prunus AmygdaluDulcis (Sweet Almond) Oil*, Rosa Canina Fruit Oil*, Citrus Aurantium Amara (Bitter Orange) Leaf/Twig Oil*, Daucus Carota Sativa (Carrot) Seed Oil, Santalum Album (Sandalwood) Oil, Helianthus Annuus (Sunflower) Seed Oil, Citrus Aurantium Amara (Bitter Orange) Flower Oil*, Lavandula Angustifolia (Lavender) Oil*, Rosmarinus Officinalis (Rosemary) Leaf Extract, Citral, Limonene, Geraniol, Linalool, Farnesol (074905) *.",152,21956,1.0,0.0,https://www.sephora.com/product/vine-activ-overnight-detox-oil-P417122?icid2=products%20grid:p417122,1.0,50.0
Eczema+ Dermatitis Face Balm,Skinfix,moisturizing-cream-oils-mists,28.0,"Allantoin, Beeswax, Butyrospermum Parkii (Shea) Butter, Glycine Soja (Soybean) Oil, Paraffin, Petrolatum, Prunus Amygdalus Dulcis (Sweet Almond) Oil, Simmondsia Chinensis (Jojoba) Seed Oil, Tocopherol.",152,4301,0.48,0.0,https://www.sephora.com/product/eczema-dermatitis-face-balm-P442843?icid2=products%20grid:p442843,0.48,58.333333333333336
Calendula Serum-Infused Water Cream,Kiehl's Since 1851,moisturizing-cream-oils-mists,50.0,"Dimethicone, Glycerin, Propylene Glycol, Propanediol, Panthenol, Dimethicone/ PEG10/15 Crosspolymer, Bisabolol, Diisopropyl Sebacate, Sodium Chloride, Phenoxyethanol, Polymethylsilsesquioxane, Chlorphenesin, Citrus Limon Peel Oil/Lemon Peel Oil, Sodium Citrate, Calendula Officinalis Flower Extract, Limonene, PEG10 Dimethicone, Trisodium Ethylenediamine Disuccinate, Calendula Officinalis Flower, Citric Acid, Dipropylene Glycol, Geranium Maculatum Oil, Chamomilla Recutita Flower Oil/Matricaria Flower Oil, Citral, Citronellol, Geraniol, Farnesol, Linalool, Tocopherol, Cymbopogon Schoenanthus Oil, Artemisia Absinthium Extract.",848,7241,0.0,1.7,https://www.sephora.com/product/kiehls-calendula-serum-infused-water-cream-P444059?icid2=products%20grid:p444059,1.7,29.411764705882355
C.E.O. Vitamin C Rich Hydration Cream,SUNDAY RILEY,moisturizing-cream-oils-mists,22.0,"Squalane, Dicaprylyl Carbonate, Tetrahexyldecyl Ascorbate, C1018 Triglycerides, Peg8 Beeswax, Polyglyceryl6 Distearate, Tapioca Starch, Hydrogenated Vegetable Oil, Prunus Amygdalus Dulcis Oil, Citric Acid, Ppg12/Smdi Copolymer, Glycerin, Citrus Tangerina Peel Oil, Sodium Acrylates Copolymer, Bisabolol, Jojoba Esters, Tocopherol, Caprylic/Capric Triglyceride, Limonene, Phenoxyethanol, Lecithin, Nylon12, Rosa Centifolia Flower Wax, Rosa Damascena Flower Wax, Sodium Phytate, Cetyl Alcohol, Polyglyceryl3 Beeswax, Butylene Glycol, Caprylyl Glycol, Alcohol Denat., Chlorphenesin, Citrus Australasica Fruit Extract, Polymethylsilsesquioxane, Terminalia Ferdinandiana Fruit Extract, Butyrospermum Parkii Butter Extract, Camellia Sinensis Leaf Extract, Citrus Junos Fruit Extract, Curcuma Longa Root Extract, Euterpe Oleracea Fruit Extract, Lippia Citriodora Flower Extract, Oenothera Biennis Seed Extract, Rosa Canina Fruit Extract, Alteromonas Ferment Extract, Benzyl Alcohol, Sodium Hyaluronate, Linalool, Dehydroacetic Acid.",900,2919,0.0,0.5,https://www.sephora.com/product/c-e-o-c-e-antioxidant-protect-repair-moisturizer-P418629?icid2=products%20grid:p418629,0.5,44.0
Colored Clay CC Undereye Corrector,tarte,moisturizing-cream-oils-mists,25.0,Purple Clay: Reflects light to instantly brighten,595,23894,0.08,0.0,https://www.sephora.com/product/colored-clay-cc-undereye-corrector-P387175?icid2=products%20grid:p387175,0.08,312.5
Alpine Berry Water Cream,Primera,moisturizing-cream-oils-mists,40.0,"Glycerin, Butylene Glycol, Squalane, BisHydroxyethoxypropyl Dimethicone,Caprylic/Capric/Myristic/Stearic Triglyceride, Sucrose Polystearate, Dicaprylyl Ether, Urea, Methyl Trimethicone,Pentaerythrityl Tetraethylhexanoate,Glyceryl Stearate, Theobroma Cacao (Cocoa) Seed Butter, Polyglyceryl3 Methylglucose Distearate, Stearic Acid,Palmitic Acid, Hydrogenated Polyisobutene, Glyceryl Undecylenate, Hydroxyethyl Acrylate/Sodiumacryloyldimethyl Taurate Copolymer, Cetearyl Alcohol, Artemisia Princeps Leaf Fragrance / Parfum,Xanthan Gum, Acrylates/C1030 Alkyl Acrylate Crosspolymer, Glyceryl Caprylate, Tromethamine,Ethylhexylglycerin, Sorbitan Isostearate, Disodium Edta, Rubus Fruticosus (Blackberry) Fruit Extract, Arachidicacid, Myristic Acid, 1,2Hexanediol, Tocopherol, Fragaria Vesca (Strawberry) Leaf Extract, Glycine Soja (Soybean)Oil.",544,8074,1.6,0.0,https://www.sephora.com/product/primera-alpine-berry-water-cream-P446642?icid2=products%20grid:p446642,1.6,25.0
Hydra Zen Anti-Stress Gel Moisturizer,Lancôme,moisturizing-cream-oils-mists,48.0,WaterGlycerinCyclohexasiloxaneCetearyl EthylhexanoateAlcohol Denat.Ammonium Polyacryloyldimethyl TaurateCi 14700 / Red 4TButyl AlcoholMadecassosidePhenoxyethanolPaeonia Suffruticosa Root ExtractEugenolTriethanolamineChlorphenesinSalicylic AcidDimethiconeDimethiconolLimoneneXanthan GumBenzyl AlcoholIsopropyl MyristatePropylene GlycolAlphaIsomethyl IononeSorbitolMoringa Pterygosperma Seed ExtractDisodium EdtaRosa Gallica Flower ExtractDisodium PhosphateButylene GlycolButylphenyl MethylpropionalCitric AcidFragrance,1000,5665,1.7,0.0,https://www.sephora.com/product/hydra-zen-anti-stress-gel-moisturizer-P422430?icid2=products%20grid:p422430,1.7,28.235294117647058
Honey Grail Ultra-Hydrating Face Oil,Farmacy,moisturizing-cream-oils-mists,48.0,"Cocoglycerides, Caprylic/Capric Triglyceride, Octyldodecanol, Cocos Nucifera (Coconut) Oil, Crambe Abyssinica Seed Oil, Ethylcellulose, Oenothera Biennis (Evening Primrose) Oil, Helianthus Annuus (Sunflower) Seed Oil, Hibiscus Sabdariffa Seed Oil, Rosa Moschata Seed Oil, Honey Extract, Propolis Extract, Royal Jelly Extract, Hippophae Rhamnoides Oil, Hippophae Rhamnoides Seed Oil, Helianthus Annuus (Sunflower) Extract, Citrus Aurantium Bergamia (Bergamot) Fruit Oil, Tocopherol, Oryza Sativa (Rice) Bran Extract, Rosmarinus Officinalis (Rosemary) Leaf Extract, Flavor (Aroma)*. *Natural Flavor.",129,21181,1.0,0.0,https://www.sephora.com/product/honey-grail-ultra-hydrating-face-oil-P444226?icid2=products%20grid:p444226,1.0,48.0
Bio-Performance Glow Revival Cream,Shiseido,moisturizing-cream-oils-mists,110.0," Dipropylene Glycol, Dimethicone, Glycerin, Sd Alcohol 40B (Alcohol Denat.), Triethylhexanoin, Diphenylsiloxy Phenyl Trimethicone, Hydrogenated Polydecene, Phytosteryl Macadamiate, Dimethicone Crosspolymer, Microcrystalline Wax(Cera Microcristallina/Cire Microcristalline), Behenyl Alcohol, Glyceryl Stearate Se, Talc, Trehalose, Peg/Ppg14/7 Dimethyl Ether, Hydrogenated Polyisobutene, Methyl Methacrylate Crosspolymer, Stearyl Alcohol, Dimethylacrylamide/Sodium Acryloyldimethyltaurate Crosspolymer, Polysorbate 60, Peg40 Stearate, Phenoxyethanol, Mica, Titanium Dioxide (Ci 77891), Sorbitan Tristearate, Disodium Edta, Tocopheryl Acetate, Caffeine, Sodium Citrate, Fragrance (Parfum), 2OEthyl Ascorbic Acid, Silica, Butylene Glycol, Sodium Metaphosphate,  Limonene, Citric Acid, Xylitol, Oryzanol, Magnesium Ascorbyl Phosphate, Alcohol, Hexyl Cinnamal, Benzyl Benzoate, Butylphenyl Methylpropional, Linalool, Sodium Metabisulfite, Sodium Acetylated Hyaluronate, Iron Oxides (Ci 77491), AlphaIsomethyl Ionone, Saccharomyces Ferment Lysate Filtrate, Crataegus Monogyna Flower Extract, Citronellol, Geraniol, Dipotassium Glycyrrhizate, Tocopherol, Paeonia Suffruticosa Root Extract, Rehmannia Chinensis Root Extract, Cinnamomum Cassia Bark Extract, Bupleurum Falcatum Root Extract, Camellia Sinensis Leaf Extract.",33,4565,1.7,0.0,https://www.sephora.com/product/bio-performance-glow-revival-cream-P403819?icid2=products%20grid:p403819,1.7,64.70588235294117
Extra-Firming Wrinkle Control Firming Day Cream SPF 15,Clarins,moisturizing-cream-oils-mists,87.0,"Glycerin, Butyloctyl Salicylate, Butyrospermum Parkii (Shea) Butter, Dimethicone, C1215 Alkyl Benzoate, Cetearyl Alcohol, Methyl Methacrylate Crosspolymer, Potassium Cetyl Phosphate, Parfum/Fragrance,Cetearyl Glucoside, Dimethicone/Vinyl Dimethicone Crosspolymer, Phenoxyethanol, Butylene Glycol, Acrylates/C1030 Alkyl Acrylate Crosspolymer, Caprylyl Glycol,Tromethamine, Avena Sativa (Oat) Kernel Extract, Disodium Edta, Tocopheryl Acetate,Xanthan Gum, Dimethiconol, Tocopherol, Anigozanthos Flavidus Extract,  Caprylic/Capric Triglyceride, Betaine, Silica, Sorbitol, Diospyros Mespiliformis Leaf Extract, Maltodextrin, Sanicula Europaea Extract, Sodium Benzoate, Kalanchoe Pinnata Leaf Extract, Balanites Roxburghii Seed Oil, Mitracarpus Scaber Extract,  Citric Acid, Malpighia Emarginata (Acerola) Seed Extract, Lapsana Communis Flower/Leaf/Stem Extract, Furcellaria Lumbricalis Extract, Ci 15985/Yellow 6, Potassium Sorbate, Maris Sal/Sea Salt/Sel Marin.",8,2755,1.7,0.0,https://www.sephora.com/product/extra-firming-wrinkle-control-firming-day-cream-spf-15-P430338?icid2=products%20grid:p430338,1.7,51.1764705882353
Benefiance Wrinkle Smoothing Cream,Shiseido,moisturizing-cream-oils-mists,70.0,"Sd Alcohol 40B (Alcohol Denat.), Glycerin, Dipropylene Glycol, Niacinamide, Cyclohexasiloxane, Cetyl Ethylhexanoate, Hydrogenated Polydecene, Phytosteryl/Octyldodecyl Lauroyl Glutamate, Dimethicone, Ppg3 Dipivalate, Myristyl Myristate, Methyl Methacrylate Crosspolymer, Hydrogenated Palm Oil, Ammonium Acryloyldimethyltaurate/Vp Copolymer, Behenyl Alcohol, Polysorbate 60, Peg30 Phytosterol, Phenoxyethanol, Dimethicone/Vinyl Dimethicone Crosspolymer, Batyl Alcohol, Alcohol, Tocopheryl Acetate, Erythritol, Peg/Ppg14/7 Dimethyl Ether, Peg/Ppg17/4 Dimethyl Ether, Butylene Glycol, Fragrance, Carbomer, Acrylates/C1030 Alkyl Acrylate Crosspolymer, Potassium Hydroxide, Caffeine, Disodium Edta, Sodium Metaphosphate, Tocopherol, Sapindus Mukorossi Peel Extract, Iron Oxides (Ci 77492), Linalool, Sodium Metabisulfite, Limonene, Citronellol, Angelica Keiskei Leaf/Stem Extract, Geraniol, Camellia Sinensis Leaf Extract, Citrus Junos Seed Extract, Hdi/Trimethylol Hexyllactone Crosspolymer, Ziziphus Jujuba Fruit Extract, Iron Oxides (Ci 77491), Eucheuma Serra/Grateloupia Sparsa/Saccharina Angustata/Ulva Linza/Undaria Pinnatifida Extract, Curcuma Longa (Turmeric) Rhizome Extract, Saccharina Angustata/Undaria Pinnatifida Extract, Chlorella Vulgaris Extract, Silica.",140,1761,0.0,1.7,https://www.sephora.com/product/benefiance-wrinkle-smoothing-cream-P448200?icid2=products%20grid:p448200,1.7,41.1764705882353
Coconut Melt,Kopari,moisturizing-cream-oils-mists,28.0,*Organic,711,40337,0.0,5.1,https://www.sephora.com/product/coconut-melt-P413350?icid2=products%20grid:p413350,5.1,5.490196078431373
Oil Free Moisturizer,Kate Somerville,moisturizing-cream-oils-mists,65.0,"Isocetyl Stearate, Pentaerythrityl Tetracaprylate/Tetracaprate, C1215 Alkyl Benzoate, Polyamide5, Xylitylglucoside, Anhydroxylitol, Xylitol, Dipalmitoyl Hydroxyproline, PEG/PPG18/18 Dimethicone, Behenyl Alcohol, Pullulan, Cetearyl Ethylhexanoate, Sodium Polyacrylate, Dimethicone, Cyclopentasiloxane, Butylene Glycol, Trideceth6, Algae Extract, Triethanolamine, Ahnfeltiopsis Concinna Extract, Ethylhexylglycerin, Phenoxyethanol, Adenosine.",687,15913,1.7,0.0,https://www.sephora.com/product/oil-free-moisturizer-P232906?icid2=products%20grid:p232906,1.7,38.23529411764706
Superdefense SPF 20 Daily Defense Moisturizer Very Dry to Dry Combination,CLINIQUE,moisturizing-cream-oils-mists,48.0,Avobenzone 3% and Octisalate 5%: Provide sunscreen protection.,262,5282,1.7,0.0,https://www.sephora.com/product/superdefense-spf-20-age-defense-moisturizer-very-dry-to-dry-combination-P223707?icid2=products%20grid:p223707,1.7,28.235294117647058
Skin Dope Argan Oil + 100 mg CBD,Josie Maran,moisturizing-cream-oils-mists,78.0,5. Compliant with Clean at Sephora standards.,56,6253,1.7,0.0,https://www.sephora.com/product/skin-dope-argan-oil-100-mg-cbd-non-psychoactive-P441868?icid2=products%20grid:p441868,1.7,45.88235294117647
Orchid Youth-Preserving Facial Oil,Herbivore,moisturizing-cream-oils-mists,64.0,"Capric Triglycerides (Fractionated Coconut Oil), Cymbidium Grandiflorum (Orchid) Flower Extract, Camellia Oleifera (Camellia) Seed Oil, Simmondsia Chinensis (Jojoba) Seed Oil, Amaranthus Squalane Oil, Tocopherol (Vitamin E), Jasminum Sambac (Jasmine) Extract.",160,18822,1.7,0.0,https://www.sephora.com/product/orchid-youth-preserving-facial-oil-P400205?icid2=products%20grid:p400205,1.7,37.64705882352941
anti-wrinkle miracle worker+ line-correcting moisturizer,philosophy,moisturizing-cream-oils-mists,64.0,"Cyclopentasiloxane, Glycerin, Cyclohexasiloxane, Propanediol, Ascorbyl Glucoside, Behenyl Alcohol, Dimethicone, Peg/Ppg18/18 Dimethicone, Phenoxyethanol, Borago Officinalis Seed Oil, Linum Usitatissimum (Linseed) Seed Oil, Helianthus Annuus (Sunflower) Seed Oil, Bisabolol, Sodium Hydroxide, Polysorbate 20, Butylene Glycol, Parfum/Fragrance, Isopropyl Palmitate, Ethylhexylglycerin, Disodium Edta, Peg8, Lecithin, Citrus Aurantium Dulcis (Orange) Fruit Extract, Tocopherol, Resveratrol, Limonene, 3OEthyl Ascorbic Acid, Carbomer, Saponins, Benzyl Salicylate, Hyaluronic Acid, Silanetriol, Swertia Chirata Extract, Ascorbyl Palmitate, Citric Acid, Mineral Salts, Sorbic Acid, Anogeissus Leiocarpus Bark Extract, Ascorbic Acid, Farnesol, Olus/Vegetable Oil/Huile Vegetale, Palmitoyl Tripeptide1, Palmitoyl Tetrapeptide7.",62,1470,0.0,2.0,https://www.sephora.com/product/anti-wrinkle-miracle-worker-line-correcting-moisturizer-P440476?icid2=products%20grid:p440476,2.0,32.0
Make-Up Removing Cleansing Oil,Caudalie,moisturizing-cream-oils-mists,28.0,"Helianthus Annuus (Sunflower) Seed Oil*, Polyglyceryl4 Oleate*, Caprylic/Capric Triglyceride*, Ricinus Communis (Castor) Seed Oil*, Prunus Amygdalus Dulcis (Sweet Almond) Oil*, Vitis Vinifera (Grape) Seed Oil*, Tocopherol*, Fragrance*. *Plant origin.",236,18146,0.0,5.0,https://www.sephora.com/product/make-up-removing-cleansing-oil-P401244?icid2=products%20grid:p401244,5.0,5.6
Emerald Hemp Seed Deep Moisture Glow Oil,Herbivore,moisturizing-cream-oils-mists,48.0,"Squalane, Cannabis Sativa (hemp) Seed Oil, Caprylic /Capric Triglyceride (MCT/Fractionated Coconut Oil), Withania Somnifera (Ashwagandha) Leaf Extract (and) Helianthus Annuus (Sunflower) Seed Oil, Helianthus Annuus (Sunflower) Seed Oil &amp; Lentinus Edodes (Shiitake) Extract, Limnanthes Alba (Meadowfoam) Seed Oil, Borago Ocinalis, Tocopheryl Acetate (Vitamin E), Proprietary Blend of Pure Essential Oils and Absolutes, Melia Azadirachta Leaf Extract (and) Melia Azadirachta Flower Extract (and) Amino Esters1 (ex Mimosa Tenuiflora) (and) Coccinia Indica Fruit Extract (and) Solanum Melongena (Eggplant) Fruit Extract (and) Aloe Barbadensis Flower Extract (and) Ocimum Sanctum Leaf Extract (and) Ocimum Basilicum (Basil) Flower/Leaf Extract (and) Curcuma Longa (Turmeric) Root Extract (and) Corallina Ocinalis Extract.",343,35912,1.0,0.0,https://www.sephora.com/product/emerald-cannabis-sativa-hemp-seed-deep-moisture-glow-oil-P437981?icid2=products%20grid:p437981,1.0,48.0
Purity Made Simple Ultra-Light Moisturizer,philosophy,moisturizing-cream-oils-mists,25.0,"Cyclopentasiloxane, BisPEG18 Methyl Ether Dimethyl Silane, Glycerin, Butylene Glycol, Butyrospermum Parkii (Shea) Butter, Glyceryl Stearate, PEG100 Stearate, Cetearyl Alcohol, Cetyl Alcohol, Limnanthes Alba (Meadowfoam) Seed Oil, Phenoxyethanol, Stearic Acid, Tocopheryl Acetate, Salvia Hispanica Seed Oil, Panthenol, Fragrance, Acrylates/C1030 Alkyl Acrylate Crosspolymer, Linalool, BHT, Ascorbyl Glucoside, Disodium EDTA, Sodium Hydroxide, PEG8, Tocopherol, Sodium Hyaluronate, Lecithin, Alcohol Denat., Geraniol, Polyglyceryl3 Diisostearate, Pantolactone, Ascorbyl Palmitate, Citronellol, Camellia Sinensis Leaf Extract, Coffea Arabica (Coffee) Seed Extract, Pongamia Pinnata Seed Extract, Benzyl Benzoate, Limonene, Ascorbic Acid, Angelica Archangelica Root Extract, Citrus Aurantium Amara (Bitter Orange) Peel Extract, Maltodextrin, Citric Acid, Magnesium Aluminum Silicate, Xanthan Gum, Caprylyl Glycol, Sclerotium Gum, Sorbic Acid, FD&amp;C Yellow No. 5 (Ci 19140), FD&amp;C Yellow No. 6 (Ci 15985).",458,13502,4.7,0.0,https://www.sephora.com/product/purity-made-simple-ultra-light-moisturizer-P428413?icid2=products%20grid:p428413,4.7,5.319148936170213
Hypoallergenic Nourishing Moisturizer,Perricone MD,moisturizing-cream-oils-mists,69.0,"Cyclopentasiloxane, BisPEG18 Methyl Ether Dimethyl Silane, Glycerin, Butylene Glycol, Butyrospermum Parkii (Shea) Butter, Glyceryl Stearate, PEG100 Stearate, Cetearyl Alcohol, Cetyl Alcohol, Limnanthes Alba (Meadowfoam) Seed Oil, Phenoxyethanol, Stearic Acid, Tocopheryl Acetate, Salvia Hispanica Seed Oil, Panthenol, Fragrance, Acrylates/C1030 Alkyl Acrylate Crosspolymer, Linalool, BHT, Ascorbyl Glucoside, Disodium EDTA, Sodium Hydroxide, PEG8, Tocopherol, Sodium Hyaluronate, Lecithin, Alcohol Denat., Geraniol, Polyglyceryl3 Diisostearate, Pantolactone, Ascorbyl Palmitate, Citronellol, Camellia Sinensis Leaf Extract, Coffea Arabica (Coffee) Seed Extract, Pongamia Pinnata Seed Extract, Benzyl Benzoate, Limonene, Ascorbic Acid, Angelica Archangelica Root Extract, Citrus Aurantium Amara (Bitter Orange) Peel Extract, Maltodextrin, Citric Acid, Magnesium Aluminum Silicate, Xanthan Gum, Caprylyl Glycol, Sclerotium Gum, Sorbic Acid, FD&amp;C Yellow No. 5 (Ci 19140), FD&amp;C Yellow No. 6 (Ci 15985).",384,3548,2.0,0.0,https://www.sephora.com/product/hypoallergenic-nourishing-moisturizer-face-cream-P294205?icid2=products%20grid:p294205,2.0,34.5
Anti-Aging Moisturizer SPF 30 PA+++,Murad,moisturizing-cream-oils-mists,50.0,"Cetyl Alcohol, Glycerin, Polyester8, Urea, Yeast Amino Acids, Trehalose, Inositol, Taurine, Betaine, Phospholipids, Tocopheryl Acetate, Ascorbyl Palmitate, Ethylhexyl Palmitate, Silica Dimethyl Silylate, Butylene Glycol, Sodium Hyaluronate, Caprylic/Capric Triglyceride, Laminaria Ochroleuca Extract, Saccharomyces/Xylinum/Black Tea Ferment, Hydroxyethylcellulose, Cetearyl Olivate, Sorbitan Olivate, Dimethicone, Zinc Gluconate, Macrocystis Pyrifera Extract, Hydrolyzed Wheat Protein, PVP, Hydrolyzed Ceratonia Siliqua Seed Extract, Argania Spinosa Kernel Extract, Serenoa Serrulata Fruit Extract, Sesamum Indicum (Sesame) Seed Extract, Cimicifuga Racemosa Root Extract, Melaleuca Alternifolia (Tea Tree) Leaf Oil, Laminaria Saccharina Extract, Diethylhexyl Syringylidenemalonate, Ascorbic Acid, Chitosan, Propyl Gallate, PEG100 Stearate, Glyceryl Stearate, Xanthan Gum, Hydroxyethyl Acrylate/Sodium Acryloyldimethyl Taurate Copolymer, Disodium EDTA, Aminomethyl Propanol, Silica, Phenoxyethanol, Caprylyl Glycol, Chlorphenesin, Citronellol, Geraniol, Limonene, Linalool, Fragrance.",111,9578,1.7,0.0,https://www.sephora.com/product/anti-aging-moisturizer-spf-30-pa-P398068?icid2=products%20grid:p398068,1.7,29.411764705882355
Vitamin C Ester Photo-Brightening Moisturizer SPF 30,Perricone MD,moisturizing-cream-oils-mists,69.0,"Glycerin, Cyclopentasiloxane, Dimethicone, Pentylene Glycol, Ethylhexyl Methoxycrylene, Polyester8, Polyglyceryl3 Polydimethylsiloxyethyl Dimethicone, Hydroxyethyl Acrylate/Sodium Acryloyldimethyl Taurate Copolymer, Benzyl Alcohol, Aluminum Hydroxide, Stearic Acid, Diethylhexyl Syringylidenemalonate, Hydrogenated Lecithin, Isohexadecane, Bisabolol, Tetrahexyldecyl Ascorbate, Phenoxyethanol, Polysilicone11, Polysorbate 60, Caprylic/Capric Triglyceride, Sodium Benzoate. Potassium Sorbate, Xanthan Gum, Hydrogenated Phosphatidylcholine, Thioctic Acid, Astaxanthin.",603,14288,0.0,2.0,https://www.sephora.com/product/photo-plasma-moisturizer-broad-spectrum-spf-30-P379495?icid2=products%20grid:p379495,2.0,34.5
Skin Perfecting Lotion - Blemish Prone/Oily Skin,Murad,moisturizing-cream-oils-mists,42.0,"Dicaprylyl Maleate, C1215 Alkyl Benzoate, Butylene Glycol, Glycerin, Sorbitan Stearate, Squalane, Stearic Acid, Retinol, Caprylic/Capric Triglyceride, Urea, Yeast Amino Acids, Trehalose, Inositol, Taurine, Betaine, Arnica Montana Flower Extract, Epilobium Angustifolium Flower/Leaf/Stem Extract, Hydrolyzed Soy Flour, Spiraea Ulmaria Extract, Honey (Mel) Extract, Cetearyl Alcohol, Ceteareth20, Talc, Glycolipids, Sodium Hyaluronate, Panthenol, Lecithin,  Avena Sativa (Oat) Kernel Protein, Tocopherol, Magnesium Ascorbyl Phosphate , Chondrus Crispus (Carrageenan) Extract, Dimethicone, Sodium PCA, Allantoin, Sclerotium Gum, Carbomer, Disodium EDTA, Aminomethyl Propanol, Phenoxyethanol, Caprylyl Glycol, Chlorphenesin, Citrus Aurantium Dulcis (Orange) Fruit Extract.",957,30479,1.7,0.0,https://www.sephora.com/product/skin-perfecting-lotion-blemish-prone-oily-skin-P4050?icid2=products%20grid:p4050,1.7,24.705882352941178
Essential Energy Moisturizing Cream,Shiseido,moisturizing-cream-oils-mists,48.0,"Dipropylene Glycol, Glycerin, Betaine, Alcohol Denat., Dimethicone, Isodecyl Neopentanoate, PPG3 Dipivalate, Xylitol, Phytosteryl/Octyldodecyl Lauroyl Glutamate, Phenoxyethanol, HDI/Trimethylol Hexyllactone Crosspolymer, Ammonium Acryloyldimethyltaurate/Beheneth25 Methacrylate Crosspolymer, Carbomer, Alcohol, Potassium Hydroxide, Erythritol, PEG/PPG14/7 Dimethyl Ether, PEG/PPG17/4 Dimethyl Ether, Tocopheryl Acetate, Fragrance, Butylene Glycol, Xanthan Gum, Disodium EDTA, Acrylates/C1030 Alkyl Acrylate Crosspolymer, Aminopropyl Dimethicone, Caffeine, Tremella Fuciformis Polysaccharide, Silica, Sodium Metaphosphate, Hexyl Cinnamal, Tocopherol, Limonene, Linalool, Sodium Metabisulfite, Citronellol, Scutellaria Baicalensis Root Extract, Angelica Keiskei Leaf/Stem Extract, Geraniol, Camellia Sinensis Leaf Extract, Sodium Acetylated Hyaluronate, Iron Oxides (Ci 77491), Citrus Unshiu Peel Extract, Zingiber Aromaticus Extract, Hydrolyzed Conchiolin Protein, cinnamomum Cassia Bark Extract, Pyrola Incarnata Extract, Panax Ginseng Root Extract.",26,3453,1.7,0.0,https://www.sephora.com/product/essential-energy-moisturizing-cream-P428089?icid2=products%20grid:p428089,1.7,28.235294117647058
Turnaround Overnight Revitalizing Moisturizer,CLINIQUE,moisturizing-cream-oils-mists,42.0,"Isostearyl Palmitate , Cetyl Ricinoleate , Dimethicone , Butylene Glycol , Squalane , Glyceryl Stearate , Peg100 Stearate , Cetyl Alcohol , Stearic Acid , Arginine , Sigesbeckia Orientalis (St. Paul'S Wort) Extract , Hordeum Vulgare (Barley) Extract/Extrait D'Orge , Castanea Sativa (Chestnut) Seed Extract , Cucumis Sativus (Cucumber) Fruit Extract , Yeast Extract/Faex/Extrait De Levure , Rosmarinus Officinalis (Rosemary) Extract , Trehalose , Salicylic Acid , Creatine , Ethylhexylglycerin , Lecithin , Propylene Glycol Dicaprate , Acetyl Glucosamine , Hydroxyethyl Urea , Petrolatum , Helianthus Annuus (Sunflower) Seedcake , Polysilicone11 , Tromethamine , Caprylyl Glycol , Sodium Rna , Tocopheryl Acetate , Glycerin , Phospholipids , Hexylene Glycol , Sodium Hyaluronate , Disodium Nadh , Micrococcus Lysate , Laurdimonium Hydroxypropyl Hydrolyzed Soy Protein , Xanthan Gum , Adenosine Phosphate , Carbomer , Ascorbyl Tocopheryl Maleate , Ptfe , Nordihydroguaiaretic Acid , Disodium Edta , Sodium Metabisulfite , Chlorphenesin , Potassium Sorbate , Phenoxyethanol <iln41081></iln41081>",327,15855,0.0,1.7,https://www.sephora.com/product/turnaround-overnight-revitalizing-moisturizer-P296834?icid2=products%20grid:p296834,1.7,24.705882352941178
Black Tea Age-Delay Cream,Fresh,moisturizing-cream-oils-mists,90.0,"Isostearyl Palmitate , Cetyl Ricinoleate , Dimethicone , Butylene Glycol , Squalane , Glyceryl Stearate , Peg100 Stearate , Cetyl Alcohol , Stearic Acid , Arginine , Sigesbeckia Orientalis (St. Paul'S Wort) Extract , Hordeum Vulgare (Barley) Extract/Extrait D'Orge , Castanea Sativa (Chestnut) Seed Extract , Cucumis Sativus (Cucumber) Fruit Extract , Yeast Extract/Faex/Extrait De Levure , Rosmarinus Officinalis (Rosemary) Extract , Trehalose , Salicylic Acid , Creatine , Ethylhexylglycerin , Lecithin , Propylene Glycol Dicaprate , Acetyl Glucosamine , Hydroxyethyl Urea , Petrolatum , Helianthus Annuus (Sunflower) Seedcake , Polysilicone11 , Tromethamine , Caprylyl Glycol , Sodium Rna , Tocopheryl Acetate , Glycerin , Phospholipids , Hexylene Glycol , Sodium Hyaluronate , Disodium Nadh , Micrococcus Lysate , Laurdimonium Hydroxypropyl Hydrolyzed Soy Protein , Xanthan Gum , Adenosine Phosphate , Carbomer , Ascorbyl Tocopheryl Maleate , Ptfe , Nordihydroguaiaretic Acid , Disodium Edta , Sodium Metabisulfite , Chlorphenesin , Potassium Sorbate , Phenoxyethanol <iln41081></iln41081>",327,11734,0.0,1.6,https://www.sephora.com/product/black-tea-age-delay-cream-P217512?icid2=products%20grid:p217512,1.6,56.25
Noni Glow Face Oil Mini,KORA Organics,moisturizing-cream-oils-mists,25.0,**From essential oils,95,11941,0.0,0.34,https://www.sephora.com/product/noni-glow-face-oil-mini-P434336?icid2=products%20grid:p434336,0.34,73.52941176470588
V7 Priming Moisturizer,Dr. Jart+,moisturizing-cream-oils-mists,48.0,"Cyclopentasiloxane, Cyclohexasiloxane, Panthenol, Polymethylsilsesquioxane, Vinyl Dimethicone/Methicone Silsesquioxane Crosspolymer, Glycerin, Dimethicone, Diphenylsiloxy Phenyl Trimethicone, PEG10 Dimethicone, Propanediol, Caprylyl Methicone, Methyl Methacrylate Crosspolymer, Niacinamide, 1,2Hexanediol, Disteardimonium Hectorite, Solanum Lycopersicum (Tomato) Leaf Cell Culture Extract, Glutathione, Sea Glycine, Serine, Glutamic Acid, Aspartic Acid, Leucine, Alanine, Lysine, Arginine, Tyrosine, Phenylalanine, Proline, Threonine, Valine, Cysteine, Histidine, Isoleucine, Methionine, Magnesium Sulfate, PEG12 Dimethicone/PPG20 Crosspolymer, Titanium Dioxide (CI 77891), CocoCaprylate/Caprate, Sorbitan Sesquioleate, Ethylhexylglycerin, Eclipta Prostrata Extract, Polyhydroxystearic Acid, Adenosine, Alumina, Triethoxycaprylylsilane, Melia Azadirachta Leaf Extract, Tocopheryl Acetate, Linoleic Acid, Urea, Moringa Oleifera Seed Oil, Disodium Phosphate, Oleic Acid, Biotin, Caprylic/Capric Triglyceride, Palmitic Acid, Hydrogenated Lecithin, Polyglyceryl10 Diisostearate, Stearic Acid, Tocopherol, Citric Acid, Hydroxypropyl Cyclodextrin, Ascorbic Acid, Menadione, Linolenic Acid, Disodium EDTA, Juniperus Virginiana Oil, Cananga Odorata Flower Oil, Citrus Aurantium Dulcis (Orange) Peel Oil, Copaifera Officinalis (Balsam Copaiba) Resin, Pogostemon Cablin Oil, Lavandula Angustifolia (Lavender) Oil.",50,4385,1.69,0.0,https://www.sephora.com/product/v7-priming-moisturizer-P445466?icid2=products%20grid:p445466,1.69,28.402366863905325
Dramatically Different Hydrating Jelly,CLINIQUE,moisturizing-cream-oils-mists,28.0,"BisPeg18 Methyl Ether Dimethyl Silane, Butylene Glycol, Glycerin, Cucumis Sativus (Cucumber) Fruit Extract, Hypnea Musciformis (Algae) Extract, Gelidiella Acerosa Extract, Hordeum Vulgare (Barley) Extract/Extrait D'orge, Padina Pavonica Thallus Extract, Helianthus Annuus (Sunflower) Seedcake, Sucrose, Caffeine, Sodium Hyaluronate, Hydroxyethyl Urea, Hydrolyzed Rice Extract, Sorbitol, Sodium Polyaspartate, Ppg6Decyltetradeceth30, Ethylhexylglycerin, Propylene Glycol Dicaprate, Caprylyl Glycol, Trehalose, Polysorbate 80, Carbomer, Sodium Hydroxide, Hexylene Glycol, Citric Acid, Sodium Citrate, Disodium Edta, Phenoxyethanol",593,24403,0.0,4.2,https://www.sephora.com/product/dramatically-different-hydrating-jelly-P432241?icid2=products%20grid:p432241,4.2,6.666666666666666
Squalane Facial Oil,Indie Lee,moisturizing-cream-oils-mists,34.0,100% Pure OliveDerived Squalane Oil,62,7219,1.0,0.0,https://www.sephora.com/product/squalane-facial-oil-P433890?icid2=products%20grid:p433890,1.0,34.0
Take The Day Off Cleansing Oil,CLINIQUE,moisturizing-cream-oils-mists,28.0,"Cetyl Ethylhexanoate , Triethylhexanoin , Peg20 Glyceryl Triisostearate , Polybutene , Peg8 Diisostearate , Peg12 Diisostearate , Ppg15 Stearyl Ether , Tocopheryl Acetate , Glycerin , Caprylyl Glycol , Glyceryl Laurate , Bht <iln41346></iln41346>",464,22048,0.0,6.7,https://www.sephora.com/product/take-the-day-off-cleansing-oil-P384821?icid2=products%20grid:p384821,6.7,4.17910447761194
Super Rich Repair Moisturizer,Dermalogica,moisturizing-cream-oils-mists,89.0,"Isohexadecane, Dipropylene Glycol, Caprylic/Capric/Myristic/Stearic Triglyceride, Lauryl PEG9 Polydimethylsiloxyethyl Dimethicone, Simmondsia Chinensis (Jojoba) Seed Oil, Butyrospermum Parkii (Shea Butter), Dimethicone, Glycerin, Octyldodecyl Neopentanoate, Sodium Chloride, Isostearic Acid , Arginine/Lysine Polypeptide, Palmitoyl Tripeptide5, Avena Sativa (Oat) Kernel Extract, Pyrus Malus (Apple) Seed Extract, Borago Officinalis Seed Oil, Oenothera Biennis (Evening Primrose) Oil, Hydrogenated Coconut Oil, Gardenia Tahitensis Flower, Algae Extract, Yeast Extract, Glucosamine HCl, Tocopheryl Acetate, Sodium Hyaluronate, Colloidal Oatmeal, Madecassoside, Genistein. Urea , Hexyldecanol, Polyglyceryl4 Isostearate, Cetyl Dimethicone, Hydrogenated Castor Oil, Butylene Glycol, Phenoxyethanol, Caprylyl Glycol, Ethylhexylglycerin, Hexylene Glycol, Linalool, Citronellol, Geraniol, Cedrus Atlantica Bark Oil, Cupressus Sempervirens Leaf/Stem Extract, Eucalyptus Globulus Leaf Oil, Helianthus Annuus (Sunflower) Seed Oil, Pelargonium Graveolens Flower Oil, Aniba Rosaeodora (Rosewood) Wood Oil, Abies Siberica Oil, Santalum Album (Sandalwood) Oil.",109,1647,1.7,0.0,https://www.sephora.com/product/super-rich-repair-P423135?icid2=products%20grid:p423135,1.7,52.35294117647059
Argan Cleansing Oil,Josie Maran,moisturizing-cream-oils-mists,34.0,"Helianthus Annuus (Sunflower) Seed Oil**, Polysorbate80**, Polysorbate20**, Carthamus Tinctorius (Safflower) Seed Oil**, Argania Spinosa (Argan) Kernel Oil*, Citrus Grandis (Pomelo Grapefruit) Seed Oil**, Vitis Vinifera (Grape) Seed Oil**, Olea Europaea (Olive) Fruit Oil**, Tocopherol, Sucralose**.",1000,25579,0.0,6.0,https://www.sephora.com/product/argan-cleansing-oil-P283501?icid2=products%20grid:p283501,6.0,5.666666666666667
Plantscription™ Youth-Renewing Power Night Cream,Origins,moisturizing-cream-oils-mists,62.0,"Caprylic/Capric Triglyceride, Myristyl Myristate, Isodecyl Isononanoate, Triethylhexanoin, Butylene Glycol, Stearic Acid, Peg100 Stearate, Cetyl Alcohol, Behenyl Alcohol, Hydrogenated CocoGlycerides, Cetearyl Alcohol, Glycerin, Anogeissus Leiocarpus Bark Extract, Peucedanum Graveolens (Dill) Extract, Cassia Alata Leaf Extract, Rosa Damascena Flower Oil*, Lavandula Angustifolia (Lavender) Oil*, Pelargonium Graveolens Flower Oil*, Illicium Verum (Anise) Fruit/Seed Oil*, Citrus Aurantium Bergamia (Bergamot) Fruit Oil*, Carthamus Tinctorius (Safflower) Seed Oil*, Myristica Fragrans (Nutmeg) Kernel Oil*, Citrus Aurantium Dulcis (Orange) Peel Oil*, Citrus Nobilis (Mandarin Orange) Peel Oil*, Citrus Limon (Lemon) Peel Oil*, Litsea Cubeba Fruit Oil*, Hibiscus Abelmoschus Extract, Linalool, Citronellol, Limonene, Geraniol, Citral, Hypnea Musciformis (Algae) Extract, Gellidiela Acerosa (Algae) Extract, Hordeum Vulgare (Barley) Extract/Extrait D'Orge, Triticum Vulgare (Wheat) Germ Extract, Pisum Sativum (Pea) Extract, Centaurium Erythraea (Centaury) Extract, Bambusa Vulgaris (Bamboo) Extract, Poria Cocos Sclerotium Extract, Cholesterol, Rosmarinus Officinalis (Rosemary) Leaf Extract, Coffea Arabica (Coffee) Seed Extract, Rubus Idaeus (Raspberry) Leaf Extract, Squalane, Sigesbeckia Orientalis (St. Paul'S Wort) Extract, Micrococcus Lysate, Phytosphingosine, Caffeine, Acetyl Hexapeptide8, Hydrolyzed Algin, Crithmum Maritimum Extract, Hydrogenated Vegetable Oil, Laminaria Digitata Extract, Sodium Hyaluronate, Lecithin, Maltodextrin, Glycine Soja (Soybean) Sterols, Dimethicone, Ceteareth20, Polysorbate 20, Glyceryl Stearate, Carbomer, Potassium Hydroxide, Tocopheryl Acetate, Boron Nitride, Tetrahexyldecyl Ascorbate, Sodium Dehydroacetate, Xanthan Gum, Glucosamine Hcl, Phenoxyethanol <iln42228>* Essential Oil",15,4105,1.7,0.0,https://www.sephora.com/product/plantscription-youth-renewing-power-night-cream-P408241?icid2=products%20grid:p408241,1.7,36.470588235294116
Aglow™ Priming Oil,lilah b.,moisturizing-cream-oils-mists,68.0,"Prunus Amygdalus Dulcis (Sweet Almond) Oil, Rosa Damascena Flower Polyglyceryl4 Oleate, Tocopherol, Polyglyceryl6 Oleate, Polyhydroxystearic Acid, Quaternium90 Bentonite, Caprylic/Capric Triglyceride, Calophyllum Inophyllum Seed Oil, Simmondsia Chinensis (Jojoba) Seed Oil, Lavandula Angustifolia (Lavender) Oil, Vitis Vinifera (Grape) Fruit Cell Extract, Camellia Sinensis Leaf Extract, Camellia Sinensis Leaf Powder, Sodium Chloride, Undecane, Tridecane, Butylene Glycol, Maltodextrin, Citric Acid, Linalool, Limonene.",6,584,0.0,1.0,https://www.sephora.com/product/lilah-b-aglow-priming-oil-P454770?icid2=products%20grid:p454770,1.0,68.0
Renewed Hope in A Jar SPF 30 Moisturizer,philosophy,moisturizing-cream-oils-mists,39.0,"Carthamus Tinctorius (Safflower) Oleosomes, Butylene Glycol, Glycerin, C1215 Alkyl Benzoate, Methyl Gluceth20, Glycolic Acid, Polyacrylamide, Cyclopentasiloxane, Ammonium Acryloyldimethyltaurate/Vp Copolymer, Hydrogenated Lecithin, Cyclohexasiloxane, Phenoxyethanol, Sodium Hydroxide, C1314 Isoparaffin, Cetyl Alcohol, Polysorbate 80, Laureth7, Citric Acid, Fragrance, Bismuth Oxychloride, Mandelic Acid, Tocopheryl Acetate, Disodium Edta, Synthetic Fluorphlogopite, Ethylhexyl Palmitate, Propanediol, Gluconic Acid, Adenosine, Sodium Benzoate, Bht, Evodia Rutaecarpa Fruit Extract, Sodium Bicarbonate, Yeast Extract, Magnesium Stearate, Opuntia Coccinellifera Flower Extract, Silica Dimethyl Silylate, Caprylyl Glycol, Ethylhexylglycerin, Hyaluronic Acid,Silanetriol, Sodium Hyaluronate, Sorbic Acid, Hexylene Glycol.",108,5370,0.0,2.0,https://www.sephora.com/product/renewed-hope-in-jar-spf-30-P393516?icid2=products%20grid:p393516,2.0,19.5
"Bienfait Multi-Vital Night Cream, Highly Potent Overnight Face Moisturizer",Lancôme,moisturizing-cream-oils-mists,54.0,"Aqua/Dimethicone, Hydrogenated Polyisobutene, Paraffinum Liquidum/Mineral Oil/Huile Minerale, Glycerin, Cetyl Alcohol, Butylene Glycol, Peg100 Stearate, Glyceryl Stearate, Oryza Sativa Bran Oil/Rice Bran Oil, Zea Mays Oil/Corn Oil, Hydroxyethylpiperazine Ethane Sulfonic Acid, Ci 15985/Yellow 6, Ci 19140/Yellow 5, C1314 Isoparaffin, Tocopheryl Acetate, Tocopherol, Ascorbyl Glucoside, Hydroxycitronellal, Phenoxyethanol, Magnesium Aspartate, Triticum Vulgare Germ Oil/Wheat Germ Oil, Polyacrylamide, Chlorhexidine Digluconate, Polycaprolactone, Panthenol, Pentaerythrityl TetraDiTButyl Hydroxyhydrocinnamate, Benzyl Salicylate, Benzyl Alcohol, Linalool, Zinc Gluconate, Caprylyl Glycol, AlphaIsomethyl Ionone, Copper Gluconate, Sorbitan Tristearate, Cera Microcristallina/Microcrystalline Wax/Cire Microcristalline, Paraffin, Sesamum Indicum Oil/Sesame Seed Oil, Retinyl Palmitate, Butylphenyl Methylpropional, Laureth7, Hexyl Cinnamal, Glycine Soja Oil/Soybean Oil, Parfum/Fragrance.",104,8501,1.69,0.0,https://www.sephora.com/product/bienfait-multi-vital-night-high-potency-night-moisturizing-cream-vita-nutri-8-P185818?icid2=products%20grid:p185818,1.69,31.952662721893493
Cold Plasma Plus+ Neck & Chest Broad Spectrum SPF 25,Perricone MD,moisturizing-cream-oils-mists,89.0,"Dimethicone, Cyclopenta siloxane, Glycerin, Niacinamide, Ethylhexyl Methoxycrylene, Pentylene Glycol, Hydroxyethyl Acrylate/Sodium Acryloyldimethyl Taurate Copolymer, Polyester8, Polyglyceryl3 Polydimethylsiloxyethyl Dimethicone, Tetrahexyldecyl Ascorbate, Thioctic Acid, Acetyl Tetrapeptide9, Diethylhexyl Syringylidenemalonate, Hydrogenated Lecithin, Bisabolol, Xanthan Gum, Hydrogenated Phosphatidylcholine, Mannitol, Benzyl Alcohol, Stearic Acid, Isohexadecane, Polysilicone11, Polysorbate 60, Sorbitan Isostearate, Caprylic/Capric Triglyceride, Phenoxyethanol, Potassium Sorbate, Sodium Benzoate, Aluminum Hydroxide",229,3242,1.0,0.0,https://www.sephora.com/product/cold-plasma-plus-neck-chest-broad-spectrum-spf-25-P431185?icid2=products%20grid:p431185,1.0,89.0
Skin Smoothing Cream Moisturizer,Dermalogica,moisturizing-cream-oils-mists,69.0,"Caprylic/Capric Triglyceride, Methyl Gluceth20, Pentylene Glycol, Butylene Glycol, Dimethicone, Lactamide MEA, Ethylhexyl Methoxycinnamate, PEG100 Stearate, Cetearyl Alcohol Stearic Acid, Glyceryl Stearate, Lavandula Angustifolia (Lavender) Extract, Malva Sylvestris (Mallow) Flower/Leaf/Stem Extract, Hedera Helix (Ivy) Leaf/Stem Extract, Cucumis Sativus (Cucumber) Fruit Extract, Sambucus Nigra Flower Extract, Arnica Montana Flower Extract, Parietaria Officinalis Extract, Nasturtium Officinale Flower/Leaf Extract, Arctium Lappa Root Extract, Salvia Officinalis (Sage) Leaf Extract, Citrus Medica Limonum (Lemon) Fruit Extract, Saponaria Officinalis Leaf/Root Extract, Silk Amino Acids, Glycolipids, Sodium Hyaluronate, Leuconostoc/Radish Root Ferment Filtrate, Palmitoyl, Hydroxypropyltrimonium Amylopectin/Glycerin Crosspolymer, Lecithin, Vitis Vinifera (Grape) Seed Extract, Allantoin, Panthenol, Cetyl Alcohol, Polyquaternium10, Acrylates/C1030 Alkyl Acrylate Crosspolymer, Polysorbate 60, Aminomethyl Propanol, Disodium EDTA, Linalool, Lavandula Hybrida Oil.",75,1013,0.0,3.4,https://www.sephora.com/product/skin-smoothing-cream-P443359?icid2=products%20grid:p443359,3.4,20.294117647058822
Cannabis Sativa Seed Oil Herbal Concentrate (Hemp-Derived) ,Kiehl's Since 1851,moisturizing-cream-oils-mists,50.0,"Cannabis Sativa Seed Oil, Dicaprylyl Ether, Tocopherol, Pelargonium Graveolens Flow Oil, Origanum Heracleoticum Flower Oil / Sunflower Seed Oil, Cymbopogon Schoenanthus Oil, Mentha Piperita Oil / Peppermint Oil, Citral, Citronellol, Geraniol, Linalool, Limonene.",155,13166,1.0,0.0,https://www.sephora.com/product/cannabis-sativa-seed-oil-herbal-concentrate-P440937?icid2=products%20grid:p440937,1.0,50.0
ExfoliKate® Glow Moisturizer,Kate Somerville,moisturizing-cream-oils-mists,65.0,"Cetyl Ricinoleate, Isostearyl Palmitate, Dimethicone, Squalane, Lactic Acid, Glyceryl Stearate, PEG100 Stearate, Propanediol, Glycolic Acid, Myristyl Alcohol, Cyclopentasiloxane, Sodium Hydroxide, Lactobacillus/Pumpkin Fruit Ferment Filtrate, Leuconostoc/Radish Root Ferment Filtrate, Bromelain, Papain, Opuntia FicusIndica Fruit Extract, Glycerin, Saccharomyces Cerevisiae Extract, Polysilicone11, Citrus Aurantium Bergamia (Bergamot) Fruit Oil, Aniba Rosaeodora (Rosewood) Wood Extract, Citrus Aurantium Dulcis (Orange) Peel Oil, Pelargonium Graveolens Flower Oil, Tocopheryl Acetate, Phenoxyethanol, Polyacrylate Crosspolymer6, Myristyl Glucoside, Cyclohexasiloxane, PEG40 Stearate, Xanthan Gum, Ethylhexylglycerin, Disodium EDTA, Maltodextrin, TButyl Alcohol, Citronellol, Benzyl Benzoate, Citral, Limonene, Linalool, Geraniol, CI 75810 (ChlorophyllinCopper Complex).",987,10372,1.7,0.0,https://www.sephora.com/product/exfolikate-glow-moisturizer-P421276?icid2=products%20grid:p421276,1.7,38.23529411764706
Confidence In A Cream Rosy Tone,IT Cosmetics,moisturizing-cream-oils-mists,49.0,"Squalane, Cyclohexasiloxane, Glycerin, Cetyl Alcohol, Glyceryl Stearate, Peg40 Stearate, Myristyl Myristate, Pentaerythrityl Tetraethylhexanoate, Octyldodecanol, Sorbitan Tristearate, Butylene Glycol, Phenoxyethanol, Acrylamide/Sodium Acryloyldimethyltaurate Copolymer, Synthetic Fluorphlogopite, Ci 77891 / Titanium Dioxide, Isohexadecane, Silica, Capryloyl Salicylic Acid, Ascorbyl Glucoside, Chlorphenesin, Mica, Polysorbate 80, Parfum / Fragrance, Paeonia Albiflora Root Extract, Disodium Edta, Ci 77163 / Bismuth Oxychloride, Ci 77491 / Iron Oxides, Hydrolyzed Cicer Seed Extract, Tocopherol, Niacinamide, Sodium Hyaluronate, Aloe Barbadensis Leaf Juice, Caprylic/Capric Triglyceride, Sorbitan Oleate, Sodium Hydroxide, Iris Florentina Root Extract, Vigna Aconitifolia Seed Extract, Propylene Glycol, Sodium Cocoyl Glutamate, Hexyl Cinnamal, Tin Oxide, Limonene, Glucose, Chamomilla Recutita Flower Extract / Matricaria Flower Extract, Ceteareth25, Soluble Collagen, Sodium Benzoate, Citric Acid, Urtica Dioica Extract / Nettle Extract, Equisetum Arvense Extract, Betula Alba Leaf Extract, Potassium Sorbate, Camellia Sinensis Leaf Extract, Rose Extract, Dipeptide Diaminobutyroyl Benzylamide Diacetate, Ceramide Np, Behenic Acid, Cholesterol, Trisodium Edta, Ceramide Ns, Ethylhexylglycerin, Ceramide Ap, Ceramide Eop, Ceramide Eos, Caprooyl Phytosphingosine, Caprooyl Sphingosine, Ascorbyl Palmitate.",9,2109,2.0,0.0,https://www.sephora.com/product/confidence-in-cream-rosy-tone-P442980?icid2=products%20grid:p442980,2.0,24.5
The Moisturizing Soft Lotion,La Mer,moisturizing-cream-oils-mists,285.0,"Algae (Seaweed) Extract, Petrolatum, Isocetyl Stearoyl Stearate, Butyrospermum Parkii (Shea Butter), Butylene Glycol, Cyclopentasiloxane, Dimethicone, Glyceryl Stearate, Cetyl Esters, Phenyl Trimethicone, Diethylhexyl Succinate, Cyclohexasiloxane, Cholesterol, Steareth10, Glyceryl Stearate Se, Polysilicone11, Sesamum Indicum (Sesame) Seed Oil, Medicago Sativa (Alfalfa) Seed Powder, Helianthus Annuus (Sunflower) Seedcake, Prunus Amygdalus Dulcis (Sweet Almond) Seed Meal, Eucalyptus Globulus (Eucalyptus) Leaf Oil, Sodium Gluconate, Copper Gluconate, Calcium Gluconate, Magnesium Gluconate, Zinc Gluconate, Tocopheryl Succinate, Niacin, Sesamum Indicum (Sesame) Seed Powder, Water\Aqua\Eau, Salicornia Herbacea Extract, Sigesbeckia Orientalis (St. Paul's Wort) Extract, Citrus Aurantifolia (Lime) Peel Extract, Sea Salt\Maris Sal\Sel Marin, Chlorella Vulgaris Extract, Hydrolyzed Rice Extract, Micrococcus Lysate, Laminaria Digitata Extract, Plankton Extract, Caffeine, Glucose Oxidase, Trehalose, Sucrose, Acetyl Hexapeptide8, Lactoperoxidase, Hydrolyzed Algin, Glyceryl Dilaurate, Alcaligenes Polysaccharides, Isohexadecane, Caprylic/Capric Triglyceride, Dipalmitoyl Hydroxyproline, Distearyldimonium Chloride, Glycerin, Tocopheryl Acetate, Steareth21, Polyquaternium51, Saccharide Isomerate, Tetrahexyldecyl Ascorbate, Sodium Pca, Urea, Glucose, Polysorbate 80, Sodium Hyaluronate, Cetyl Alcohol, Alcohol Denat., Acrylamide/Sodium Acryloyldimethyltaurate Copolymer, Fragrance (Parfum), Lecithin, BHT, Linalool, Citronellol, Hydroxycitronellal, Geraniol, Limonene, Benzyl Salicylate, Phenoxyethanol.",18,2976,1.7,0.0,https://www.sephora.com/product/the-moisturizing-soft-lotion-1-7-oz-P417107?icid2=products%20grid:p417107,1.7,167.64705882352942
The Quench Quadralipid Rapid Recovery Facial Moisturizer,BeautyBio,moisturizing-cream-oils-mists,125.0,"Dimethicone, Hydrogenated Polyisobutene, Glycerin, C1215 Alkyl Benzoate, Helianthus Annuus (Sunflower) Seed Oil Unsaponifiables, BisPeg18 Methyl Ether Dimethyl Silane, Sodium Lauroyl Lactylate, Isododecane, Beeswax (Cera Alba), Dimethicone/Peg10/15 Crosspolymer, Lauryl Peg9 Polydimethylsiloxyethyl Dimethicone, Dimethicone/Vinyl Dimethicone Crosspolymer, Butylene Glycol, Phytosphingosine, Ceramide Ng, Ceramide Ap, Cholesterol, Ceramide Np, Palmitoyl Hexapeptide12, Ceramide Eop, Tribehenin, Peg/Ppg18/18 Dimethicone, Peg10 Dimethicone,Disteardimonium Hectorite, Disodium Edta, Sodium Chloride, Phenoxyethanol, Silica, Carbomer, Propylene Carbonate, Xanthan Gum, Fragrance, Peg10 Rapeseed Sterol, Benzoic Acid, Sorbic Acid, Chlorphenesin, Lactic Acid, Dipropylene Glycol, Ethylhexylglycerin, Tocopherol.",15,2332,1.7,0.0,https://www.sephora.com/product/the-quench-quadralipid-recovery-cream-P438648?icid2=products%20grid:p438648,1.7,73.52941176470588
Waterfall Glacier Water Cream,Saturday Skin,moisturizing-cream-oils-mists,39.0,"Glycerin, Propanediol, 1,2Hexanediol, Betaine, Pentylene Glycol, Polymehtylsilsequioxane, Sodium Acrylate/Sodium Acryloyldimethyl Taureate Copolymer, Cyclohexasiloxane, Isohexadecane, Hydroxyethyl Acrylate/Soduium Acryloyldimethyl Taurate Copolymer, Cyclopentasiloxane, Isohexadecane, Hydroxyethyl Acrylate/Sodium Acryloyldimethyl Taurate Copolymer, Acrylates/C1030 Alkyl Acrylate Crosspolymer, Tromethamine, Polysorbate 80, Ethylhexylglycerin, Sorbitan Oleate, Disodium EDTA, Glyceryl Acrylate/Acrylic Acid Copolymer, Caprylyl Glycol, Hydrogenated Lecithin, Cetraria Islandica Extract, Ferment Extract, Xanthan Gum, Phenoxyethanol, Alanine, Proline, Serine, Sodium Phosphate, Sodium Hydroxide, shOligopeptide1, shPolypeptide1, shOligopeptide2, shPolypeptide22, shPolypeptide45, shPolypeptide8, shPolypeptide9.",1000,23303,1.69,0.0,https://www.sephora.com/product/waterfall-glacier-water-cream-P432044?icid2=products%20grid:p432044,1.69,23.076923076923077
Hydrating Face Cream Moisturizer,Bobbi Brown,moisturizing-cream-oils-mists,60.0,"Dimethicone, Butylene Glycol, Cetyl Alcohol, Ethylhexyl Palmitate, Caprylic/Capric/Myristic/Stearic Triglyceride, Aleurites Moluccana (Kukui) Seed Oil, Myristyl Myristate, Glyceryl Stearate, Algae Extract, Cetyl Phosphate, Polyperfluoromethylisopropyl Ether, Coriandrum Sativum (Coriander) Seed Oil, Rosmarinus Officinalis (Rosemary), Rosa Canina (Rose) Fruit Oil, Elettaria Cardamomum (Cardamom), Lavandula Angustifolia (Lavender), Jasminum Officinale (Jasmine), Tocopheryl Acetate, Cholesterol, Linoleic Acid, Trehalose, Glycerin, Caffeine, Peg10 Dimethicone, Myristyl Laurate, Phytantriol, Acrylates Copolymer, Lecithin, Sodium Acrylates/Acrylonitrogens Copolymer, Phytosphingosine, Propylene Glycol Stearate, Sodium Hyaluronate, Polysorbate 20, Caprylyl Glycol, Sorbitan Laurate, Myristyl Alcohol, Propylene Glycol Laurate, Tocopherol, Glycine, Sodium Hydroxide, Carbomer, Hydroxyproline, Proline, Citric Acid, Hexylene Glycol, Disodium Edta, Phenoxyethanol <iln38467></iln38467>",208,11844,0.0,1.7,https://www.sephora.com/product/hydrating-face-cream-P270543?icid2=products%20grid:p270543,1.7,35.294117647058826
Limited Edition Hello FAB Coconut Skin Smoothie Priming Moisturizer,First Aid Beauty,moisturizing-cream-oils-mists,29.0,"Cocos Nucifera (Coconut) Fruit Juice, Glucose, C1215 Alkyl Benzoate, Maltodextrin, Cyclopentasiloxane, Butylene Glycol, Glycerin, Caprylic/Capric Triglyceride, Mica, Sodium Acrylate/Sodium Acryloyldimethyl Taurate Copolymer, Cocos Nucifera (Coconut) Fruit Extract, Selaginella Lepidophylla Extract, Prunus Armeniaca (Apricot) Fruit Extract, Pyrus Malus (Apple) Fruit Extract, Vanilla Planifolia Fruit Extract, Hydrolyzed Quinoa, Coffea Arabica (Coffee) Seed Extract, Dipteryx Odorata Seed Extract, Saccharomyces/Copper Ferment, Saccharomyces/Iron Ferment, Saccharomyces/Magnesium Ferment, Saccharomyces/Silicon Ferment, Saccharomyces/Zinc Ferment, Camellia Sinensis Leaf Extract, Chrysanthemum Parthenium (Feverfew) Extract, Glycyrrhiza Glabra (Licorice) Root Extract, Ethylhexylglycerin, Sorbitan Oleate, Dimethicone Crosspolymer, Isohexadecane, Acrylates/C1030 Alkyl Acrylate Crosspolymer, Polysorbate 80, Lactobacillus Ferment, Leuconostoc/Radish Root Ferment Filtrate, Phenoxyethanol, Disodium EDTA, Tin Oxide, Benzyl Alcohol, Potassium Sorbate, Sodium Benzoate, Sodium Hydroxide, CI 77891 (Titanium Dioxide), CI 77491 (Iron Oxides).",36,5162,1.7,0.0,https://www.sephora.com/product/limited-edition-hello-fab-coconut-skin-smoothie-priming-moisturizer-P447776?icid2=products%20grid:p447776,1.7,17.058823529411764
Retinol 0.5 Retexturizing Cream,Obagi Clinical,moisturizing-cream-oils-mists,55.0,"Caprylic/Capric Triglyceride, Glyceryl Stearate, Cyclopentasiloxane, Butylene Glycol, Stearic Acid, Polysorbate 60, Butyrospermum Parkii (Shea) Butter, Glycerin, Stearyl Alcohol, Cyclohexasiloxane, Dimethicone, Retinol, Calendula Officinalis Flower Extract, Camellia Sinensis Leaf Extract, Chamomilla Recutita (Matricaria) Flower Extract, Dipotassium Glycyrrhizate, Sodium Hyaluronate, Tocopheryl Acetate, Bisabolol, Ascorbic Acid, Carthamus Tinctorius (Safflower) Seed Oil, Sorbitol, Glyceryl Acrylate/Acrylic Acid Copolymer, Dimethicone/Vinyl Dimethicone Crosspolymer, Allyl Methacrylates Crosspolymer, Caprylyl Glycol, Ethylhexylglycerin, Hexylene Glycol, Polysorbate 20, Carbomer, Disodium EDTA, Triethanolamine, BHT, Phenoxyethanol.",105,5354,1.0,0.0,https://www.sephora.com/product/retinol-0-5-retexturizing-cream-P439427?icid2=products%20grid:p439427,1.0,55.0
Clear Improvement™ Pore Clearing Moisturizer with Salicylic Acid,Origins,moisturizing-cream-oils-mists,34.0,"Ethylhexyl Palmitate, Ppg14 Butyl Ether, Hamamelis Virginiana (Witch Hazel) Dimethicone, Ammonium Acryloyldimethyltaurate/Vp Copolymer, Peg7 Glyceryl Cocoate, Silica, Steareth21, Lavandula Angustifolia (Lavender) Oil*, Citrus Limon (Lemon) Peel Oil*, Mentha Viridis (Spearmint) Leaf Oil*, Gaultheria Procumbens (Wintergreen) Leaf Oil*, Cananga Odorata (Ylang Ylang) Flower Oil*, Eugenia Caryophyllus (Clove) Bud Oil*, Rosmarinus Officinalis (Rosemary) Leaf Oil*, Citral, Geraniol, Eugenol, Linalool, Limonene, Benzyl Benzoate, Eugenia Caryophyllus (Clove) Flower Extract, Charcoal Powder, Porphyra Yezoensis (Algae) Extract, Sucrose**, Glycine, Algae Extract, Avena Sativa (Oat) Kernel Extract, Caffeine, Glucosamine Hcl, Sodium Hyaluronate, Laminaria Saccharina Extract, Glycine Soja (Soybean) Seed Extract, Butylene Glycol, Steareth2, Zinc Pca, Quaternium22, Menthol, Alcohol, Disodium Edta, Phenoxyethanol. *Essential Oil. **Organic Sucrose (Brown Sugar).",1000,8388,1.7,0.0,https://www.sephora.com/product/clear-improving-pore-clearing-moisturizer-with-bamboo-charcoal-P446421?icid2=products%20grid:p446421,1.7,20.0
Ferulic + Retinol Wrinkle Recovery Overnight Serum,Dr. Dennis Gross Skincare,moisturizing-cream-oils-mists,88.0,"DiCaprylyl Carbonate, Niacinamide, Cetyl Alcohol, Propanediol, Isostearyl Alcohol, Jojoba Esters, Retinol, Ferulic Acid, Collagen Amino Acids, Sodium Hyaluronate, Hexylresorcinol, Ellagic Acid, Gallic Acid, Silybum Marianum Ethyl Ester, Tocopherol, Phospholipids, Camellia Sinensis Leaf Extract, Linoleic Acid, Linolenic Acid, Mandelic Acid, Lactic Acid, Sodium PCA, Retinyl Palmitate/Carrot Polypeptide, Retinyl Palmitate, Glycerin, Evodia Rutaecarpa Fruit Extract, Helianthus Annuus (Sunflower) Seed Wax, Acacia Decurrens Flower Wax, Glycine Soja (Soybean) Oil, Caprylic/Capric Triglyceride, Polyglycerin3, Tricaprylin, Acrylates/Carbamate Copolymer, Butylene Glycol, BHT, Butylene Glycol Cocoate, Acrylates/C1030 Alkyl Acrylate Crosspolymer, Polymethyl Methacrylate, Xanthan Gum, Ethylcellulose, Disodium EDTA, Sodium Hydroxide, Citrus Aurantium Bergamia (Bergamot) Fruit Extract, Citrus Limon (Lemon) Peel Extract, Lavandula Angustifolia (Lavender) Flower/Leaf/Stem Extract, Octoxynol9, Phenoxyethanol.",84,12002,1.0,0.0,https://www.sephora.com/product/ferulic-retinol-wrinkle-recovery-overnight-serum-P404486?icid2=products%20grid:p404486,1.0,88.0
No Worries Hydrating Face Moisturizer,Dr Roebuck's,moisturizing-cream-oils-mists,45.0,"Purified Macadamia Ternifolia Seed Oil, Glycerin, Glyceryl Stearate, Sodium Polyacrylate, Sodium Hyaluronate, Glyceryl Caprylate, Cetearyl Glucoside, Cetearyl Alcohol, Tocopheryl Acetate (Vitamin E), Polyethylene Glycol, Stearic Acid, Lavandula Angustifolia (Lavender) Oil, Rosa Canina (Rose Hip)  Fruit Oil, Sodium Benzoate.",230,4980,1.69,0.0,https://www.sephora.com/product/no-worries-hydrating-face-moisturizer-P430835?icid2=products%20grid:p430835,1.69,26.627218934911244
Midnight Secret Late Night Recovery Treatment,Guerlain,moisturizing-cream-oils-mists,29.5,"Purified Macadamia Ternifolia Seed Oil, Glycerin, Glyceryl Stearate, Sodium Polyacrylate, Sodium Hyaluronate, Glyceryl Caprylate, Cetearyl Glucoside, Cetearyl Alcohol, Tocopheryl Acetate (Vitamin E), Polyethylene Glycol, Stearic Acid, Lavandula Angustifolia (Lavender) Oil, Rosa Canina (Rose Hip)  Fruit Oil, Sodium Benzoate.",38,24494,0.5,0.0,https://www.sephora.com/product/midnight-secret-late-night-recovery-treatment-P408678?icid2=products%20grid:p408678,0.5,59.0
100 percent Pure Argan Oil Light ,Josie Maran,moisturizing-cream-oils-mists,49.0,Argan Oil Isostearyl Esters**. **Natural.,1000,35830,0.0,1.7,https://www.sephora.com/product/100-pure-argan-oil-light-P380805?icid2=products%20grid:p380805,1.7,28.823529411764707
Sleep Tight Firming Night Balm,Farmacy,moisturizing-cream-oils-mists,48.0,"Prunus Amygdalus Dulcis (Sweet Almond) Oil, CocoCaprylate, Dextrin Palmitate, Helianthus Annuus (Sunflower) Seed Oil, Sorbitan Sesquioleate, Caprylic/Capric Triglyceride, Limnanthes Alba (Meadowfoam) Seed Oil, Oenothera Biennis (Evening Primrose) Oil, Oryza Sativa (Rice) Bran Oil, Simmondsia Chinensis Seed Oil, Vitis Vinifera (Grape) Seed Oil, Echinacea Purpurea Root Extract, Echinacea Purpurea Extract, Elaeis Guineensis (Palm) Oil, Gossypium Herbaceum (Cotton) Seed Oil, Bidens Pilosa Extract, Linum Usitatissimum (Linseed) Seed Oil, Ribes Nigrum (Black Currant) Seed Oil, Spilanthes Acmella Flower Extract, Helianthus Annuus (Sunflower) Seed Oil Unsaponifiables, Cardiospermum Halicacabum Flower/Leaf/Vine Extract, Moringa Oleifera Seed Oil, Tetrahexyldecyl Ascorbate, Crambe Abyssinica Seed Oil, Tocopheryl Acetate, Ormenis Multicaulis Oil, Citrus Aurantium Dulcis (Orange) Peel Oil, Melia Azadirachta Leaf Extract, Tocopherol, Melia Azadirachta Flower Extract, Corallina Officinalis Extract, Citrus Aurantifolia (Lime) Oil, Citrus Aurantium Bergamia (Bergamot) Fruit Oil, Cananga Odorata Flower Oil, Amber Powder, Coccinia Indica Fruit Extract, Solanum Melongena (Eggplant) Fruit Extract, Curcuma Longa (Turmeric) Root Extract, Ocimum Sanctum Leaf Extract, Zingiber Officinale (Ginger) Root Oil, Rosmarinus Officinalis (Rosemary) Leaf Extract, Glycine Soja (Soybean) Oil, Silica Silylate, Octyldodecanol, Phenoxyethanol, Citral, Limonene, Linalool.",539,38756,1.7,0.0,https://www.sephora.com/product/sleep-tight-firming-night-balm-with-echinacea-greenenvy-P399973?icid2=products%20grid:p399973,1.7,28.235294117647058
WASO: Clear Mega-Hydrating Moisturizer,Shiseido,moisturizing-cream-oils-mists,38.0,"Glycerin, Cyclopentasiloxane, Dipropylene Glycol, Xylitol, Alcohol Denat., PEG20, BISPEG18 Methyl Ether Dimethyl Silane, Dipeptide15, Dimethicone, Erythritol, PEG150, Polymethylsilsesquioxane, Trehalose, Sodium Chloride, Betaine, PEG10 Dimethicone, PEG/PPG19/19 Dimethicone, Hydrogenated Polyisobutene, Phenoxyethanol, Dimethicone/Vinyl Dimethicone Crosspolymer, Ethylhexyl Methoxycinnamate, Butylene Glycol, Trisodium Edta, PEG/PPG17/4 Dimethyl Ether, Caffeine, Alcohol, Cetyl Ethylhexanoate, Fragrance, Sodium Metabisulfite, Phytosteryl/Octyldodecyl Lauroyl Glutamate, Limonene, Hexyl Cinnamal, Butylphenyl Methylpropional, Paeonia Albiflora Root Extract, Benzyl Benzoate, Linalool,  BHT, Lamium Album Flower/Leaf/Stem Extract, Daucus Carota Sativa (Carrot) Root Protoplasts,  Citrus Junos Seed Extract, Tocopherol, Benzoic Acid, BetaCarotene.",431,8276,1.8,0.0,https://www.sephora.com/product/waso-clear-mega-hydrating-cream-P421768?icid2=products%20grid:p421768,1.8,21.11111111111111
B. Well Organic + Cold-Pressed 100% Castor Oil,Briogeo,moisturizing-cream-oils-mists,26.0,Organic Ricinus Communis (Castor) Oil.,207,22209,0.0,0.0,https://www.sephora.com/product/b-well-organic-cold-pressed-100-castor-oil-P440273?icid2=products%20grid:p440273,2.0673014048531417,12.57678243673762
Calm Water Gel Moisturizer ,Dermalogica,moisturizing-cream-oils-mists,50.0,"Glycerin, Aloe Barbadensis (Aloe) Leaf Juice, Dimethicone, Butylene Glycol, Pyrus Malus (Apple) Fruit Extract, 1,2Hexanediol, Diethylhexyl Carbonate, Opuntia FicusIndica Stem Extract, Sodium Hyaluronate, Dipotassium Glycyrrhizate, Hydrolyzed Sodium Hyaluronate, Lavandula Angustifolia (Lavender) Flower Extract, Stearyl Heptanoate, Cetyl PEG/PPG10/1 Dimethicone, Hydroxyacetophenone, Sea Salt, Dimethicone Crosspolymer, Stearyl Caprylate, Lauryl PEG9 Polydimethylsiloxyethyl Dimethicone, Potassium Sorbate Citric Acid, Sodium Benzoate, Disodium Phosphate, Linalool, Limonene.",26,2631,1.7,0.0,https://www.sephora.com/product/calm-water-gel-ultra-calming-P428240?icid2=products%20grid:p428240,1.7,29.411764705882355
Baba Bomb Moisturizer,tarte,moisturizing-cream-oils-mists,39.0,"Cetyl Ethylhexanoate, Glycerin, Butylene Glycol, Hydrogenated Polydecene, Pentylene Glycol, Tribehenin PEG20 Esters, Hydrogenated Polyisobutene, Olea Europaea (Olive) Fruit Oil, Glyceryl Stearate, Orbignya Oleifera Seed Oil, Palmitic Acid, Sodium Acrylate/Sodium Acryloyldimethyl Taurate Copolymer, Stearic Acid, Vinyl Dimethicone, Isohexadecane, Tromethamine, Acrylates/C1030 Alkyl Acrylate Crosspolymer, Polysorbate 80, Persea Gratissima (Avocado) Oil, Sorbitan Oleate, Disodium EDTA, Myristic Acid, Camellia Sinensis Seed Oil, Camellia Sinensis Leaf Extract, 1,2Hexanediol, Sodium Hyaluronate, Hydrolyzed Ginseng Saponins.",38,3304,0.0,1.69,https://www.sephora.com/product/baba-bomb-moisturizer-P447200?icid2=products%20grid:p447200,1.69,23.076923076923077
SUBLIME DEFENSE Ultra Lightweight UV Defense Fluid SPF 50,Algenist,moisturizing-cream-oils-mists,28.0,"Octinoxate 7.5%, Titanium Dioxide 2%, Zinc Oxide 17.1%, Cyclopentasiloxane, Water (Aqua, Eau), Alcohol Denat., Glycerin, Polyglyceryl3 Polydimethylsiloxyethyl Dimethicone, Methyl Methacrylate Crosspolymer, PEG/PPG18/18 Dimethicone, PEG9 Polydimethylsiloxyethyl Dimethicone, Parachlorella Beijerinckii Exopolysaccharides, Echinacea Purpurea Extract, Tocopheryl Acetate, Camellia Oleifera Leaf Extract, Arctostaphylos Uva Ursi Leaf Extract, Glycyrrhiza Glabra (Licorice) Root Extract, Stearic Acid, Triethoxysilylethyl Polydimethylsiloxyethyl Hexyl Dimethicone, BHT, Ethylhexylglycerin, Caprylyl Glycol, Aluminum Hydroxide, Phenoxyethanol, Hexylene Glycol, Fragrance (Parfum), Hexyl Cinnamal, Linalool.",417,20479,0.0,1.0,https://www.sephora.com/product/sublime-defense-ultra-lightweight-uv-defense-fluid-spf-50-P311143?icid2=products%20grid:p311143,1.0,28.0
Hyaluronic Marine Oil-Free Moisture Cushion,Dr. Dennis Gross Skincare,moisturizing-cream-oils-mists,60.0,"Cyclopentasiloxane, Cetearyl Alcohol, Dimethicone, Butylene Glycol, Stearyl Dimethicone, Caprylic/Capric Triglyceride, Octadecene, Glyceryl Behenate, Sodium Acrylate/Sodium Acryloyldimethyl Taurate Copolymer, Sodium Hyaluronate, Caulerpa Lentillifera Extract, Aloe Barbadensis Leaf Extract, Tocopherol, Phospholipids, Citrullus Lanatus (Watermelon) Fruit Extract, Cocos Nucifera (Coconut) Fruit Extract, Citrus Sinensis (Orange) Fruit Extract, Cinnamomum Cassia Bark Extract, Saccharide Isomerate, Vaccinium Myrtillus Fruit/Leaf Extract, Glycolic Acid, Lactic Acid, Saccharum Officinarum (Sugar Cane) Extract, Citrus Aurantium Dulcis (Orange) Fruit Extract, Citrus Limon (Lemon) Fruit Extract, Acer Saccharum (Sugar Maple) Extract, Collagen Amino Acids, Hydrolyzed Soy Protein, Leuconostoc/Radish Root Ferment Filtrate, Lactobacillus Ferment, Acrylates/Carbamate Copolymer, Isohexadecane, Polysorbate 80, Dimethicone Crosspolymer3, Ethylhexylglycerin, Isododecane, Disodium EDTACopper, Ceteareth20, Potassium Cetyl Phosphate, Sorbitan Oleate, Linalool, Limonene, Fragrance (Parfum), Hydroxyisohexyl 3Cyclohexene Carboxaldehyde, Citronellal, Hydroxycitronellal, Citral, Citric Acid, Sorbic Acid, Phenoxyethanol.",89,7431,0.0,1.7,https://www.sephora.com/product/hyaluronic-marine-oil-free-moisture-cushion-P416755?icid2=products%20grid:p416755,1.7,35.294117647058826
Clinique iD™:  Moisturizer + Concentrate for Lines & Wrinkles,CLINIQUE,moisturizing-cream-oils-mists,39.0,"BisPeg18 Methyl Ether Dimethyl Silane, Butylene Glycol, Glycerin, Cucumis Sativus (Cucumber) Fruit Extract, Hypnea Musciformis (Algae) Extract, Gelidiella Acerosa Extract, Hordeum Vulgare (Barley) Extract, Padina Pavonica Thallus Extract, Helianthus Annuus (Sunflower) Seedcake, Sucrose, Caffeine, Sodium Hyaluronate, Hydroxyethyl Urea, Hydrolyzed Rice Extract, Sorbitol, Sodium Polyaspartate, Ppg6Decyltetradeceth30, Ethylhexylglycerin, Propylene Glycol Dicaprate, Caprylyl Glycol, Trehalose, Polysorbate 80, Carbomer, Sodium Hydroxide, Hexylene Glycol, Citric Acid, Sodium Citrate, Disodium EDTA, Phenoxyethanol.",2,423,4.2,0.0,https://www.sephora.com/product/clinique-id-your-custom-blend-hydrator-for-lines-wrinkles-P439645?icid2=products%20grid:p439645,4.2,9.285714285714285
PlantGenius® Melt Moisturizer with Bakuchiol,alpyn beauty,moisturizing-cream-oils-mists,60.0,"Sodium Hyaluronate, Cetyl Alcohol, Coconut Alkanes, Glycerin, Pyrus Malus (Apple) Fruit Extract, Potassium Cetyl Phosphate, Aloe Barbadensis (Aloe Vera) Leaf Juice, Prunus Armeniaca (Apricot) Kernel Oil, Capryloyl Glycerin/Sebacic Acid Copolymer, CocoCaprylate/Caprate, Diheptyl Succinate, Centella Asiatica Meristem Cell Culture, Xanthan Gum, Sorbitan Stearate, Dehydroacetic Acid, Benzyl Alcohol, Squalane, Tripeptide29, Olea Europaea (Olive) Fruit Oil, Glycolic Acid, Mica, Titanium Dioxide, Potassium Sorbate, Butyrospermum Parkii (Shea) Butter*, Tocopherol, Linoleic Acid, Lavandula Angustifolia (Lavender) Oil, Citrus Aurantium Dulcis (Orange) Oil, Coenochloris Signiensis Extract, Maltodextrin, Lecithin, Bakuchiol, Hydrolyzed Sodium Hyaluronate, Eclipta Prostrata Extract, Melia Azadirachta Leaf Extract, Moringa Pterygosperma Seed Oil, Ceramide NG, Ascorbic Acid (Vitamin C), Simmondsia Chinensis (Jojoba) Seed Oil, Salvia Officinalis (Sage) Leaf Extract, Arnica Montana (Arnica) Flower Extract, Borago Officinalis (Borage) Flower Extract, Calendula Officinalis (Calendula) Flower Extract, Chamomilla Recutita (Matricaria) Flower Extract.",102,891,1.7,0.0,https://www.sephora.com/product/alpyn-beauty-plantgenius-melt-moisturizer-with-bakuchiol-P455237?icid2=products%20grid:p455237,1.7,35.294117647058826
Skin Warrior Anti-Pollution Repair Cream,Naturally Serious,moisturizing-cream-oils-mists,46.0,"Butyrospermum Parkii (Shea) Butter, Glycerin, Pyrus Malus (Apple) Fruit Extract, Simmondsia Chinensis (Jojoba) Seed Oil, Hydrogenated Sunflower Seed Oil Polyglyceryl3 Esters, Jojoba Esters, Undecane, Cetyl Alcohol, Caprylic/Capric Triglyceride, Propanediol, Tridecane, Bisabolol, Squalane, Pentylene Glycol, Caffeine, Aspalathus Linearis Leaf Extract, Camellia Sinensis Leaf Extract, Lycium Barbarum Fruit Extract, Punica Granatum Extract, Vitis Vinifera (Grape) Seed Extract, Leuconostoc/Radish Root Ferment Filtrate, Pinus Cembra Wood Extract, Betula Alba Bark Extract, Garcinia Mangostana Peel Extract, Magnolia Officinalis Bark Extract, Colloidal Oatmeal, Allantoin, Ceramide NP, Sodium Hyaluronate, Tocopheryl Acetate, Tocopherol, Theobroma Cacao (Cocoa) Seed Butter, Cera Alba (Beeswax), Coleus Barbatus Root Extract, Leontopodium Alpinum Extract, Peucedanum Ostruthium Leaf Extract, Helianthus Annuus (Sunflower) Seed Oil, Hydrogenated Sunflower Seed Oil Glyceryl Esters, Sodium Phytate, Sodium Stearoyl Lactylate, Cetearyl Alcohol, Maltodextrin, Citric Acid, Xanthan Gum, Phenethyl Alcohol, Limonene, Linalool, Citral, Citronellol, Geraniol, Fragrance/Parfum.",71,2218,1.7,0.0,https://www.sephora.com/product/skin-warrior-anti-pollution-repair-cream-P433971?icid2=products%20grid:p433971,1.7,27.058823529411764
Hungarian Water Essence,belif,moisturizing-cream-oils-mists,42.0,"Dipropylene Glycol, Glycerin, 1,2Hexanediol, Rosmarinus Officinalis (Rosemary) Extract, Centella Asiatica Extract, Lavandula Angustifolia (Lavender) Extract, Salvia Officinalis(Sage) Leaf Extract, Melissa Officinalis Leaf Extract, Achillea Millefolium Extract, Peucedanum Graveolens (Dill) Extract, Alchemilla Vulgaris Extract, Rose Extract, Poncirus Trifoliata Fruit Extract, Portulaca Oleracea Extract, *Avena Sativa (Oat) Kernel Extract, *Calendula Officinalis Flower Extract, *Nepeta Cataria Extract, *Rubus Idaeus (Raspberry) Leaf Extract, *Baptisia Tinctoria Root Extract, *Stellaria Media (Chickweed) Extract, +Alchemilla Vulgaris Leaf Extract, **Equisetum Arvense Leaf Extract, **Urtica Dioica (Nettle) Leaf Extract, **Plantago Lanceolata Leaf Extract, Sodium Hyaluronate, Cyclopentasiloxane, Triethylhexanoin, Tromethamine, Sclerotium Gum, Ammonium Acryloyldimethltaurate/Vp Copolymer, Acrylates/C1030 Alkyl Acrylate Crosspolymer, Trisodium EDTA, ***Fragrance, Citronnellol, Limonene. *Napiers Original Formula. **Napiers Aqua Formula. ***Fragrances of Natural Origin.",369,23848,2.53,0.0,https://www.sephora.com/product/hungarian-water-essence-P394633?icid2=products%20grid:p394633,2.53,16.600790513833992
Maracuja Oil,tarte,moisturizing-cream-oils-mists,48.0,"Passiflora Edulis Seed Oil, Tocopherol.",2000,82409,0.0,1.7,https://www.sephora.com/product/pure-maracuja-oil-P376726?icid2=products%20grid:p376726,1.7,28.235294117647058
Jasmine Green Tea Balancing Toner,Herbivore,moisturizing-cream-oils-mists,39.0,"Jasminum Officinale (Jasmine) Flower Hamamelis Virginiana (Witch Hazel) Flower Aloe Barbadensis Leaf Salix Alba (Willow) Bark Extract, Camellia Sinensis  (Green Tea) Leaf Extract, Camellia Sinensis  (White Tea) Leaf Extract, Zingiber Officinale (Ginger) Root Extract, Leuconostoc/Radish Root Ferment Filtrate, Jasminum Grandiflorum Floral Extract,Melia Azadirachta Leaf Extract, Melia Azadirachta Flower Extract",236,28666,4.0,0.0,https://www.sephora.com/product/jasmine-green-tea-balancing-toner-P421600?icid2=products%20grid:p421600,4.0,9.75
ICE Ceramide Moisturizing Cream,SUNDAY RILEY,moisturizing-cream-oils-mists,65.0,"Extract Blend [Water/Eau/Aqua, Chondrus Crispus (Red Algae) Extract], Squalane, C1315 Alkane (from Sugarcane), Glycerin, Helianthus Annuus (Sunflower) Seed Wax, Lanolin Alcohol, Tri(Polyglyceryl3/Lauryl) Hydrogenated Trilinoleate, Cocos Nucifera (Coconut) Fruit Extract, Ceramide NP, Ceramide EOP, Ceramide AP, Sodium Hyaluronate, Linoleic Acid, Oleic Acid, Palmitic Acid, Linolenic Acid, Prunus Amygdalus Dulcis (Sweet Almond) Fruit Extract, Fructooligosaccharides, Beta Vulgaris (Beet) Root Extract, Shea Butter Ethyl Esters, Prunus Armeniaca (Apricot) Fruit Extract, Pimpinella Anisum (Anise) Fruit Extract, Rubus Idaeus (Raspberry) Fruit Extract, Vanilla Planifolia Fruit Extract, Cucumis Melo (Melon) Fruit Extract, Punica Granatum Sterols, Rosa Damascena Flower Oil, Ananas Sativus (Pineapple) Fruit Extract, Cinnamomum Cassia Leaf Oil, Ricinus Communis (Castor) Seed Oil, Rhus Verniciflua Peel Wax/Rhus Succedanea Fruit Wax, Sodium Lauroyl Lactylate, Sodium Polyacryloyldimethyl Taurate, Triethyl Citrate, Tapioca Starch, Sodium Benzoate, Potassium Sorbate, Sodium Phytate,  Magnesium Stearate, Magnesium Aspartate, Pentylene Glycol, Tocopherol, Phytosphingosine, Cholesterol, Lithothamnion Calcareum Extract, Zinc Gluconate, Stearic Acid, Copper Gluconate, Phenoxyethanol, Polymethylsilsesquioxane, Xanthan Gum, Carbomer.",162,5846,1.7,0.0,https://www.sephora.com/product/ice-ceramide-moisturizing-cream-P448937?icid2=products%20grid:p448937,1.7,38.23529411764706
Goat Milk Moisturizing Cream,Kate Somerville,moisturizing-cream-oils-mists,65.0,"Ethylhexyl Palmitate, Myristyl Myristate, Glyceryl Stearate, PEG100 Stearate, Cetearyl Ethylhexanoate, Decyl Oleate, Glycerin, Propanediol, Goat Milk Powder, Lactose, Milk Protein, Helianthus Annuus (Sunflower) Seed Oil, Hamamelis Virginiana (Witch Hazel) Flower Cocos Nucifera (Coconut) Oil, Persea Gratissima (Avocado) Oil, Simmondsia Chinensis (Jojoba) Seed Oil, Vitis Vinifera (Grape) Seed Oil, Aloe Barbadensis Leaf Juice Powder, Oryza Sativa (Rice) Bran Extract, Rosmarinus Officinalis (Rosemary) Leaf Extract, Tocopheryl Acetate, Tocopherol, Caprylyl Glycol, Acrylates/C1030 Alkyl Acrylate Crosspolymer, Phenoxyethanol, Ethylhexylglycerin, Hexylene Glycol, Xanthan Gum, Aminomethyl Propanol, Disodium EDTA, Lactic Acid, Benzoic Acid.",511,15116,0.0,1.7,https://www.sephora.com/product/goat-milk-moisturizing-cream-P232910?icid2=products%20grid:p232910,1.7,38.23529411764706
Premier Cru Anti-Aging Cream,Caudalie,moisturizing-cream-oils-mists,140.0,"Butylene Glycol*, Caprylic/Capric Triglyceride*, Hydrogenated Ethylhexyl Olivate*, Cetearyl Alcohol*, Cetearyl Glucoside*, Hydrogenated Olive Oil Unsaponifiables*, Niacinamide, Sesamum Indicum (Sesame) Seed Oil*, Vitis Vinifera (Grape) Seed Oil*, Prunus Armeniaca (Apricot) Kernel Oil*, CocoCaprylate/Caprate*, Glycerin*, Hydrolyzed Hyaluronic Acid*, Palmitoyl Grape Seed Extract*, Palmitoyl Grapevine Shoot Extract*, Hydrogenated Apricot Kernel Oil*, Helianthus Annuus (Sunflower) Seed Oil*, Palmitoyl Tripeptide1, Palmitoyl Tetrapeptide7*, Tocopherol*, Sodium Carboxymethyl BetaGlucan, Adenosine, Pentaerythrityl Distearate, Potassium Cetyl Phosphate, Carbomer, Caprylyl Glycol, Sorbitan Isostearate*, Parfum (Fragrance), Ethylhexyl Palmitate, Xanthan Gum, Potassium Sorbate, Lecithin*, Tribehenin*, Sodium Hydroxide, Sodium Phytate*, Lactic Acid, Citronellol, Coumarin, Geraniol, Linalool. *Plant Origin.",55,3402,1.7,0.0,https://www.sephora.com/product/premier-cru-cream-P428107?icid2=products%20grid:p428107,1.7,82.3529411764706
Ultra Facial Moisturizer,Kiehl's Since 1851,moisturizing-cream-oils-mists,32.0,"WaterSqualane,Glycerin,Peg100 Stearate,Glyceryl Stearate,Butylene Glycol,Triethanolamine,Phenoxyethanol,Sorbitan Oleate,Carbomer,Methylparaben,Propylparaben,Stearic Acid,Beeswax,Myristyl Alcohol,Sweet Almond Oil,Apricot Kernel Oil,Tocopherol,Avocado Oil.",57,7351,4.2,0.0,https://www.sephora.com/product/ultra-facial-moisturizer-P422005?icid2=products%20grid:p422005,4.2,7.619047619047619
Squalane + Hyaluronic Toning Mist,Biossance,moisturizing-cream-oils-mists,32.0,"Polyglyceryl10 Laurate, Glyceryl Citrate/Lactate/Linoleate/Oleate, Squalane, Glycerin, Panthenol, Sodium Hyaluronate, Hydrolyzed Sodium Hyaluronate, Enteromorpha Compressa Extract, Lysine, Magnesium Chloride, Sodium Chloride, Potassium Chloride, Zinc Chloride, Pyrus Malus (Apple) Fruit Extract, Lavandula Angustifolia (Lavender) Oil, Citrus Nobilis (Mandarin Orange) Peel Oil, Pelargonium Graveolens Flower Oil, Sodium Stearoyl Glutamate, Polyglyceryl4 Cocoate, Polyglyceryl3 Caprate, Glyceryl Caprylate, Tetrasodium Glutamate Diacetate, Citric Acid, Caprylyl Glycol, Ethylhexylglycerin, Phenoxyethanol, Hexylene Glycol, Limonene, Citronellol, Geraniol, Linalool.",45,9326,2.53,0.0,https://www.sephora.com/product/squalane-micronutrient-fine-mist-P429659?icid2=products%20grid:p429659,2.53,12.64822134387352
Vegan Milk Moisturizer Mini,MILK MAKEUP,moisturizing-cream-oils-mists,19.0,"Polyglyceryl10 Laurate, Glyceryl Citrate/Lactate/Linoleate/Oleate, Squalane, Glycerin, Panthenol, Sodium Hyaluronate, Hydrolyzed Sodium Hyaluronate, Enteromorpha Compressa Extract, Lysine, Magnesium Chloride, Sodium Chloride, Potassium Chloride, Zinc Chloride, Pyrus Malus (Apple) Fruit Extract, Lavandula Angustifolia (Lavender) Oil, Citrus Nobilis (Mandarin Orange) Peel Oil, Pelargonium Graveolens Flower Oil, Sodium Stearoyl Glutamate, Polyglyceryl4 Cocoate, Polyglyceryl3 Caprate, Glyceryl Caprylate, Tetrasodium Glutamate Diacetate, Citric Acid, Caprylyl Glycol, Ethylhexylglycerin, Phenoxyethanol, Hexylene Glycol, Limonene, Citronellol, Geraniol, Linalool.",685,5309,0.0,0.53,https://www.sephora.com/product/milk-makeup-vegan-milk-moisturizer-mini-P453609?icid2=products%20grid:p453609,0.53,35.84905660377358
Ultra Repair® Oat & Hemp Seed Dry Oil,First Aid Beauty,moisturizing-cream-oils-mists,30.0,"Simmondsia Chinensis (Jojoba) Seed Oil, Isodecyl Neopentanoate, Colloidal Oatmeal, Cannabis Sativa Seed Oil, Borago Officinalis Seed Oil, Rosmarinus Officinalis (Rosemary) Leaf Oil, Persea Gratissima (Avocado) Oil, Butyrospermum Parkii (Shea) Oil, Oryza Sativa (Rice) Bran Extract, Camellia Sinensis Leaf Extract, Ribes Nigrum (Black Currant) Seed Extract, Chlorella Vulgaris Extract, Panax Ginseng Root Extract, Chrysanthemum Parthenium (Feverfew) Extract, Glycyrrhiza Glabra (Licorice) Root Extract, Arnica Montana Flower Extract, Glycerin, Vitis Vinifera (Grape) Seed Oil, Tocopheryl Acetate, Ricinoleth40, Butylene Glycol, Leuconostoc/Radish Root Ferment Filtrate, Phenoxyethanol, EDTA, Citric Acid, Limonene, Linalool.",300,17562,1.0,0.0,https://www.sephora.com/product/ultra-repair-oat-cannabis-sativa-seed-oil-P441220?icid2=products%20grid:p441220,1.0,30.0
After-Dark Natural Peptide Sleeping Cream,Naturally Serious,moisturizing-cream-oils-mists,52.0,"Stearic Acid, Glycerin, Caprylic/Capric Triglyceride, Glyceryl Stearate, Glyceryl Stearate Se, C912 Alkane, Betaine, Inositol, Cetearyl Alcohol, Undecane, Butyrospermum Parkii (Shea) Butter, Propanediol, Squalane, Pyrus Malus (Apple) Fruit Extract, Aspalathus Linearis Leaf Extract, Lycium Barbarum Fruit Extract, Punica Granatum Extract, Vitis Vinifera (Grape) Seed Extract, Leuconostoc/Radish Root Ferment Filtrate, Camellia Sinensis Leaf Extract, Apium Graveolens (Celery) Seed Extract, Linum Usitatissimum (Linseed) Seed Extract, Angelica Archangelica Root Extract, Helianthus Annuus (Sunflower) Seed Oil, Colloidal Oatmeal, Allantoin, Ceramide Np, Sodium Hydroxide, Tocopheryl Acetate, Tocopherol, Sodium Phytate, Sorbitan Trioleate, Xanthan Gum, Tridecane, CocoCaprylate/Caprate, Pentylene Glycol, Phenethyl Alcohol, Limonene. Linalool, Citral, Citronellol, Geraniol, Fragrance.",64,4526,1.7,0.0,https://www.sephora.com/product/after-dark-natural-peptide-sleeping-cream-P444216?icid2=products%20grid:p444216,1.7,30.58823529411765
Green Tea Oil-Free Moisturizer,boscia,moisturizing-cream-oils-mists,38.0,"Water (Aqua), Dimethicone, Cetyl Ethylhexanoate, Silica, Butylene Glycol, Dipropylene Glycol, Trisiloxane, Caprylyl Methicone, Lactobacillus Ferment, PEG9 Polydimethylsiloxyethyl Dimethicone, Algae Extract, Epilobium Angustifolium Flower/Leaf/Stem Extract, Simmondsia Chinensis (Jojoba) Seed Extract, Phellodendron Amurense Bark Extract, Arctium Lappa Root Extract, Rosmarinus Officinalis (Rosemary) Leaf Extract, Camellia Sinensis Leaf Extract, Wine Extract, Sodium Hyaluronate, Dipotassium Glycyrrhizate, Hydroxyacetophenone, Glycerin, Caprylyl Glycol, Betaine, Ammonium Acryloyldimethyltaurate/VP Copolymer, PEG12 Dimethicone/PPG20 Crosspolymer, Dimethicone/PEG10/15 Crosspolymer.",102,8948,1.7,0.0,https://www.sephora.com/product/green-tea-oil-free-moisturizer-P417305?icid2=products%20grid:p417305,1.7,22.35294117647059
Ultimate Miracle Worker Multi-Rejuvenating Cream SPF 30,philosophy,moisturizing-cream-oils-mists,75.0,"C1215 Alkyl Benzoate, Carthamus Tinctorius (Safflower) Oleosomes, Glycerin, Cyclopentasiloxane, Butylene Glycol, Methyl Gluceth20, Gluconolactone, Polyacrylamide, Hydrogenated Lecithin, Cyclohexasiloxane, Cetyl Alcohol, Bifida Ferment Lysate, Phenoxyethanol, Ammonium Acryloyldimethyltaurate/Vp Copolymer, C1314 Isoparaffin, Polysorbate 80, Acrylates/C1030 Alkyl Acrylate Crosspolymer, Sodium Benzoate, Sodium Hydroxide, Laureth7, Glycine Soja (Soybean) Oil, Fragrance, Iris Pallida Root Extract, Ruby Powder, Disodium Edta, Gluconic Acid, Alcohol, Mica, Lecithin, Adenosine, Cellulose Gum, Retinol, Peg8, Polysorbate 20, Bht, Chitosan, Ethylhexylglycerin, Glycolic Acid, Sorbitan Oleate, Calcium Gluconate, Tocopherol, Behentrimonium Chloride, Sodium Bicarbonate, Ascorbyl Palmitate, BetaGlucan, Potassium Phosphate, Caprylyl Glycol, 1,2Hexanediol, Camellia Sinensis Leaf Extract, Coffea Arabica (Coffee) Seed Extract, Pongamia Pinnata Seed Extract, Isopropyl Alcohol, Acetic Acid, Angelica Archangelica Root Extract, Benzoic Acid, Citrus Aurantium Amara (Bitter Orange) Peel Extract, Maltodextrin, Citric Acid, Magnesium Aluminum Silicate, Xanthan Gum, Lactic Acid, Ascorbic Acid, Sclerotium Gum, Bha, Sorbic Acid, Titanium Dioxide (Ci 77891).",99,7608,0.0,2.0,https://www.sephora.com/product/ultimate-miracle-worker-multi-rejuvenating-cream-spf-30-P398831?icid2=products%20grid:p398831,2.0,37.5
Immortelle Divine Cream,L'Occitane,moisturizing-cream-oils-mists,110.0,**Natural origin ingredients.,146,5173,1.7,0.0,https://www.sephora.com/product/immortelle-divine-cream-P387511?icid2=products%20grid:p387511,1.7,64.70588235294117
Rōsilliance™ Organic BB+ Cream SPF 30,COOLA,moisturizing-cream-oils-mists,52.0,"Aluminum Hydroxide Octyldodecyl Oleate, Caprylohydroxamic acid Oryza Sativa (Rice) Bran Oil*, Caprylyl Glycol Plankton Extract, Carthamus Tinctorius (Safflower) Seed Oil*, Propanediol Citrus Aurantium Dulcis (Orange) Fruit Water*, Rosa Damascena Leaf Cell Extract, Cocoglycerides Rosmarinus Officinalis (Rosemary) Leaf Extract*, Commiphora Myrrha Leaf Cell Extract Trisodium Ethylenediamine Disuccinate, Cucumis Sativus (Cucumber) Fruit Extract*, Dicaprylyl Carbonate Xanthan Gum, Euterpe Oleracea Pulp Oil*, Flavor, Glycerin*, Helianthus Annuus (Sunflower) Seed Extract*, Helianthus Annuus (Sunflower) Seed Oil*, Hydrogen Dimethicone, Hydrolyzed Wheat Protein / PVP Crosspolymer, Hydroxyethyl Acrylate/Sodium Acryloyldimethyl Taurate Copolymer, Iron Oxides, Mica. *Certified Organic.",181,11097,1.5,0.0,https://www.sephora.com/product/rosilliance-organic-bb-cream-spf-30-P409519?icid2=products%20grid:p409519,1.5,34.666666666666664
Bio Hyaluronic Moisturizing Cream,SOBEL SKIN Rx,moisturizing-cream-oils-mists,75.0,"Purified Helianthus Annuus (Sunflower) Seed Oil, Hysroxyethyl Acrylate/Sodium Acryloyldimethyl Taurate Copolymer, Polyacrylate Crosspolymer6, Leontopodium Alpinum Callus Culture Extract, Chrondus Crispus Extract, Sodium Hyaluronate, Dipeptide Diaminobutyroyl Benzylamide Diacetate, Xylitylglucoside, Xylitol, Anhydroxylitol, Phenoxyethanol, Ethylhexylglycerin, Hydrogenated Phosphatidylcholine, Caprylic/Capric Trigly ceride, Pentylene Glycol, Shea Butter, Ceramide III, Helianthus Annuus Seed Oil, Persea Gratissima Oil, Macadamia Ternifolia Seed Oil, Rosa Moschata Seed Oil, Rosmarinus Officinalis Leaf Extract.",5,373,1.7,0.0,https://www.sephora.com/product/sobel-skin-rx-bio-hyaluronic-moisturizing-cream-P451749?icid2=products%20grid:p451749,1.7,44.11764705882353
Moisture Surge Hydrating Supercharged Concentrate,CLINIQUE,moisturizing-cream-oils-mists,39.5,"Glycerin, Butylene Glycol, Phenyl Trimethicone, Propanediol, Sucrose, Hydroxyethyl Urea, Alteromonas Ferment Extract, Hydrolyzed Rice Extract, Acetyl Glucosamine, Trehalose, Algae Extract, Caffeine, Cholesterol, Aloe Barbadensis Leaf Sodium Hyaluronate, Pentaerythrityl Tetraethylhexanoate, Dextrin Palmitate, Acrylates/C1030 Alkyl Acrylate Crosspolymer, Sorbitol, Sodium Polyaspartate, Tocopheryl Acetate, Carbomer, Dehydroxanthan Gum, Citric Acid, Tetrahexyldecyl Ascorbate, Benzophenone4, Pentaerythrityl TetraDiTButyl Hydroxyhydrocinnamate, Sodium Hydroxide, Sodium Citrate, Disodium Edta, Bht, Chlorphenesin, Phenoxyethanol, Red 4 (Ci 14700), Yellow 5 (Ci 19140).",213,17009,0.0,1.6,https://www.sephora.com/product/moisture-surge-hydrating-supercharged-concentrate-P417984?icid2=products%20grid:p417984,1.6,24.6875
Cactus Water Moisturizer,boscia,moisturizing-cream-oils-mists,38.0,"Butylene Glycol, Glycerin, Cyclopentasiloxane, Carbomer, Ammonium Acryloyldimethyltaurate/VP Copolymer, Sodium PCA, Caprylyl Glycol, PEG10 Dimethicone, Sodium Hyaluronate, 1,2Hexanediol, Potassium Hydroxide, Disodium EDTA, Saccharide Isomerate, Propanediol, Melia Azadirachta Leaf Extract, Melia Azadirachta Flower Extract, Corallina Officinalis Extract, Cereus Grandiflorus (Cactus) Flower Extract, Curcuma Longa (Turmeric) Root Extract, Coccinia Indica Fruit Extract, Aloe Barbadensis Flower Extract, Solanum Melongena (Eggplant) Fruit Extract, Ocimum Basilicum (Basil) Flower/Leaf Extract, Myrothamnus Flabellifolia Leaf/Stem Extract, Ocimum Sanctum Leaf Extract, Simmondsia Chinensis (Jojoba) Seed Extract, Citric Acid, Epilobium Angustifolium Flower/Leaf/Stem Extract, Ascorbic Acid, Polysorbate 20, Palmitoyl Tripeptide1, Palmitoyl Tetrapeptide7.",2000,25587,1.61,0.0,https://www.sephora.com/product/cactus-water-moisturizer-P432254?icid2=products%20grid:p432254,1.61,23.60248447204969
Clinique iD™:  Moisturizer + Concentrate for Fatigue,CLINIQUE,moisturizing-cream-oils-mists,39.0,"BisPeg18 Methyl Ether Dimethyl Silane, Butylene Glycol, Glycerin, Cucumis Sativus (Cucumber) Fruit Extract, Hypnea Musciformis (Algae) Extract, Gelidiella Acerosa Extract, Hordeum Vulgare (Barley) Extract, Padina Pavonica Thallus Extract, Helianthus Annuus (Sunflower) Seedcake, Sucrose, Caffeine, Sodium Hyaluronate, Hydroxyethyl Urea, Hydrolyzed Rice Extract, Sorbitol, Sodium Polyaspartate, Ppg6Decyltetradeceth30, Ethylhexylglycerin, Propylene Glycol Dicaprate, Caprylyl Glycol, Trehalose, Polysorbate 80, Carbomer, Sodium Hydroxide, Hexylene Glycol, Citric Acid, Sodium Citrate, Disodium EDTA, Phenoxyethanol.",4,845,4.2,0.0,https://www.sephora.com/product/clinique-id-your-custom-blend-hydrator-for-fatigue-P439646?icid2=products%20grid:p439646,4.2,9.285714285714285
Smart Broad Spectrum SPF 15 Custom-Repair Moisturizer for Dry Combination Skin,CLINIQUE,moisturizing-cream-oils-mists,55.0,"Avobenzone 3.0%, Octisalate 5.0%Glycerin, Butyloctyl Salicylate, Polyester8, Octyldodecyl Neopentanoate, Behenyl Alcohol, Butylene Glycol, Myristyl Myristate, Cetyl Esters, Ammonium Acryloyldimethyltaurate/Vp Copolymer, Tamarindus Indica Seed Extract, Plankton Extract, Centaurium Erythraea (Centaury) Extract, Sigesbeckia Orientalis (St. Paul'S Wort) Extract, Glyceryl Stearate, Algae Extract, Caffeine, Camellia Sinensis Leaf Extract, Saccharomyces Ferment Filtrate, Whey Protein/Lactis Protein/Proteine Du PetitLait, Nylon12, Acetyl Hexapeptide8, Sucrose, Biotin, Ergothioneine, Myristyl Laurate, Lauryl Peg9 Polydimethylsiloxyethyl Dimethicone, Polyethylene, Aminopropyl Ascorbyl Phosphate, Glycine Soja (Soybean) Protein, Peg100 Stearate, Steareth21, Dimethicone, Acetyl Glucosamine, Astrocaryum Murumuru Seed Butter, Trisiloxane, Caprylyl Glycol, Tocopheryl Acetate, Myristyl Alcohol, Sodium Hyaluronate, Hexylene Glycol, Hydroxyethylcellulose, Sodium Benzoate, Sodium Citrate, Lecithin, Disodium Edta, Phenoxyethanol, Yellow 5 (CI 19140), Red 4 (CI 14700).",29,1989,2.0,0.0,https://www.sephora.com/product/smart-broad-spectrum-spf-15-custom-repair-moisturizer-for-dry-combination-skin-P405286?icid2=products%20grid:p405286,2.0,27.5
Ultra Facial Moisturizer SPF 30,Kiehl's Since 1851,moisturizing-cream-oils-mists,32.0,"Water,Propylene Glycol,Dicaprylyl Ether,Glycerin,Peg100 Stearate,Glyceryl Stearate,Squalane,Hydrogenated Polyisobutene,Phenoxyethanol,Sorbitan Oleate,Caprylyl Glycol,Acrylates/C1030 Alkyl Acrylate Crosspolymer,Triethanolamine,Beeswax,Tocopherol,Disodium Edta,Stearic Acid,Myristyl Alcohol,Sweet Almond Oil,Apricot Kernel Oil,Avocado Oil.",37,5512,4.2,0.0,https://www.sephora.com/product/ultra-facial-moisturizer-spf-30-P422004?icid2=products%20grid:p422004,4.2,7.619047619047619
Bio Retinoid Anti-Wrinkle Concentrate Oil,REN Clean Skincare,moisturizing-cream-oils-mists,69.0,"Rosa Rubiginosa Seed Oil, Glycine Soja (Soybean) Oil, Gossypium Harbaceum (Cotton) Seed Oil, Bidens Pilosa Extract, Hippophae Rhamnoides Fruit Extract, Parfum (Fragrance), Linum Usitatissimum (Linseed) Seed Oil, Tocopherol, Linalool.",121,11458,1.02,0.0,https://www.sephora.com/product/bio-retinoid-anti-wrinkle-concentrate-oil-P311126?icid2=products%20grid:p311126,1.02,67.6470588235294
Clinique iD™:  Moisturizer + Concentrate for Irritation,CLINIQUE,moisturizing-cream-oils-mists,39.0,"BisPeg18 Methyl Ether Dimethyl Silane, Butylene Glycol, Glycerin, Cucumis Sativus (Cucumber) Fruit Extract, Hypnea Musciformis (Algae) Extract, Gelidiella Acerosa Extract, Hordeum Vulgare (Barley) Extract, Padina Pavonica Thallus Extract, Helianthus Annuus (Sunflower) Seedcake, Sucrose, Caffeine, Sodium Hyaluronate, Hydroxyethyl Urea, Hydrolyzed Rice Extract, Sorbitol, Sodium Polyaspartate, Ppg6Decyltetradeceth30, Ethylhexylglycerin, Propylene Glycol Dicaprate, Caprylyl Glycol, Trehalose, Polysorbate 80, Carbomer, Sodium Hydroxide, Hexylene Glycol, Citric Acid, Sodium Citrate, Disodium EDTA, Phenoxyethanol.",14,524,4.2,0.0,https://www.sephora.com/product/clinique-id-your-custom-blend-hydrator-for-irritation-P439644?icid2=products%20grid:p439644,4.2,9.285714285714285
"Facial Spray with Aloe, Cucumber and Green Tea",Mario Badescu,moisturizing-cream-oils-mists,12.0,"Propylene Glycol, Mentha Piperita (Peppermint) Leaf Cucumis Sativus (Cucumber) Fruit Aloe Barbadensis Leaf Juice, Camellia Sinensis Leaf Extract, Cucumis Sativus (Cucumber) Fruit Extract, Fucus Vesiculosus Extract, Propanediol, Polysorbate 20, Ethylhexylglycerin, Benzophenone4, Fragrance, Sodium Chloride, Citric Acid, Potassium Sorbate, Sodium Benzoate, CI 19140 (Yellow 5), CI 42090 (Blue 1), Hexyl Cinnamal, Limonene, Linalool.",74,12124,0.0,8.0,https://www.sephora.com/product/mario-badescu-facial-spray-with-aloe-cucumber-green-tea-P440483?icid2=products%20grid:p440483,8.0,1.5
Prismatic Luminizing Shield SPF 50,Volition Beauty,moisturizing-cream-oils-mists,35.0,"Cyclopentasiloxane, Coconut Alkanes, Isododecane, Glycerin, Polyglyceryl3 Polydimethylsiloxyethyl Dimethicone, PEG/PPG18/18 Dimethicone, Adipic Acid/Neopentyl Glycol Crosspolymer, Lauryl Dimethicone, Triethoxysilylethyl Polydimethylsiloxyethyl Hexyl Dimethicone, Aluminum Hydroxide, Stearic Acid, Butylene Glycol, Phenoxyethanol, Synthetic Fluorphlogopite, Titanium Dioxide, Hydrogenated Polyisobutene, Actinidia Chinensis (Kiwi) Fruit CocoCaprylate/Caprate, Caprylyl Glycol, Ethylhexylglycerin, Hexylene Glycol, Alcohol, Sophora Flavescens Root Extract, Sodium Hyaluronate, Glycyrrhiza Uralensis (Licorice) Root Extract, Hydrogenated Lecithin, CI 77491, CI 77492.",256,16315,1.0,0.0,https://www.sephora.com/product/prismatic-luminizing-shield-spf-50-P429656?icid2=products%20grid:p429656,1.0,35.0
Intensive Moisture Balance Moisturizer,Dermalogica,moisturizing-cream-oils-mists,44.0,"Ethylhexyl Hydroxystearate, Butylene Glycol, Cetearyl Ethylhexanoate, Cetyl Caprylate, Stearic Acid, PEG8, Octyldodecanol, Dimethicone, Glyceryl Stearate SE, PEG100 Stearate, Sodium Hyaluronate, Hydrolyzed Sodium Hyaluronate, Sodium Ascorbyl Phosphate, Chlorella Vulgaris Extract, Ceramide NP, Phytosterols, Centella Asiatica Extract, Linoleic Acid, Echinacea Purpurea Extract, Aloe Barbadensis Extract, Palmitic Acid, Myristic Acid, Rosa Centifolia Flower Extract, Lactic Acid, Linolenic Acid, Propanediol, Tocopherol, Potassium Cetyl Phosphate, Helianthus Annuus (Sunflower) Seed Oil, TetrasodiumGlutamate Diacetate, Ethylhexylglycerin, Cetyl Alcohol, Carbomer, Hydroxystearic Acid, Aminomethyl Propanol, Sodium Hydroxide, Phenoxyethanol.",107,1675,0.0,1.7,https://www.sephora.com/product/intensive-moisture-balance-P443358?icid2=products%20grid:p443358,1.7,25.88235294117647
The True Cream Moisturizing Bomb Deco,belif,moisturizing-cream-oils-mists,22.0,"Glycerin, Cyclohexasiloxane, Hydrogenated Polydecene, Dipropylene Glycol, Macadamia Ternifolia Seed Oil, 1,2Hexanediol, BisPEG18 Methyl Ether Dimethyl Silane, Triethylhexanoin, Stearyl Alcohol, Glyceryl Stearate, Pentaerythrityl Tetraethylhexanoate, PEG40 Stearate, Saccharomyces/Viscum Album (Mistletoe) Ferment Extract, Lactobacillus/Soybean Ferment Extract, Saccharomyces/Imperata Cylindrica Root Ferment Extract, Cetearyl Alcohol, Ceteayl Olivate, Sorbitan Olivate, Hydrogenated Lecithin, Sorbitan Stearate, Stearic Acid, PEG100 Stearate, Dimethicone, Dimethicone/Vinyl Dimethicone Crosspolymer, Poncirus Trifoliata Fruit Extract, Panthenol, *Avena Sativa (Oat) Kernel Extract, *Calendula Officinalis Flower Extract, *Nepeta Cataria Extract, *Rubus Idaeus (Raspberry) Leaf Extract, *Baptisia Tinctoria Root Extract, *Stellaria Media (Chickweed) Extract, **Alchemilla Vulgaris Leaf Extract, **Viola Tricolor Extract, **Rosa Damascena Flower Extract, **Spiraea Ulmaria Flower Extract, **Althaea Officinalis Root Extract, Symphytum Officinale Leaf Extract, Trifolium Pratense (Clover) Flower Extract, Achillea Millefolium Flower Extract, Euphrasia Officinalis Extract, Thuja Occidentalis Leaf Extract, Menyanthes Trifoliata Leaf Extract, Salix Alba (Willow) Bark Extract, Chelidonium Majus Extract, Urea, Hydroxyethylpiperazine Ethane Sulfonic Acid, Glycosyl Trehalose, Hydrogenated Starch Hydrolysate, Acrylates/C1030 Alkyl Acrylate Crosspolymer, Carbomer, Xanthan Gum, Trisodium EDTA, Tromethamine, ***Frgrance, Citronnellol, Limonene. *Napiers Original Formula. **Napiers Moisture Formula. ***Fragrances of Natural Origin",2,0,0.0,0.84,https://www.sephora.com/product/the-true-cream-moisturizing-bomb-deco-P425444?icid2=products%20grid:p425444,0.84,26.19047619047619
Ultra Facial Overnight Hydrating Mask,Kiehl's Since 1851,moisturizing-cream-oils-mists,36.0,"Glycerin, Propylene Glycol, Squalane, Butyrospermum Parkii Butter/Shea Butter, Triethanolamine, Carbomer, Urea, Dimethicone, Hydroxyethylpiperazine Ethane Sulfonic Acid, Phenoxyethanol, Caprylyl Glycol, Imperata Cylindrica Root Extract, Ophiopogon Japonicus Root Extract, Sodium Citrate, Citric Acid, Aluminum Starch Octenylsuccinate, Chlorphenesin, Pseudoalteromonas Ferment Extract, Disodium EDTA, Acrylates/C1030 Alkyl Acrylate Crosspolymer",65,13905,4.2,0.0,https://www.sephora.com/product/ultra-facial-overnight-hydrating-mask-P422009?icid2=products%20grid:p422009,4.2,8.571428571428571
CC+ Cream Oil-Free Matte with SPF 40 Mini,IT Cosmetics,moisturizing-cream-oils-mists,15.5,"Dimethicone, Butylene Glycol Dicaprylate/Dicaprate, Butylene Glycol, Titanium Dioxide [Nano] / Titanium Dioxide, Zinc Oxide, Cyclopentasiloxane, Dimethicone/Vinyl Dimethicone Crosspolymer, Butyloctyl Salicylate, Cetyl Peg/Ppg10/1 Dimethicone, Snail Secretion Filtrate, Sodium Chloride, BisDiglyceryl Polyacyladipate2, Aluminum Hydroxide, Stearic Acid, Disteardimonium Hectorite, Sorbitan Isostearate, Polyglyceryl4 Isostearate, Hexyl Laurate, Triethoxycaprylylsilane, Triethyl Citrate, Ethyl Hexanediol, Sodium Benzoate, Potassium Sorbate, Polymethylsilsesquioxane, Tocopheryl Acetate, Phenoxyethanol, Disodium Edta, Canadian Colloidal Clay, Moroccan Lava Clay, Avena Sativa Kernel Extract / Oat Kernel Extract, Glycerin, Niacinamide, Curcuma Longa Root Extract / Turmeric Root Extract, Sulfur, Cholesterol, Anthemis Nobilis Flower Perfluorohexane, Persea Gratissima Fruit Extract / Avocado Fruit Extract, Maltodextrin, 1,2Hexanediol, Vitis Vinifera Seed Extract / Grape Seed Extract, Camellia Sinensis Leaf Extract, Salix Alba Bark Extract / Willow Bark Extract, Magnolia Kobus Bark Extract, Chrysanthemum Indicum Flower Extract, Pentaerythrityl TetraDiTButyl Hydroxyhydrocinnamate, Glycine Soja Sprout Extract / Soybean Sprout Extract, Perfluorodecalin, Serica Extract / Silk Extract, Hydrolyzed Silk, Aloe Barbadensis Leaf Extract, Perfluoromethylcyclopentane, Citric Acid, Olea Europaea (Olive) Leaf Extract, Artemisia Princeps Leaf Extract, Cinnamomum Cassia Bark Extract, Pueraria Lobata Root Extract, Diospyros Kaki Leaf Extract, Morus Alba Fruit Extract, Steareth20, Melaleuca Alternifolia Flower/Leaf/Stem Extract  Tea Tree Flower/Leaf/Stem Extract, Punica Granatum Fruit Juice, Hydrolyzed Collagen, Ethylhexylglycerin, Charcoal Powder, Lactobacillus/Honeysuckle Flower/Licorice Root/Morus Alba Root/Pueraria Lobata Root/Schisandra Chinensis Fruit/Scutellaria Baicalensis Root/Sophora Japonica Flower Extract Ferment Filtrate, Chlorhexidine Digluconate, NHydroxysuccinimide, Palmitoyl Tripeptide1, Hydrolyzed Hyaluronic Acid, Chrysin, Palmitoyl Tetrapeptide7, [+/ May Contain: Ci 77491, Ci 77492, Ci 77499 / Iron Oxides, Ci 77891 / Titanium Dioxide].",9,0,0.406,0.0,https://www.sephora.com/product/cc-cream-oil-free-matte-with-spf-40-mini-P450994?icid2=products%20grid:p450994,0.406,38.17733990147783
Smart Night Custom-Repair Moisturizer - Very Dry to Dry,CLINIQUE,moisturizing-cream-oils-mists,58.0,"Caprylic/Capric/Myristic/Stearic Triglyceride , Petrolatum , Glycerin , Hexyldecyl Stearate , Butylene Glycol , Dimethicone , Glycereth26 , Glyceryl Stearate , Peg100 Stearate , Cetearyl Alcohol , Tamarindus Indica Seed Extract , Centaurium Erythraea (Centaury) Extract , Algae Extract , Micrococcus Lysate , Glycine Soja (Soybean) Protein , Hydrolyzed Soy Protein , Yeast Extract/Faex/Extrait De Levure , Camellia Sinensis Leaf Extract , Saccharomyces Ferment Filtrate , Sigesbeckia Orientalis (St. Paul'S Wort) Extract , Caffeine , Biotin , Ergothioneine , Acetyl Hexapeptide8 , Soy Amino Acids , Aminopropyl Ascorbyl Phosphate , Astrocaryum Murumuru Seed Butter , Tocopheryl Acetate , Whey Protein/Lactis Protein/Proteine Du PetitLait , Cetearyl Glucoside , Isohexadecane , Caprylyl Glycol , Acrylates/C1030 Alkyl Acrylate Crosspolymer , Acetyl Glucosamine , Sodium Hyaluronate , Myristyl Alcohol , Tromethamine , Polysorbate 80 , Acrylamide/Sodium Acryloyldimethyltaurate Copolymer , Hexylene Glycol , Lecithin , Sodium Benzoate , Hydroxyethylcellulose , Disodium Edta , Phenoxyethanol <iln41347></iln41347>",24,5528,1.7,0.0,https://www.sephora.com/product/smart-night-custom-repair-moisturizer-very-dry-to-dry-P403455?icid2=products%20grid:p403455,1.7,34.11764705882353
Seaberry Skin Nutrition Cleansing Oil,Fresh,moisturizing-cream-oils-mists,43.0,"Vitis Vinifera (Grape) Seed Oil, Hydrogenated Polyisobutene, Butylene Glycol Dicaprylate/Dicaprate, PEG20 Glyceryl Triisostearate, Caprylic/Capric/Succinic Triglyceride, Camellia Oleifera Seed Oil, Hippophae Rhamnoides Oil, Nigella Sativa Seed Oil, Vaccinium Macrocarpon (Cranberry) Seed Oil, Bixa Orellana Seed Extract, Haberlea Rhodopensis Leaf Extract, Rosmarinus Officinalis (Rosemary) Leaf Extract, Tocopheryl Acetate, Tocopherol, Caprylic/Capric Triglyceride, Fragrance, BHT, Benzyl Alcohol, Dehydroacetic Acid, Limonene, Linalool, Citral.",199,15068,0.0,0.0,https://www.sephora.com/product/seaberry-skin-nutrition-cleansing-oil-P405935?icid2=products%20grid:p405935,2.0673014048531417,20.80006326075837
Anti-Aging Armour Tinted Sunscreen SPF 50+,IT Cosmetics,moisturizing-cream-oils-mists,38.0,"Cyclopentasiloxane, Butyloctyl Salicylate, C1215 Alkyl Benzoate, Butylene Glycol Dicaprylate/Dicaprate, Silica, Glycerin, Cyclohexasiloxane, Caprylic/Capric Triglyceride, Hydrogenated Polydecene, Polymethyl Methacrylate, Caprylyl Methicone, Peg9 Polydimethylsiloxyethyl Dimethicone, Aluminum Hydroxide, Cetyl Peg/Ppg10/1 Dimethicone, Stearic Acid, Polyglyceryl4 Isostearate, Hexyl Laurate, Triethoxycaprylylsilane, Magnesium Sulfate, Caprylyl Glycol, Phenoxyethanol, Ethylhexylglycerin, Quaternium18 Bentonite, Sorbitan Sesquioleate, Pueraria Lobata Root Extract, 1,2Hexanediol, Disodium Edta, Butylene Glycol, Citrus Grandis (Grapefruit) Peel Oil, Vitis Vinifera (Grape) Seed Oil, Persea Gratissima (Avocado) Oil, Punica Granatum Seed Oil, Cholesterol, Niacinamide, Hydrolyzed Hyaluronic Acid, Colloidal Oatmeal, Anthemis Nobilis Flower Lactobacillus/Honeysuckle Flower/Licorice Root/Morus Alba Root/Pueraria Lobata Root/Schizandra Chinensis Fruit/Scutellaria Baicalensis Root/Sophora Japonica Flower Extract Ferment Filtrate, Perfluorohexane, Olea Europaea (Olive) Leaf Extract, Aloe Barbadensis Leaf Extract, Camellia Sinensis Leaf Extract, Chrysanthemum Indicum Flower Extract, Magnolia Kobus Bark Extract, Glycine Soja (Soybean) Sprout Extract, Cinnamomum Cassia Bark Extract, Artemisia Princeps Leaf Extract, Diospyros Kaki Leaf Extract, Morus Alba Fruit Extract, Perfluorodecalin, Pentafluoropropane, Curcuma Longa (Turmeric) Root Extract, Steareth20, Hydrolyzed Silk, Citric Acid, Potassium Sorbate, Sodium Benzoate, NHydroxysuccinimide, Hydrolyzed Collagen, Caprylhydroxamic Acid, Carnitine Hcl, Folic Acid, Niacin, Ascorbic Acid, Biotin, Thiamine Hcl, Retinyl Palmitate, Riboflavin, Pantothenic Acid, Tocopherol, Chrysin, Palmitoyl Oligopeptide, Palmitoyl Tetrapeptide7, Chlorhexidine Digluconate. [+/: Iron Oxides (Ci 77491, Ci 77492, Ci 77499)]",138,13392,1.0,0.0,https://www.sephora.com/product/anti-aging-armour-super-smart-skin-perfecting-beauty-fluid-spf-50-P411887?icid2=products%20grid:p411887,1.0,38.0
Treatment Toner ,AMOREPACIFIC,moisturizing-cream-oils-mists,50.0,"Panax Ginseng Root Extract, Butylene Glycol, Peg/Ppg17/6 Copolymer, Sodium Hyaluronate, Pinus Sylvestris Bark Extract, Camellia Sinensis Leaf Extract, ZingibeOfficinale (Ginger) Root Extract, Opuntia Coccinellifera Fruit Extract, Theanine, Phyllostachis, Bambusoides Juice, Nelumbo Nucifera Flower Extract, Glycerin, Glycyrrhiza Glabra (Licorice) Root Extract, Caprylyl Glycol, Hydrogenated Lecithin, Peg5 Rapeseed Sterol, Alcohol, Propylene Glycol, Peg60 Hydrogenated Castor Oil, Disodium Edta, 1,2Hexanediol, Ethylhexylglycerin,Phenoxyethanol, Fragrance, Red 33 (Ci 17200), Yellow 6 (Ci 15985)",180,15212,3.4,0.0,https://www.sephora.com/product/treatment-toner-P232934?icid2=products%20grid:p232934,3.4,14.705882352941178
Glow Stick SPF 50,Supergoop!,moisturizing-cream-oils-mists,25.0,"Avobenzone 35, Octisalae 5%, Octocrylene 10%, Caprylic/Capric Triglyceride, C1215 Alkyl Benzoate, Dicaprylyl Carbonate, Polyester8, Diethylhexyl Syringylidenemalonate, Carylic/Capric Triglyceride, Isohexadecane, Isododecane, Mauritia Flexuosa Fruit Oil, Limnanthes Alba (Meadowfoam) Seed Oil, Helianthus Annuus (Sunflower) Seed Oil, Calendula Officinalis Extract, Pentaclethra Macroloba Oil, Tocopherol, Calophyllum Inophyllum Seed Oil, Helianthus Annuus (Sunflower) Seed Oil, Octyldodecanol, Dibutyl Lauroyl Glutamide, Dibutyl Ethylhexanol Glutamide.",227,19801,1.0,0.0,https://www.sephora.com/product/glow-stick-sunscreen-spf-50-P429953?icid2=products%20grid:p429953,1.0,25.0
Do Not Age with Dr. Brandt Moisturizing Neck Cream,Dr. Brandt Skincare,moisturizing-cream-oils-mists,67.0,"Water (Aqua), Caprylic/Capric Triglyceride, Glycerin, Squalane, Cetyl Alcohol, Trimethylsiloxyphenyl Dimethicone, Glycolic Acid, Butyrospermum Parkii (Shea) Butter, Glyceryl Stearate, Hydrogenated Castor Oil, Peg100 Stearate, Canola Oil, Cholesterol, Sorbitan Stearate, Bisdiglyceryl Polyacyladipate2, Camellia Oleifera Leaf Extract, Salix Alba (Willow) Bark Extract, Pelargonium Graveolens Flower Extract, Silica, Tocopheryl Acetate, Ascorbyl Palmitate, Sodium Hyaluronate, Sorghum Bicolor Stalk Juice, Zea Mays (Corn) Starch, Ethylhexylglycerin, Magnesium Aluminum Silicate, Stearamidopropyl Dimethylamine, Pentylene Glycol, Calcium Hydroxymethionine, 3aminopropane Sulfonic Acid, Hydroxyethylcellulose, Sodium Polystyrene Sulfonate, Polysorbate 20, Xanthan Gum, Propylene Glycol, Sodium Hydroxide, Tetrasodium Edta, Phenoxyethanol, Simethicone",91,5462,1.7,0.0,https://www.sephora.com/product/do-not-age-with-dr-brandt-moisturizing-neck-cream-P383052?icid2=products%20grid:p383052,1.7,39.411764705882355
Lock-It Makeup Setting Mist,KVD Vegan Beauty,moisturizing-cream-oils-mists,29.0,"Pvp, Sd Alcohol 40B (Alcohol Denat.), Phenoxyethanol, Potassium Sorbate, Sodium Benzoate, Fragrance, Cucumis Sativus (Cucumber) Fruit Extract, Aloe Barbadensis Leaf Juice, Polyhydroxystearic Acid, Ethylhexyl Isononanoate, Isononyl Isononanoate, Sodium Cocamidopropyl PgDimonium Chloride Phosphate, Phenylpropanol, Caprylyl Glycol, Propanediol, Tocopherol.",516,43818,0.0,4.0,https://www.sephora.com/product/lock-it-makeup-setting-mist-P416939?icid2=products%20grid:p416939,4.0,7.25
Gentle Cleansing Oil,Sulwhasoo,moisturizing-cream-oils-mists,40.0,"C1215 Alkyl Benzoate, Pentaerythrityl Tetraethylhexanoate, Isopropyl Palmitate, Pentaerythrityl Tetraisostearate, Caprylic/Capric Triglyceride, Peg20 Glyceryl Triisostearate, Peg8 Isostearate, Cocos Nucifera (Coconut) Oil, Fragrance / Parfum, Dextrin Palmitate, Limonene, Glyceryl Behenate/Eicosadioate, CocoCaprylate/Caprate, Squalane, Linalool, Water / Aqua / Eau, Butylene Glycol, Prunus Armeniaca (Apricot) Kernel Oil, Pinus Koraiensis Seed Oil, Sesamum Indicum (Sesame) Seed Oil, Camellia Japonica Seed Oil, Coix LacrymaJobi MaYuen Seed Extract, Citrus Unshiu Peel Extract, Castanea Crenata (Chestnut) Shell Extract, Spirodela Polyrhiza Extract, Prunus Mume Seed Extract, Nelumbo Nucifera Seed Extract.",3,874,6.76,0.0,https://www.sephora.com/product/gentle-cleansing-oil-P450633?icid2=products%20grid:p450633,6.76,5.9171597633136095
Hydro Biotic™ Recovery Sleeping Mask,Dr. Brandt Skincare,moisturizing-cream-oils-mists,52.0,"Dimethicone, Propanediol, Glycerin, Sodium Chloride, Dimethicone Peg10/15 Crosspolymer, Lactococcus Ferment Lysate, Hexyldecanol, Inulin, 1,2hexanediol, Sodium Benzoate, Yogurt Powder, Peg10 Dimethicone, Butylene Glycol, Tamarindus Indica Seed Polysaccharide, Sodium Citrate, Caprylhydroxamic Acid, Tocopheryl Acetate, Lavandula Angustifolia (Lavender)  Oil, Trisodium Ethylenediamine Disuccinate, Bisabolol, Cetylhydroxyproline Palmitamide, Stearic Acid, Honey, Brassica Campestris (Rapeseed) Sterols, Rosa Damascena Flower Oil, Camellia Sinensis Leaf Extract, Phenoxyethanol, Vitis Vinifera (Grape) Seed Extract, Boswellia Serrata Extract, Honey Extract, Chlorophyllincopper Complex, Aspalathus Linearis (Rooibos) Extract, Saccharomyces Polypeptides.",1000,11150,0.0,0.0,https://www.sephora.com/product/hydro-biotic-tm-recovery-sleeping-mask-P427397?icid2=products%20grid:p427397,2.0673014048531417,25.15356487347524
Eudermine Revitalizing Essence ,Shiseido,moisturizing-cream-oils-mists,60.0,"Butylene Glycol, Alcohol Denat., Glycerin, Methyl Gluceth10, Dipropylene Glycol, Betaine, Methylparaben, Cyclodextrin, Phenoxyethanol, Sodium Metaphosphate, Sodium Hyaluronate, Carbomer, Fragrance, Peg60 Hydrogenated Castor Oil, Xanthan Gum, Potassium Hydroxide, Acrylates/C1030 Alkyl Acrylate Crosspolymer, Arginine Hcl, Magnesium Chloride, Pca, Calcium Chloride.",279,27016,0.0,4.2,https://www.sephora.com/product/eudermine-revitalizing-essence-P173653?icid2=products%20grid:p173653,4.2,14.285714285714285
Benefiance NutriPerfect Night Cream,Shiseido,moisturizing-cream-oils-mists,97.0,"Butylene Glycol, Alcohol Denat., Glycerin, Methyl Gluceth10, Dipropylene Glycol, Betaine, Methylparaben, Cyclodextrin, Phenoxyethanol, Sodium Metaphosphate, Sodium Hyaluronate, Carbomer, Fragrance, Peg60 Hydrogenated Castor Oil, Xanthan Gum, Potassium Hydroxide, Acrylates/C1030 Alkyl Acrylate Crosspolymer, Arginine Hcl, Magnesium Chloride, Pca, Calcium Chloride.",33,2840,1.7,0.0,https://www.sephora.com/product/benefiance-nutriperfect-night-cream-P202935?icid2=products%20grid:p202935,1.7,57.05882352941177
Bye Bye Redness Sensitive Skin Moisturizer,IT Cosmetics,moisturizing-cream-oils-mists,49.5,"Butylene Glycol, Cyclopentasiloxane, Glycerin, Butylene Glycol Dicaprylate/Dicaprate, Ethylhexyl Isononanoate, Hydrogenated Polyisobutene, Glyceryl Stearate, Dimethicone, Caprylic/Capric/Myristic/Stearic Triglyceride, Peg100 Stearate, Polyglyceryl3 Methylglucose Distearate, Stearyl Behenate, Pentaerythrityl Tetraethylhexanoate, Biosaccharide Gum1, Cetearyl Alcohol, Hydrogenated Lecithin, Polyethylene, Peg/Ppg20/15 Dimethicone, Phenyl Methicone, Dimethicone/Vinyl Dimethicone Crosspolymer, Stearyl Stearate, Peg150 Distearate, Stearic Acid, Palmitic Acid, Cocos Nucifera (Coconut) Oil, Aloe Barbadensis Leaf Extract, Butyrospermum Parkii (Shea) Butter, Phytosteryl/Isostearyl/Cetyl/Stearyl/Behenyl Dimer Dilinoleate, Ceramide Np, Hydrogenated Polydecene, Ceteareth20, Glyceryl Citrate/Lactate/Linoleate/Oleate, Hydroxypropyl Bispalmitamide Mea, Glycosphingolipids, Ceramide Ap, Meadowfoam Estolide, Glycine Soja (Soybean) Sterols, Cetearyl Glucoside, Betaine, Sodium Hyaluronate, Polyquaternium51, Glyceryl Polymethacrylate, Aleuritic Acid, Yeast Extract, Glycoproteins, Hydroxyethyl Acrylate/Sodium Acryloyldimethyl Taurate Copolymer, Squalane, Polysorbate 60, Sorbitan Isostearate, Portulaca Oleracea Extract, Tocopheryl Acetate, Allantoin, Carbomer, Glucose, Tromethamine, Eruca Sativa Leaf Extract, Sodium Benzotriazolyl Butylphenol Sulfonate, Buteth3, Tributyl Citrate, Hydrolyzed Collagen, Ethylhexylglycerin, Niacinamide, Camellia Sinensis Leaf Extract, Citric Acid, Retinyl Retinoate, Polylactic Acid, Canola Oil, Cholesteryl Nonanoate, Ascorbyl Tetraisopalmitate, Glycyrrhiza Glabra (Licorice) Root Extract, Chamomilla Recutita (Matricaria) Flower Curcuma Longa (Turmeric) Root Extract, Colloidal Oatmeal, Leuconostoc/Radish Root Ferment Filtrate, Steareth20, NHydroxysuccinimide, Chrysin, Palmitoyl Oligopeptide, Palmitoyl Tetrapeptide7, Chlorhexidine Digluconate, Potassium Sorbate, Panthenol, Persea Gratissima (Avocado) Oil, Vitis Vinifera (Grape) Seed Oil, BetaGlucan, Acetyl Hexapeptide8, Acetyl Octapeptide3, Caprylyl Glycol, Olea Europaea (Olive) Fruit Oil, Cholesteryl Isostearate, Cholesteryl Chloride, Bht, Silica, Dipropylene Glycol, Magnolia Acuminata Bark Extract, Chrysanthemum Parthenium (Feverfew) Extract, Lithospermum Officinale Extract, Agaricus Bisporus (Mushroom) Extract, Saccharum Officinarum (Sugar Cane) Extract, Cucumis Sativus (Cucumber) Fruit Extract, Zinc Pca, Hippophae Rhamnoides Fruit Extract, Hydrolyzed Silk, Phenoxyethanol, Caprylhydroxamic Acid, Disodium Edta, 1,2Hexanediol, Fd&amp;C Blue 1 (Ci 42090), Fd&amp;C Yellow No. 5 (Ci 19140).",246,5298,2.0,0.0,https://www.sephora.com/product/bye-bye-redness-skin-relief-treatment-moisturizer-P429038?icid2=products%20grid:p429038,2.0,24.75
Rénergie Lift Multi-Action Night Cream,Lancôme,moisturizing-cream-oils-mists,122.0,"Glycerin, Prunus Armeniaca Kernel Oil/Apricot Kernel Oil, Caprylic/Capric Triglyceride, Pentaerythrityl Tetraethylhexanoate, Cetyl Alcohol, Zea Mays Starch/Corn Starch, Butyrospermum Parkii Butter/Shea Butter, Alcohol Denat., Petrolatum, Pentylene Glycol, Glyceryl Stearate, Dimethicone, Peg40 Stearate, Cera Alba/Beeswax/Cire Dabeille, Hydroxyethylpiperazine Ethane Sulfonic Acid, Ci 14700/Red 4, Ci 19140/Yellow 5, Saccharomyces/Xylinum/ Black Tea Ferment, Hydrolyzed Linseed Extract, Hydrolyzed Soy Protein, Hydrolyzed Hyaluronic Acid, Sodium Hydroxide, Sodium Benzoate, Phenoxyethanol, Adenosine, Stearyl Alcohol, Acetyl Tetrapeptide9, Poloxamer 338, Dimethiconol, Limonene, Xanthan Gum, Pentaerythrityl TetraDiTButyl Hydroxyhydrocinnamate, Benzyl Alcohol, Caprylyl Glycol, AlphaIsomethyl Ionone, Sorbitan Tristearate, Myristyl Alcohol, Geraniol, Hexyl Cinnamal, Parfum/Fragrance.",44,4463,2.6,0.0,https://www.sephora.com/product/renergie-lift-multi-action-night-P376135?icid2=products%20grid:p376135,2.6,46.92307692307692
Hydra Life Fresh Hydration Sorbet Crème,Dior,moisturizing-cream-oils-mists,69.0,"Glycerin, Prunus Armeniaca Kernel Oil/Apricot Kernel Oil, Caprylic/Capric Triglyceride, Pentaerythrityl Tetraethylhexanoate, Cetyl Alcohol, Zea Mays Starch/Corn Starch, Butyrospermum Parkii Butter/Shea Butter, Alcohol Denat., Petrolatum, Pentylene Glycol, Glyceryl Stearate, Dimethicone, Peg40 Stearate, Cera Alba/Beeswax/Cire Dabeille, Hydroxyethylpiperazine Ethane Sulfonic Acid, Ci 14700/Red 4, Ci 19140/Yellow 5, Saccharomyces/Xylinum/ Black Tea Ferment, Hydrolyzed Linseed Extract, Hydrolyzed Soy Protein, Hydrolyzed Hyaluronic Acid, Sodium Hydroxide, Sodium Benzoate, Phenoxyethanol, Adenosine, Stearyl Alcohol, Acetyl Tetrapeptide9, Poloxamer 338, Dimethiconol, Limonene, Xanthan Gum, Pentaerythrityl TetraDiTButyl Hydroxyhydrocinnamate, Benzyl Alcohol, Caprylyl Glycol, AlphaIsomethyl Ionone, Sorbitan Tristearate, Myristyl Alcohol, Geraniol, Hexyl Cinnamal, Parfum/Fragrance.",97,4799,1.7,0.0,https://www.sephora.com/product/hydra-life-fresh-hydration-sorbet-cr-me-P417603?icid2=products%20grid:p417603,1.7,40.588235294117645
Skin Tone Correcting & Beautifying BB Cream Sunscreen Broad Spectrum SPF 50,Kiehl's Since 1851,moisturizing-cream-oils-mists,40.0,"Dicaprylyl Ether, Glycerin, Alcohol Denat., Polyglyceryl4 Isostearate, Ascorbyl Glucoside, Silica, Nylon12, Disteardimonium Hectorite, Tribehenin, Peg30 Dipolyhydroxystearate, Sodium Chloride, Phenoxyethanol, Disodium Stearoyl Glutamate, Adenosine, Aluminum Hydroxide, May Contain, Titanium Dioxide, Iron Oxides.",35,6149,1.35,0.0,https://www.sephora.com/product/skin-tone-correcting-beautifying-bb-cream-sunscreen-broad-spectrum-spf-50-P422506?icid2=products%20grid:p422506,1.35,29.629629629629626
Overnight Restorative Cream,Algenist,moisturizing-cream-oils-mists,94.0,"Isopropyl Isostearate, Butyrospermum Parkii Butter (Butyrospermum Parkii (Shea Butter)), Glycerin, Stearic Acid, Squalane, Butylene Glycol, Dimethicone, Glyceryl Stearate SE, Cetearyl Alcohol, Dimethicone Crosspolymer, Ascorbyl Glucoside, Pentylene Glycol, Algae Exopolysaccharides, Algae Extract, Tocopheryl Acetate, Citrullus Vulgaris Fruit Extract (Citrullus Vulgaris (Watermelon) Fruit Extract), Lens Esculenta Fruit Extract (Lens Esculenta (Lentil) Fruit Extract), Oleanolic Acid, Palmitoyl Oligopeptide, Palmitoyl Tetrapeptide7, Pyrus Malus Fruit Extract (Pyrus Malus (Apple) Fruit Extract), Enantia Chlorantha Bark Extract, Crithmum Maritimum Extract, Silybum Marianum Seed Oil, Caprylic/Capric Triglyceride, Ceteareth20, Dimethicone, Acrylates/C1030 Alkyl Acrylate Crosspolymer, Sodium Hydroxide, Caprylyl Glycol, Hydrogenated Vegetable Oil, Hexylene Glycol, Phenoxyethanol, Disodium EDTA, Fragrance, Sodium PCA, Carbomer, Polysorbate 20, Sodium Lactate, Ethylhexylglycerin.",233,8758,2.0,0.0,https://www.sephora.com/product/overnight-restorative-cream-P296415?icid2=products%20grid:p296415,2.0,47.0
Repairative Anti-Aging Moisturizer,Tata Harper,moisturizing-cream-oils-mists,116.0,"Aloe Barbadensis Leaf Juice*, Mangifera Indica (Mango) Seed Butter, Carthamus Tinctorius (Safflower) Oleosomes*, Salix Alba (Willow) Bark Extract, Caprylic/Capric Triglyceride, Olea Europaea (Olive) Oil*, Glycerin, Simmondsia Chinensis (Jojoba) Seed Oil*, Rosa Damascena Flower Water*, Cetearyl Olivate, Mel/Honey/Miel, Leuconostoc Ferment Filtrate, Theobroma Cacao (Cocoa) Seed Butter, Sorbitan Olivate, Sodium Hyaluronate, Borago Officinalis (Borage) Leaf Extract*, Medicago Sativa (Alfalfa) Extract*, Calendula Officinalis (Calendula) Flower Extract*, Arnica Montana (Arnica) Extract*, Propanediol, Sodium Phytate, Galactoarabinan, Sclerotium Gum, Cetyl Palmitate, Sorbitan Palmitate, Lavandula Stoechas (Spanish Lavender) Extract, Sambucus Nigra Fruit Extract, Menyanthes Trifoliata (Buckbean) Flower Extract, Tilia Europaea (Linden) Leaf &amp; Flower Extract*, Spiraea Ulmaria (Meadowsweet) Extract*, Aroma**, Citral, Citronellol, Eugenol, Geraniol, Limonene, Linalool. *Ingredients from organic farming. **Clinical grade essential oils blend.",116,4205,1.7,0.0,https://www.sephora.com/product/repairative-moisturizer-P379709?icid2=products%20grid:p379709,1.7,68.23529411764706
Phelityl Night Cream,Erno Laszlo,moisturizing-cream-oils-mists,139.0,"Glyceryl Stearate, Dimethicone, PEG8, Cetearyl Alcohol, Paraffinum Liquidum (Mineral Oil/Huile Minerale), C1013 Cholesterol/Lanosterol Esters, Caprylic/Capric Triglyceride, PPG10 Cetyl Ether, Petrolatum, Ceteareth20, Magnesium Aluminum Silicate, Imidazolidinyl Urea, Carbomer, Methylparaben, Sodium Hydroxide, Propylparaben, Parfum (Fragrance), Benzyl Salicylate, Citral, Coumarin, Eugenol, Hexyl Cinnamal, Hydroxycitronellal, Isoeugenol, Limonene, Linalool, Caramel.",11,3197,1.7,0.0,https://www.sephora.com/product/phelityl-night-cream-P429933?icid2=products%20grid:p429933,1.7,81.76470588235294
TIME RESPONSE Skin Reserve Crème,AMOREPACIFIC,moisturizing-cream-oils-mists,150.0,"Camellia Sinensis Leaf Butylene Glycol, Glycerin, Hydrogenated Olive Oil Lauryl Esters, Jojoba Esters, Dimethicone, Butyrospermum Parkii (Shea) Butter, Betaine, Dipropylene Glycol, Hydrogenated Poly(C614olefin), Pentaerythrityl Tetraethylhexanoate, Helianthus Annuus (Sunflower) Seed Oil, Diisostearyl Malate, Hydrogenated Polyisobutene, Cyclopentasiloxane, Cetearyl Alcohol, Propanediol,Peg40 Stearate, Hydrogenated Lecithin, Polysilicone11, Polyglyceryl10 Stearate, Niacinamide, 1,2Hexanediol, Glyceryl Stearate, Arachidyl Alcohol, BisPeg18 Methyl Ether Dimethyl Silane, Fragrance, Behenyl Alcohol, Peg100 Stearate, Stearic Acid, Sodium Polyacrylate, Arachidyl Glucoside, Dipotassium Glycyrrhizate, Caffeine,Glyceryl Caprylate, Acrylates/C1030 Alkyl Acrylate Crosspolymer, Tromethamine, Dipalmitoyl Hydroxyproline ,Hydrogenated Polydecene, Polyglyceryl3 Methylglucose Distearate, Adenosine, Disodium Edta, BetaGlucan, Ethylhexylglycerin, Palmitic Acid, Natto Gum, Glycine Soja (Soybean) Seed Extract, Camellia Sinensis Leaf Extract,Ppg5Laureth5, Theobroma Cacao (Cocoa) Extract, Dextrin, Tocopherol, Glucose, Poloxamer 235, Epigallocatechingallate, Ethoxydiglycol, Tocophersolan, Poloxamer 338, Phenoxyethanol, Panax Ginseng Root Extract, Bht, Magnolia Obovata Bark Extract, Caprylyl Glycol.",7,991,0.5,0.0,https://www.sephora.com/product/time-response-skin-reserve-creme-P437678?icid2=products%20grid:p437678,0.5,300.0
Clinique iD™:  Moisturizer + Concentrate for Pores & Uneven Texture,CLINIQUE,moisturizing-cream-oils-mists,39.0,"BisPeg18 Methyl Ether Dimethyl Silane, Butylene Glycol, Glycerin, Cucumis Sativus (Cucumber) Fruit Extract, Hypnea Musciformis (Algae) Extract, Gelidiella Acerosa Extract, Hordeum Vulgare (Barley) Extract, Padina Pavonica Thallus Extract, Helianthus Annuus (Sunflower) Seedcake, Sucrose, Caffeine, Sodium Hyaluronate, Hydroxyethyl Urea, Hydrolyzed Rice Extract, Sorbitol, Sodium Polyaspartate, Ppg6Decyltetradeceth30, Ethylhexylglycerin, Propylene Glycol Dicaprate, Caprylyl Glycol, Trehalose, Polysorbate 80, Carbomer, Sodium Hydroxide, Hexylene Glycol, Citric Acid, Sodium Citrate, Disodium EDTA, Phenoxyethanol.",20,1297,4.2,0.0,https://www.sephora.com/product/clinique-id-your-custom-blend-hydrator-for-pores-uneven-texture-P439648?icid2=products%20grid:p439648,4.2,9.285714285714285
needles no more® Neck Sculpting Cream,Dr. Brandt Skincare,moisturizing-cream-oils-mists,95.0,"Cyclomethicone, Propanediol, Glycerin, Caprylic/Capric Triglyceride, Pisum Sativum (Pea) Extract, Hydroxyethyl Acrylate/Sodium Acryloyldimethyl Taurate Copolymer, Polysorbate 80, Caffeine, Paullinia Cupana Seed Extract, Butylene Glycol, Microcrystalline Cellulose, Lactic Acid, Vaccinium Myrtillus Fruit/Leaf Extract, Acrylates/C1030 Alkyl Acrylate Crosspolymer, Saccharum Officinarum (Sugar Cane) Extract, Spirulina Platensis Extract, Algae Extract, Ricinus Communis (Castor) Seed Oil, Anthemis Nobilis Flower Oil, Calcium Pantetheine Sulfonate, Cysteic Acid, Xanthan Gum, Citrus Aurantium Dulcis (Orange) Fruit Extract, Citrus Limon (Lemon) Fruit Extract, Caprylyl Glycol, Acer Saccharum (Sugar Maple) Extract, Soy Isoflavones, Lavandula Angustifolia (Lavender) Oil, Hexylene Glycol, Sodium Hyaluronate, Ethylhexylglycerin, Panthenol, Sodium Hydroxide, Sodium Phytate, Sodium Chloride, Polysorbate 60, Sorbitan Isostearate, Carnatine, Maltodextrin, Alcohol, Phenoxyethanol, Linalool.",26,3511,1.7,0.0,https://www.sephora.com/product/needles-no-more-neck-sculpting-cream-P440302?icid2=products%20grid:p440302,1.7,55.88235294117647
High-Potency Night-a-Mins™ Oil-Free Resurfacing Cream with Fruit-Derived AHAs,Origins,moisturizing-cream-oils-mists,46.0,* Essential Oil,355,7053,1.7,0.0,https://www.sephora.com/product/high-potency-night-a-mins-tm-oil-free-resurfacing-cream-with-fruit-derived-ahas-P434361?icid2=products%20grid:p434361,1.7,27.058823529411764
The Method: Nourish,LANCER Skincare,moisturizing-cream-oils-mists,125.0,"Caprylic/Capric Triglyceride,Glycerin, C1215 Alkyl Benzoate, Dimethicone, Butyrospermum Parkii (Shea) Butter, Squalane, Cetyl Alcohol, Glyceryl Stearate, PEG100 Stearate, Stearic Acid, Dimethicone Crosspolymer, Cetyl Phosphate, Vitis Vinifera (Grape) Juice Extract, Tropaeolum Majus Extract, Persea Gratissima (Avocado) Oil, Olea Europaea (Olive) Fruit Oil, Hydrolyzed Rice Protein, Hexapeptide48 HCl, Dipotassium Glycyrrhizate, Sodium Hyaluronate Crosspolymer, Phytosterols, Raspberry Seed Oil/Tocopheryl Succinate Aminopropanediol Esters, Polyglyceryl4 Diisostearate/Polyhydroxystearate/Sebacate, Carbomer, Ethylhexyl Stearate, Disodium EDTA, Sodium Isostearate, Aminomethyl Propanol, Propanediol, Caprylyl Glycol, Chlorphenesin, Ethylhexylglycerin, Phenoxyethanol, Pentylene Glycol, Fragrance, Limonene.",176,3603,0.0,1.7,https://www.sephora.com/product/the-method-nourish-P399743?icid2=products%20grid:p399743,1.7,73.52941176470588
Makeup Setting Spray Organic Sunscreen SPF 30,COOLA,moisturizing-cream-oils-mists,36.0,"Avobenzone 2.8%, Homosalate 3.5%, Octisalate 3.9%, Alcohol (Organic), Aloe Barbadensis Leaf Extract (Organic), Algae Extract (Organic), Citrus Aurantium Dulcis (Organic Orange) Fruit Cucumis Sativus (Organic Cucumber) Fruit Extract, Dicaprylyl Carbonate, Diisopropyl Adipate, Ethyl Ferulate, Flavor, Glycerin (Organic), Helianthus Annuus (Sunflower) Seed Oil, Isodecyl Neopentanoate, Juniperus Communis Callus Extract, Paeonia Lactiflora Leaf Cell Extract, Phoenix Dactilyfera (Date) Leaf Cell Extract, Pvp, Silica Silylate, Sodium Hyaluronate, Water.",489,21166,1.7,0.0,https://www.sephora.com/product/makeup-setting-spray-spf30-P396623?icid2=products%20grid:p396623,1.7,21.176470588235293
Honey Savior All-in-One Skin Repair Salve,Farmacy,moisturizing-cream-oils-mists,34.0,*Natural Flavor /Arôme Naturel,403,20795,1.6,0.0,https://www.sephora.com/product/honey-savior-all-in-one-skin-repair-salve-with-echinacea-greenenvy-honey-P414293?icid2=products%20grid:p414293,1.6,21.25
"Facial Spray with Aloe, Chamomile and Lavender",Mario Badescu,moisturizing-cream-oils-mists,12.0,"Lavandula Angustifolia (Lavender) Flower Propylene Glycol, Polysorbate 20, Aloe Barbadensis Leaf Juice, Lavandula Angustifolia (Lavender) Oil, Chamomilla Recutita (Matricaria) Flower Extract, Fucus Vesiculosus Extract, Ethyl Ascorbic Acid, Thymus Vulgaris (Thyme) Leaf Extract, Silver Citrate, Potassium Sorbate, Sodium Benzoate, Benzophenone4, Triethanolamine, Zeolite, Citric Acid, Sodium  Chloride, CI 60730 (Violet 2).",49,10224,0.0,8.0,https://www.sephora.com/product/mario-badescu-facial-spray-with-aloe-chamomile-lavender-P440484?icid2=products%20grid:p440484,8.0,1.5
Super Restorative Night Age Spot Correcting Replenishing Cream,Clarins,moisturizing-cream-oils-mists,137.0,"Cetearyl Isononanoate, Dimethicone, Glycerin, Hydrogenated Polyisobutene, Cetearyl Alcohol, Butyrospermum Parkii (Shea) Butter, Hydrogenated CocoGlycerides, Pentylene Glycol, Glyceryl Stearate, Peg100 Stearate, Cetearyl Glucoside, Phenoxyethanol, Parfum/Fragrance, Propylene Glycol, Hydroxyethyl Acrylate/Sodium Acryloyldimethyl Taurate Copolymer, Hexylresorcinol, Carbomer,Squalane, Polymethyl Methacrylate, Mica, Ci 77891/Titanium Dioxide,  Tocopheryl Acetate, Sodium Hyaluronate, Sodium Hydroxide, Sorbic Acid, Xanthan Gum, Caprylic/Capric Triglyceride, OCymen5Ol, Butylene Glycol, Citric Acid, Disodium Edta, Polysorbate 60, Ginkgo Biloba Leaf Extract, Harungana Madagascariensis Extract, Sorbitan IsostearateOlea Europaea (Olive) Fruit Extract, Cistus Monspeliensis Extract, Acetyl Tetrapeptide2, Dextran, Tocopherol",7,2172,0.0,1.3,https://www.sephora.com/product/super-restorative-night-age-spot-correcting-replenishing-cream-P388544?icid2=products%20grid:p388544,1.3,105.38461538461539
Rénergie Lift Multi-Action Day Cream with SPF 15 - All Skin Types,Lancôme,moisturizing-cream-oils-mists,99.0,"Dimethicone, Glycerin, Hydrogenated Polyisobutene, Beeswax, Poly C1030 Alkyl Acrylate, Sucrose Stearate, Saccharomyces/Xylinum/ Black Tea Ferment, Sodium Polyacrylate, Hydrolyzed Linseed Extract, Hydrolyzed Soy Protein, Hydrolyzed Hyaluronic Acid, Sodium Hydroxide, Sodium Benzoate, Red 4, Stearic Acid, Phenoxyethanol, Adenosine, Acetyl Tetrapeptide9, Peg100 Stearate, Palmitic Acid, Silicam Chlorphenesin, Yellow 5, Dimethicone/Vinyl Dimethicone Crosspolymer, Dimethiconol, Limonene, Benzyl Alcohol, Linalool, Caprylyl Glycol, Acrylates/C1030 Alkyl Acrylate Crosspolymer, Geraniol, Disodium Stearoyl Glutamate, Disodium Edta, Citronellol, Aluminum Starch Octenylsuccinate, Coumarin, Glyceryl Stearate, Fragrance.",29,2072,1.69,0.0,https://www.sephora.com/product/renergie-lift-multi-action-sunscreen-broad-spectrum-spf-15-for-all-skin-types-P379009?icid2=products%20grid:p379009,1.69,58.57988165680474
Capture Dreamskin Fresh & Perfect Cushion Broad Spectrum SPF 50,Dior,moisturizing-cream-oils-mists,82.0,Biomimetic Mica and Softfocus Optical Effect Powders: Blur imperfections.,141,9915,0.5,0.0,https://www.sephora.com/product/capture-dreamskin-fresh-perfect-cushion-broad-spectrum-spf-50-P435806?skuId=2145340&icid2=products%20grid:p435806,0.5,164.0
Clean Break™ Oil-Free Moisturizer,Jack Black,moisturizing-cream-oils-mists,30.0,"Cyclopentasiloxane, Octyldodecyl Neopentanoate, Niacinamide, Sodium Hyaluronate, Camellia Sinensis (White Tea) Extract*, Macrocystis Pyrifera (Sea Kelp) Extract*, Ocimum Basilicum (Basil) Extract*, Tocopheryl Acetate, Glycerin, Dimethicone, Glycereth26, Cetearyl Glucoside, Carbomer, Hydroxypropyl Starch Phosphate, Hydroxyethyl Acrylate/Sodium Acryloyl Dimethyl Taurate Copolymer, Undecylenoyl Glycine, Disodium EDTA, Butylene Glycol, Capryloyl Glycine, Sodium Hydroxide, Phenoxyethanol. *Certified Organic.",81,5402,3.3,0.0,https://www.sephora.com/product/clean-break-oil-free-moisturizer-P409928?icid2=products%20grid:p409928,3.3,9.090909090909092
5 in 1 Face Cream SPF 30,First Aid Beauty,moisturizing-cream-oils-mists,40.0,"Glycerin, Dimethicone, Caprylic/Capric Triglyceride, C1215 Alkyl Benzoate, Hydrogenated Lecithin, Caprylyl Methicone, Copaifera Officinalis (Balsam Copaiba) Resin, Phenyl Methicone, Enteromorpha Compressa Extract, Caesalpinia Spinosa Gum, Bisabolol, Alpha Arbutin, Phyllanthus Emblica Fruit Extract, Glycyrrhiza Glabra (Licorice) Root Extract, Camellia Sinensis Leaf Extract, Chrysanthemum Parthenium (Feverfew) Extract, Hydroxylated Lecithin, Polysilicone11, Methicone, Polyhydroxystearic Acid, Hydroxethyl Acrylate/Sodium Acryloyldimethyl Taurate, Copolymer, Isohexadecane, Polysorbate 60, Xanthan Gum, Sodium Benzoate, Potassium Sorbate, Glyceryl Polyacrylate, Citric Acid, Phenoxyethanol.",480,13175,1.7,0.0,https://www.sephora.com/product/5-in-1-face-cream-spf-30-P263006?icid2=products%20grid:p263006,1.7,23.529411764705884
The Satin Skin Mist,Tatcha,moisturizing-cream-oils-mists,48.0,*Hadasei3,227,21936,1.35,0.0,https://www.sephora.com/product/tatcha-the-satin-skin-mist-P445465?icid2=products%20grid:p445465,1.35,35.55555555555555
Hydra-Essentiel Silky Cream - Normal to Dry Skin,Clarins,moisturizing-cream-oils-mists,48.0,"Glycerin, Caprylic/Capric Triglyceride, Squalane, CocoCaprylate/ Caprate, Butyrospermum Parkii (Shea) Butter, Hydrogenated CocoGlycerides, Propanediol, Theobroma Grandiflorum Seed Butter, Dimethicone, Cetearyl Alcohol, Glyceryl Stearate, Peg100 Stearate, Caprylyl Glycol, Sodium Polyacrylate, Xylitylglucoside, Cetearyl Glucoside, Fragrance, Anhydroxylitol, Acrylates/C1030 Alkyl Acrylate Crosspolymer, Ethylhexylglycerin, Dimethiconol, Xylitol, Butylene Glycol, Decylene Glycol, Sodium Hydroxide, Diospyros Mespiliformis Leaf Extract, Glucose, Maltodextrin, Kalanchoe Pinnata Leaf Extract, Tocopherol, Sanicula Europaea Extract, Citric Acid, Phenoxyethanol,  Lapsana Communis Flower/ Leaf/Stem Extract, Furcellaria Lumbricalis Extract, Sodium Benzoate, Potassium Sorbate, Sea Salt, Callicarpa Japonica Fruit Extract, [V2899A].",72,4997,1.7,0.0,https://www.sephora.com/product/hydra-essentiel-silky-cream-normal-to-dry-skin-P415621?icid2=products%20grid:p415621,1.7,28.235294117647058
The Renewal Oil Mini,La Mer,moisturizing-cream-oils-mists,130.0,"Limnanthes Alba (Meadowfoam) Seed Oil, Dimethicone, Caprylic/Capric Triglyceride, Water\Aqua\Eau, Trisiloxane, Prunus Amygdalus Dulcis (Sweet Almond) Oil, Simmondsia Chinensis (Jojoba) Seed Oil, Polydecene, Hydrogenated Polydecene, Butylene Glycol, Propanediol, Glycerin, Algae (Seaweed) Extract, Brassica Campestris (Rapeseed) Seed Oil, Helianthus Annuus (Sunflower) Seed Oil, Sesamum Indicum (Sesame) Seed Oil, Eucalyptus Globulus (Eucalyptus) Leaf Oil, Camelina Sativa Seed Oil, Oxycoccus Palustris (Cranberry) Seed Oil, Olea Europaea (Olive) Fruit Oil, Hippophae Rhamnoides Oil, Medicago Sativa (Alfalfa) Seed Powder, Helianthus Annuus (Sunflower) Seedcake, Prunus Amygdalus Dulcis (Sweet Almond) Seed Meal, Sodium Gluconate, Copper Gluconate, Calcium Gluconate, Magnesium Gluconate, Zinc Gluconate, Tocopheryl Succinate, Niacin, Sesamum Indicum (Sesame) Seed Powder, Laminaria Ochroleuca Extract, Laminaria Saccharina Extract, Hydrolyzed Algin, Sea Salt\Maris Sal\Sel Marin, Chlorella Vulgaris Extract, Salicornia Herbacea Extract, Sigesbeckia Orientalis (St. Paul's Wort) Extract, Laminaria Digitata Extract, Rosmarinus Officinalis (Rosemary) Leaf Extract, Magnolia Officinalis Bark Extract, Yeast Extract\Faex\Extrait De Levure, Crithmum Maritimum Extract, Commiphora Mukul Resin Extract, Citrus Aurantifolia (Lime) Peel Extract, Molasses Extract\Saccharum Officinarum\Extrait De Melasse, Sucrose, Acetyl Hexapeptide8, Acetyl Glucosamine, Caffeine, Tocopheryl Acetate, Phenyl Trimethicone, Sodium Chloride, Tetrahexyldecyl Ascorbate, Alcohol Denat., Fragrance (Parfum), Hexyl Cinnamal, Linalool, Amyl Cinnamal, Geraniol, Limonene, Citral, Benzyl Benzoate, Coumarin, Citronellol, Bht, Phenoxyethanol, Yellow 5 (Ci 19140), Yellow 6 (Ci 15985).",5,1140,0.0,0.5,https://www.sephora.com/product/the-renewal-oil-mini-P428639?icid2=products%20grid:p428639,0.5,260.0
Waterburst™ Hydrated Glow Moisturizer,GLAMGLOW,moisturizing-cream-oils-mists,52.0,"Dimethicone, Glycerin, Dipropylene Glycol, Hydrogenated Polyisobutene, Sea Water/Aqua Maris/Maris Aqua, Sea Salt/Maris Sal/Sel Marin, Limnanthes Alba (Meadowfoam) Seed Oil, 1,2Hexanediol, Dimethicone/Peg10/15 Crosspolymer, Sodium Hyaluronate, Nymphaea Caerulea Flower Extract, Sasa Veitchii Extract, Corylus Avellana (Hazel) Seed Oil, Centaurium Erythraea (Centaury) Extract, Triticum Vulgare (Wheat) Germ Extract, Hordeum Vulgare (Barley) Extract/Extrait D'Orge, Nymphaea Alba (Water Lily) Flower Extract, Squalane, Trehalose, Sodium Palmitoyl Proline, Dimethicone/Vinyl Dimethicone Crosspolymer, Butylene Glycol, Fragrance, Limonene, Citral, Phenoxyethanol, Blue 1 (Ci 42090) <iln44617></iln44617>",324,26814,1.7,0.0,https://www.sephora.com/product/waterburst-tm-hydrated-glow-moisturizer-P427392?icid2=products%20grid:p427392,1.7,30.58823529411765
Capture Youth Age-Delay Advanced Crème,Dior,moisturizing-cream-oils-mists,95.0,"Aqua (Water), Dicaprylyl Ether, Glycerin, Isononyl Isononanoate, Butyrospermum Parkii (Shea Butter) Extract, Glyceryl Stearate, Peg100 Stearate, Myristyl Myristate, Jojoba Esters, Behenyl Alcohol, Cetyl Alcohol, Pentylene Glycol, Stearyl Alcohol, Vinyl Dimethicone/Methicone Silsesquioxane Crosspolymer, Caesalpinia Spinosa Fruit Extract, Decyloxazolidinone, Phenoxyethanol, Cera Alba (Beeswax), Dimethicone, Parfum (Fragrance), Caprylyl Glycol, Carbomer, Sodium Polyacrylate, Kappaphycus Alvarezii Extract, Tocopheryl Acetate, Tromethamine, Sorbitol, Sodium Hyaluronate, Xanthan Gum, Algin, Adenosine, Polyvinyl Alcohol, Sodium Tocopheryl Phosphate, Peg7 Glyceryl Cocoate, Cellulose Gum, Bht, Iris Florentina Root Extract, Tocopherol, Polyquaternium7, Ethylhexylglycerin, Methylsilanol TriPeg8 Glyceryl Cocoate.",46,4072,1.7,0.0,https://www.sephora.com/product/capture-youth-age-delay-advanced-creme-P427729?icid2=products%20grid:p427729,1.7,55.88235294117647
Stress Repair Face Cream with Niacinamide,Dr. Dennis Gross Skincare,moisturizing-cream-oils-mists,72.0,"B3Adaptive SuperFoods™ Microcapsule Complex, Prunus Amygdalus Dulcis (Sweet Almond) Oil, Ethylhexyl Palmitate, Propanediol, Niacinamide, Glycerin, Squalane, Persea Gratissima (Avocado) Fruit Extract, Actinidia Chinensis (Kiwi) Fruit Extract, Cordyceps Sinensis (Mushroom) Extract, Terminalia Ferdinandiana (Kakadu Plum) Fruit Extract, Lycium Barbarum (Goji) Fruit Extract, Lepidium Meyenii (Maca) Root Extract, Phyllanthus Emblica (Amla) Fruit Extract, Euterpe Oleracea (Açaí) Sterols, Curcuma Longa (Turmeric) Root Oil, Pleiogynium Timoriense (Burdekin Plum) Fruit Extract, Grifola Frondosa (Maitake Mushroom) Extract, Theobroma Cacao (Cocoa) Extract, Podocarpus Elatus (Illawarra Plum) Fruit Extract, Inonotus Obliquus (Chaga Mushroom) Extract, Perilla Frutescens Extract, Withania Somnifera (Ashwagandha) Root Extract, Asparagus Racemosus (Shatavari) Root Extract, Rhodiola Rosea Root Extract, Hydrolyzed Sodium Hyaluronate, Helianthus Annuus (Sunflower) Seed Oil, Zingiber Officinale (Ginger) Root Oil, Cymbopogon Schoenanthus (Lemongrass) Oil, Sesamum Indicum (Sesame) Seed Oil, Linoleic Acid, Linolenic Acid, Oleic Acid, Lecithin, Lysolecithin, Hydrogenated Phosphatidylcholine, BetaSitosterol, Phospholipids, Sphingolipids, Colloidal Oatmeal, Ceramide NG, Adenosine, Sodium PCA, Ethylhexylglycerin, Panthenol, Allantoin, Tocopherol, Lactic Acid, Phytic Acid, Cyclodextrin, Citric Acid, Sodium Hydroxide, Acrylates/C1030 Alkyl Acrylate Crosspolymer, Polyacrylate13, Polyisobutene, Polysorbate 20, Maltodextrin, Sorbitan Isostearate, Phenoxyethanol, Sodium Benzoate, Potassium Sorbate.",95,975,2.0,0.0,https://www.sephora.com/product/dr-dennis-gross-skincare-stress-repair-face-cream-with-niacinamide-P453821?icid2=products%20grid:p453821,2.0,36.0
Peat Miracle Revital Cream,belif,moisturizing-cream-oils-mists,58.0,"Dipropylene Glycol, Glycerin, Caprylic/Capric Triglyceride, Hydrogenated Polyisobutene, Triethylhexanoin, Cyclopentasiloxane, 1,2Hexanediol, Cetearyl Alcohol, C1422 Alcohols, Glyceryl Stearate, Silica, Poncirus Trifoliata Fruit Extract, Panthenol, Perfluorononylethyl Stearyl Dimethicone, Jojoba Esters, Peat Extract(0.5%), Euphrasia Officinalis Extract*, Glycyrrhiza Glabra (Licorice) Root Extract*, Achillea Millefolium Flower Extract*, Aesculus Hippocastanum (Horse Chestnut) Leaf Extract*, Rhodiola Rosea Root Extract*, Vaccinium Myrtillus Fruit Extract*, Equisetum Arvense Leaf Extract*, Avena Sativa (Oat) Kernel Extract**, Calendula Officinalis Flower Extract**, Nepeta Cataria Extract**, Rubus Idaeus (Raspberry) Leaf Extract**, Baptisia Tinctoria Root Extract**, Stellaria Media (Chickweed) Extract**, Alchemilla Vulgaris Leaf Extract+, Viola Tricolor Extract+, Rosa Damascena Flower Extract+, Spiraea Ulmaria Flower Extract+, Althaea Officinalis Root Extract+, Ceramide Np, Phytosphingosine, Cetearyl Olivate, Sucrose Polystearate, Hydrogenated Lecithin, Peg10 Rapeseed Sterol, Glycereth20, Cetyl Palmitate, Sorbitan Palmitate, Sorbitan Olivate, Peg100 Stearate, C1220 Alkyl Glucoside, Niacinamide, Alanyl Glutamine, Dimethicone, Ammonium Acryloyldimethyltaurate/Vp Copolymer, Carbomer, Xanthan Gum, Mica, Titanium Dioxide, Iron Oxides(Ci 77491), Trisodium Edta, Potassium Hydroxide, Fragrance++, Citronellol, Limonene, Geraniol, Linalool*. *Fragrances Of Natural Origin",76,14453,1.68,0.0,https://www.sephora.com/product/peat-miracle-revital-cream-P412440?icid2=products%20grid:p412440,1.68,34.523809523809526
Regenerative Anti-Aging Moisturizer,Algenist,moisturizing-cream-oils-mists,94.0,"Caprylic/Capric Triglyceride, Butylene Glycol, Dimethicone, Pentylene Glycol, Butyrospermum Parkii (Shea) Butter, Sorbitan Stearate, Glycerin, Glyceryl Stearate, PEG-100 Stearate, Limnanthes Alba (Meadowfoam) Seed Oil, DI-C12-15 Alkyl Fumarate, Algae Exopolysaccharides, Malus Domestica Fruit (Apple) Cell Culture Extract, Bambusa Vulgaris (Bamboo) Leaf/Stem Extract, Tetrapeptide-21, Pisum Sativum (Pea) Extract, Enantia Chlorantha Bark Extract, Alaria Esculenta Extract, Sodium Ascorbyl Phosphate, Biotin, Glucosamine HCL, Eucalyptus Globulus Leaf Oil, Ergothioneine, Oleanolic Acid, Cetyl Alcohol, Dimethicone/PEG-10/15 Crosspolymer, Stearic Acid, Carbomer, Xanthan Gum, Lecithin, Mannitol, Vinyl Dimethicone/Methicone Silsesquioxane Crosspolymer, Disodium EDTA, Caprylyl Glycol, Ethylhexylglycerin, Aminomethyl Propanol, Hexylene Glycol, Phenoxyethanol",214,5493,0.0,2.0,https://www.sephora.com/product/regenerative-anti-aging-moisturizer-P282935?icid2=products%20grid:p282935,2.0,47.0
Repairwear Laser Focus Night Line Smoothing Cream for Combination Oily to Oily Skin,CLINIQUE,moisturizing-cream-oils-mists,53.0,"Methyl Trimethicone , Alcohol Denat. , Silica , Polyethylene , Glycerin , Dimethicone , Butylene Glycol , Peg10 Dimethicone , Sodium Chloride , Caprylyl Methicone , Aspalathus Linearis (Red Tea) Leaf Extract , Camellia Sinensis (Yellow Tea) Leaf Extract , Camellia Sinensis (White Tea) Leaf Extract , Scutellaria Baicalensis Root Extract , Betula Alba (Birch) Bark Extract , Centella Asiatica (Hydrocotyl) Extract , Morus Bombycis (Mulberry) Root Extract , Sodium Dna , Saccharomyces Lysate Extract , Astrocaryum Murumuru Seed Butter , Micrococcus Lysate , Polygonum Cuspidatum Root Extract , Hydrolyzed Rice Extract , Coffea Robusta Seed Extract , Triticum Vulgare (Wheat) Germ Extract , Padina Pavonica Thallus Extract , Rosmarinus Officinalis (Rosemary) Leaf Extract , Sigesbeckia Orientalis (St. Paul'S Wort) Extract , Hordeum Vulgare (Barley) Extract/Extrait D'Orge , Algae Extract , Betaine , Acetyl Hexapeptide8 , Creatine , Trehalose , Caffeine , Cholesterol , Squalane , Arginine , Decarboxy Carnosine Hcl , Artemia Extract , Adenosine Phosphate , Hydroxyproline , Disodium Nadh , Ethylhexyl Stearate , Sucrose , Proline , Phytosphingosine , Propylene Glycol Dicaprate , Ethylhexyl Palmitate , Peg150 , Laurdimonium Hydroxypropyl Hydrolyzed Soy Protein , Acrylates Copolymer , Lauryl Peg9 Polydimethylsiloxyethyl Dimethicone , Jojoba Esters , Caprylyl Glycol , Sorbitol , Sodium Rna , Linoleic Acid , Tocopheryl Acetate , Dipropylene Glycol , Dipalmitoyl Hydroxyproline , Sodium Hyaluronate , Yeast Extract/Faex/Extrait De Levure , Coleus Barbatus Extract , Glycine Soja (Soybean) Protein , Lecithin , Glycine , Carbomer , Hydrogenated Lecithin , Tetrahexyldecyl Ascorbate , Nordihydroguaiaretic Acid , Ascorbyl Tocopheryl Maleate , Disteardimonium Hectorite , Xanthan Gum , Citric Acid , Potassium Sorbate , Hexylene Glycol , Potassium Sulfate , Disodium Edta , Phenoxyethanol <iln41710></iln41710>",3,2704,1.7,0.0,https://www.sephora.com/product/repairwear-laser-focus-night-line-smoothing-cream-for-combination-oily-to-oily-skin-P405824?icid2=products%20grid:p405824,1.7,31.176470588235293
GenOptics Spot Essence Serum,SK-II,moisturizing-cream-oils-mists,225.0,"Galactomyces Ferment Filtrate*, Butylene Glycol, Cyclopentasiloxane, Niacinamide, Triethylhexanoin, Glycerin, Pentylene Glycol, Nylon12, Phytosteryl/Octyldodecyl Lauroyl Glutamate, Inositol, Polymethylsilsesquioxane, Boron Nitride, Caprylic/Capric Triglyceride, Panthenol, Peg20 Sorbitan Cocoate, Dimethicone/Vinyl Dimethicone Crosspolymer, Acrylates/C1030 Alkyl Acrylate Crosspolymer, Phenoxyethanol, Peg11 Methyl Ether Dimethicone, Polyacrylamide, Laureth7, Benzyl Alcohol, Aminomethyl Propanol, C1314 Isoparaffin, Disodium Edta, Methylparaben, Hexyldecanol, Sodium Benzoate, Xanthan Gum, Ascorbyl Glucoside, Laminaria Saccharina Extract, Tocopherol, Zea Mays Oil/Zea Mays (Corn) Oil, Methicone, Ci 77492 (Iron Oxides), Ci 75130 (BetaCarotene). *Pitera™.",98,3618,1.6,0.0,https://www.sephora.com/product/genoptics-spot-essence-P410755?icid2=products%20grid:p410755,1.6,140.625
GinZing™ Ultra-Hydrating Energy-Boosting Cream Limited Edition,Origins,moisturizing-cream-oils-mists,38.0,"Methyl Trimethicone, Butylene Glycol, Glycerin, Jojoba Esters, Panthenol, Dicaprylyl Carbonate, Citrus Limon (Lemon) Peel Oil*, Citrus Grandis (Grapefruit) Peel Oil*, Mentha Viridis (Spearmint) Leaf Oil*, Limonene, Aloe Barbadensis Leaf Extract, Butyrospermum Parkii (Shea Butter), Simmondsia Chinensis (Jojoba) Butter, Castanea Sativa (Chestnut) Seed Extract, Rubus Idaeus (Raspberry) Leaf Wax, Dimethicone, Coleus Barbatus Extract, Hordeum Vulgare (Barley) Extract\Extrait D'Orge, Trehalose, Triticum Vulgare (Wheat) Germ Extract, Panax Ginseng (Ginseng) Root Extract, Ammonium Acryloyldimethyltaurate/Vp Copolymer, Salicylic Acid, Foeniculum Vulgare (Fennel) Seed Extract, Rosmarinus Officinalis (Rosemary) Leaf Extract, Phospholipids, Tocopheryl Acetate, Sodium Pca, Arginine, Caffeine, Cholesterol, Linoleic Acid, Biotin, Folic Acid, Tetrahexyldecyl Ascorbate, Polysilicone11, Carbomer, Pantethine, Squalane, Sodium Hyaluronate, Hexylene Glycol, Lecithin, Calcium Carbonate, Caprylyl Glycol, Ethylhexylglycerin, Tromethamine, Phenoxyethanol. *Essential Oil.",3,1620,0.0,2.5,https://www.sephora.com/product/ginzing-ultra-hydrating-energy-boosting-cream-limited-edition-P450956?icid2=products%20grid:p450956,2.5,15.2
Confidence in a Gel Lotion,IT Cosmetics,moisturizing-cream-oils-mists,36.0,"Glycerin, Dimethicone, Propanediol, Dimethicone/Peg10/15 Crosspolymer, Polymethylsilsesquioxane, Phenoxyethanol, Citric Acid, Sodium Chloride, Butylene Glycol, Chlorphenesin, Sodium Citrate, PAnisic Acid, Disodium Edta, Peg10 Dimethicone, Tocopherol, Sodium Hyaluronate, Sodium Hydroxide, Aloe Barbadensis Leaf Juice, Adenosine, Dipropylene Glycol, Perilla Ocymoides Leaf Extract, Propylene Glycol, Ci 19140 / Yellow 5, Cereus Grandiflorus Flower Extract / Cactus Flower Extract, Ceteareth25, Soluble Collagen, Glucose, Sodium Benzoate, Lactic Acid, Cetyl Alcohol, Potassium Sorbate, Dipeptide Diaminobutyroyl Benzylamide Diacetate, Ceramide Np, Behenic Acid, Cholesterol, Trisodium Edta, Ceramide Ns, Ethylhexylglycerin, Ceramide Ap, Ceramide Eop, Ceramide Eos, Caprooyl Phytosphingosine, Caprooyl Sphingosine, Ascorbyl Palmitate.",353,7222,2.5,0.0,https://www.sephora.com/product/confidence-in-gel-lotion-P439057?icid2=products%20grid:p439057,2.5,14.4
Concentrated Brightening Essence,Tata Harper,moisturizing-cream-oils-mists,215.0,"Glycerin, Dimethicone, Propanediol, Dimethicone/Peg10/15 Crosspolymer, Polymethylsilsesquioxane, Phenoxyethanol, Citric Acid, Sodium Chloride, Butylene Glycol, Chlorphenesin, Sodium Citrate, PAnisic Acid, Disodium Edta, Peg10 Dimethicone, Tocopherol, Sodium Hyaluronate, Sodium Hydroxide, Aloe Barbadensis Leaf Juice, Adenosine, Dipropylene Glycol, Perilla Ocymoides Leaf Extract, Propylene Glycol, Ci 19140 / Yellow 5, Cereus Grandiflorus Flower Extract / Cactus Flower Extract, Ceteareth25, Soluble Collagen, Glucose, Sodium Benzoate, Lactic Acid, Cetyl Alcohol, Potassium Sorbate, Dipeptide Diaminobutyroyl Benzylamide Diacetate, Ceramide Np, Behenic Acid, Cholesterol, Trisodium Edta, Ceramide Ns, Ethylhexylglycerin, Ceramide Ap, Ceramide Eop, Ceramide Eos, Caprooyl Phytosphingosine, Caprooyl Sphingosine, Ascorbyl Palmitate.",5,1129,3.4,0.0,https://www.sephora.com/product/concentrated-brightening-essence-P449408?icid2=products%20grid:p449408,3.4,63.23529411764706
The Essential Creme Fluid,AMOREPACIFIC,moisturizing-cream-oils-mists,98.0,"Hydrogenated Poly(C614 Olefin), Propanediol, Glycerin, Dimethicone, Stearic Acid, Palmitic Acid, Camellia Sinensis Leaf Extract, Camellia Sinensis Seed Oil, Arginine, Butylene Glycol, Glyceryl Stearate, Cetearyl Alcohol, Glyceryl Caprylate, Hydroxypropyl Starch Phosphate, Hydrogenated Lecithin, Caprylic/Capric Triglyceride, Pentaerythrityl TetraDiTButyl Hydroxyhydrocinnamate, BisDiglyceryl Polyacyladipate 2, Caprylyl Glycol, Carbomer, Tocopherol, Ethylhexylglycerin, 1,2Hexanediol, Fragrance.",179,9347,3.0,0.0,https://www.sephora.com/product/the-essential-creme-fluid-P416953?icid2=products%20grid:p416953,3.0,32.666666666666664
Illuminating Hydrator - Radiance + Smoothing,SEPHORA COLLECTION,moisturizing-cream-oils-mists,17.0,"Aqua (Water), Glycerin, Mica, Moringa Oleifera Seed Oil, Rosa Canina Fruit Oil, CI 77891 (Titanium Dioxide), Caprylic/Capric Triglyceride, Acrylates/C1030 Alkyl Acrylate Crosspolymer, Hydroxyacetophenone, Polymethyl Methacrylate, Sodium Polyacrylate, 1,2Hexanediol, Caprylyl Glycol, Glyceryl Stearate, Parfum (Fragrance), Sodium Hydroxide, Sodium Hyaluronate, PEG30 Dipolyhydroxystearate, Trideceth6, Citric Acid, Tin Oxide.",1,1506,0.0,0.0,https://www.sephora.com/product/sephora-collection-illuminating-hydrator-radiance-smoothing-P455215?icid2=products%20grid:p455215,2.0673014048531417,8.223280824020751
Renewed Hope in A Jar Water Cream,philosophy,moisturizing-cream-oils-mists,39.0,"Glycerin, Pentylene Glycol, Isononyl Isononanoate, Pentaerythrityl Tetraethylhexanoate, Cetearyl Alcohol, 1,2Hexanediol, Caprylyl Glycol, Dimethicone, Ammonium Acryloyldimethyltaurate/Beheneth25 Methacrylate Crosspolymer, Butylene Glycol, Cetearyl Glucoside, Sodium Polyacrylate Starch, Parfum/Fragrance, Ananas Sativus (Pineapple) Fruit Extract, Laureth3, Phenoxyethanol, Hydroxyethylcellulose, Glucosyl Hesperidin, Guar Hydroxypropyltrimonium Chloride, Acetyl Dipeptide1 Cetyl Ester, Limonene, Hyaluronic Acid, Silanetriol, Citric Acid, Sorbic Acid, Potassium Sorbate, Citral, Bht, Opuntia Coccinellifera Flower Extract, Agave Americana Leaf Extract, Sodium Benzoate, Ethylhexylglycerin, Fd&amp;C Blue No. 1 (CI 42090), D&amp;C Red No. 33 (CI 17200).",133,1528,2.0,0.0,https://www.sephora.com/product/renewed-hope-in-jar-water-cream-P449824?icid2=products%20grid:p449824,2.0,19.5
Plantscription™ SPF 25 Power Anti-Aging Oil-Free Cream,Origins,moisturizing-cream-oils-mists,62.0,"Avobenzone 3.0%, Homosalate 5.0%, Octisalate 4.5%, Octocrylene 2.8%Butyloctyl Salicylate, Nylon12, Octyldodecyl Neopentanoate, Behenyl Alcohol, Myristyl Myristate, Dimethicone, Cetyl Esters, Polyethylene, Butylene Glycol, Ammonium Acryloyldimethyltaurate/Vp Copolymer, Glycerin, Rosa Damascena Flower Oil*, Lavandula Angustifolia (Lavender) Oil*, Pelargonium Graveolens Flower Oil*, Illicium Verum (Anise) Fruit/Seed Oil*, Citrus Aurantium Bergamia (Bergamot) Fruit Oil*, Carthamus Tinctorius (Safflower) Seed Oil*, Myristica Fragrans (Nutmeg) Kernel Oil*, Citrus Aurantium Dulcis (Orange) Peel Oil*, Citrus Nobilis (Mandarin Orange) Peel Oil*, Citrus Limon (Lemon) Peel Oil*, Litsea Cubeba Fruit Oil*, Hibiscus Abelmoschus Extract, Geraniol, Linalool, Citronellol, Limonene, Citral, Coffea Arabica (Coffee) Seed Extract, Sigesbeckia Orientalis (St. Paul'S Wort) Extract, Peucedanum Graveolens (Dill) Extract, Hordeum Vulgare (Barley) Extract/Extrait D'Orge, Pisum Sativum (Pea) Extract, Cholesterol, Micrococcus Lysate, Bambusa Vulgaris (Bamboo) Extract, Glyceryl Stearate, Triticum Vulgare (Wheat) Germ Extract, Crithmum Maritimum Extract, Anogeissus Leiocarpus Bark Extract, Rosmarinus Officinalis (Rosemary) Leaf Extract, Caffeine, Centaurium Erythraea (Centaury) Extract, Rubus Idaeus (Raspberry) Leaf Extract, Cassia Alata Leaf Extract, Phytosphingosine, Trisiloxane, Laminaria Digitata Extract, Acetyl Hexapeptide8, Hydrolyzed Algin, Glucosamine Hcl, Peg100 Stearate, Sodium Hyaluronate, Peg6, DiPpg2 Myreth10 Adipate, Steareth21, Tocopheryl Acetate, Caprylyl Glycol, Ethylhexylglycerin, Squalane, Linoleic Acid, Trehalose, Tetrahexyldecyl Ascorbate, Citric Acid, Sodium Pca, Lecithin, Maltodextrin, Hexylene Glycol, Sodium Dehydroacetate, Disodium Edta, Phenoxyethanol, Mica <iln42148>* Essential Oil",31,4886,1.7,0.0,https://www.sephora.com/product/plantscription-spf-25-power-anti-aging-oil-free-cream-P409816?icid2=products%20grid:p409816,1.7,36.470588235294116
10% Glycolic Solutions Moisturizer,Peter Thomas Roth,moisturizing-cream-oils-mists,45.0,"Glycolic Acid, Glycerin, Aloe Barbadensis Leaf Juice, Butylene Glycol, Caprylic/Capric Triglyceride, Glyceryl Stearate, PEG100 Stearate, Carthamus Tinctorius (Safflower) Seed Oil, Sodium Hydroxide, Cetearyl Alcohol, Arginine, Cyclodextrin, Dimethicone, Squalane, Tocopheryl Acetate, Ascorbyl Palmitate, Retinyl Palmitate, Phospholipids, Leuconostoc/Radish Root Ferment Filtrate, Citric Acid, Ethoxylated Sorbitan Ester, Disodium EDTA, Polysorbate 20, Oleth2, Potassium Sorbate, Sodium Benzoate, Phenoxyethanol.",319,4135,2.2,0.0,https://www.sephora.com/product/10-glycolic-solutions-moisturizer-P422235?icid2=products%20grid:p422235,2.2,20.454545454545453
Essential Firming Cream,Sulwhasoo,moisturizing-cream-oils-mists,100.0,"Butylene Glycol, Glycerin, Caprylic/Capric Triglyceride, Cetyl Ethylhexanoate, Butylene Glycol Dicaprylate/DicapRate, Cyclopentasiloxane, Polyglyceryl3 Methylglucose Distearate, GlyCeryl Stearate, Cyclohexasiloxane, Cetearyl Alcohol, Peg100 Stearate, Hydroxyethyl Acrylate/Sodium Acryloyldimethyl Taurate Copolymer, Phenoxyethanol, Polyacrylate13, Fragrance / Parfum, Polyisobutene, Honey/Mel/Miel, Limonene, Lilium Candidum Bulb Extract, Paeonia AlbiFlora Root Extract, Rehmannia Glutinosa Root Extract, Polygonatum Officinale Rhizome/Root Extract, Nelumbo Nucifera Flower Extract, EthylHexylglycerin, Disodium Edta, Sorbitan Isostearate, Lycium Chinense Fruit Extract, Polysorbate 20, Polysorbate 60, Kaolin, Linalool, Pueraria LobaTa Root Extract, Glycyrrhiza Uralensis (Licorice) Root Extract, Citronellol, Citral, Geraniol, Benzyl Benzoate, Hydrolyzed Soybean Extract, Tocopherol.",3,377,2.53,0.0,https://www.sephora.com/product/essential-firming-cream-P448925?icid2=products%20grid:p448925,2.53,39.52569169960475
ELEVATE Firming & Lifting Neck Cream,Algenist,moisturizing-cream-oils-mists,84.0,Protein and Peptide Complex: Visibly tightens and lifts skin.,2,1170,2.0,0.0,https://www.sephora.com/product/elevate-firming-lifting-neck-cream-P449164?icid2=products%20grid:p449164,2.0,42.0
Teatreement™ Moisturizer,Dr. Jart+,moisturizing-cream-oils-mists,32.0,"Melaleuca Alternifolia (Tea Tree) Leaf Extract, Glycerin, Ethylhexyl Stearate, Methylpropanediol, Niacinamide, Trehalose, Methyl Trimethicone, Cetearyl Glucoside, Sorbitan Olivate, 1,2Hexanediol, Cetearyl Alcohol, Xanthan Gum, Centella Asiatica Extract, Ficus Carica (Fig) Fruit Extract, Eclipta Prostrata Leaf Extract, Laminaria Japonica Extract, Gloiopeltis Furcata Extract, Allantoin, Aloe Barbadensis Leaf Extract, Anthemis Nobilis Flower Extract, Butylene Glycol, Camellia Sinensis Leaf Extract, Carthamus Tinctorius (Safflower) Seed Oil, Ethylhexylglycerin, Glycyrrhiza Glabra (Licorice) Rhizome/Root, Hamamelis Virginiana (Witch Hazel) Extract, Melaleuca Alternifolia (Tea Tree) Leaf Oil, Amaranthus Caudatus Seed Extract, Ulmus Davidiana Root Extract, Cinnamomum Zeylanicum Bark Extract, Pinus Pinaster Bark Extract, Hydrogenated Lecithin, Sodium Polyacryloyldimethyl Taurate, Sorbitan Stearate, Caprylic/Capric Triglyceride, Glycine Soja (Soybean) Sterols, Linoleic Acid, Phospholipids, Disodium EDTA, Fructooligosacchadrides, Salicylic Acid, BetaGlucan, Hydrolyzed Hyaluronic Acid, Capryloyl Glycine, Ceramide NP, Hexylene Glycol, Camphor Silica, Sarcosine, 4Terpineol, and Methyl Methacrylate Crosspolymer.",480,4665,1.69,0.0,https://www.sephora.com/product/dr-jart-teatreement-moisturizer-P454019?icid2=products%20grid:p454019,1.69,18.93491124260355
Argan Infinity Cream Intensive Creamy Oil,Josie Maran,moisturizing-cream-oils-mists,28.0,Jojoba Oil: Diminishes visible signs of aging.,1000,26812,0.0,2.2,https://www.sephora.com/product/argan-infinity-cream-intensive-creamy-oil-P377570?icid2=products%20grid:p377570,2.2,12.727272727272727
Better Daze Ahead CBD Moisturizer,Farmacy,moisturizing-cream-oils-mists,68.0,"Glycerin, Cetearyl Alcohol, Cannabis Sativa Seed Oil, C1315 Alkane, Pentylene Glycol, Caprylic/Capric Triglyceride, Propanediol, Cocos Nucifera (Coconut) Oil, Oryza Sativa (Rice) Bran Extract, Betaine, Cannabis Sativa Flower/Leaf/Stem Extract, Tremella Fuciformis Sporocarp Extract, Ganoderma Lucidum (Mushroom) Extract, Calophyllum Inophyllum Seed Oil, Ocimum Sanctum Leaf Extract, Albatrellus Ovinus Extract, Polygonum Bistorta Root Extract, Theobroma Grandiflorum Seed Butter, Hydrolyzed Sodium Hyaluronate, Allantoin, Bisabolol, Piperonyl Glucoside, Paeonia Suffruticosa Root Extract, Tocopherol, Rosmarinus Officinalis (Rosemary) Leaf Extract, Scutellaria Baicalensis Root Extract, Acrylates/C1030 Alkyl Acrylate Crosspolymer, Flavor (Aroma)*, Butylene Glycol, Helianthus Annuus (Sunflower) Extract, Phytosteryl/Octyldodecyl Lauroyl Glutamate, Sodium Stearoyl Glutamate, Cetearyl Glucoside, Tromethamine, Ethylhexylglycerin, Sodium Phytate. *Natural Flavor.",23,5622,1.7,0.0,https://www.sephora.com/product/better-daze-ahead-cbd-moisturizer-P444056?icid2=products%20grid:p444056,1.7,40.0
Acne-Clear Oil-Free Matte Moisturizer,Peter Thomas Roth,moisturizing-cream-oils-mists,38.0,"Dimethicone, Propanediol, Caprylic/Capric Triglyceride, Glycerin, Jojoba Esters, Isodecyl Neopentanoate, Cetearyl Alcohol, Panthenol, Polysilicone11, Cordyceps Sinensis Extract, Trametes Versicolor (Mushroom) Extract, Helianthus Annuus (Sunflower) Seed Wax, Sodium Hydroxide, Hydroxyethyl Acrylate/Sodium Acryloyl Dimethyl Taurate Copolymer, Polyacrylate Crosspolymer6, Ceteareth20, Isohexadecane, Tocopheryl Acetate, Hydrogenated Lecithin, Aloe Barbadensis Leaf Juice, Butylene Glycol, Allantoin, Disodium EDTA, Sodium Hyaluronate, Acacia Decurrens Flower Wax, Polyglycerin3, Phenoxyethanol, Polysorbate 60, Sodium PCA, Sodium Citrate, Sorbitan Isostearate, Maclura Cochinchinensis Leaf Prenylflavonoids, tButyl Alcohol, Glycosaminoglycans, Potassium Sorbate, Sodium Benzoate, Ethylhexylglycerin, Citric Acid, Trisodium EDTA, Salicylic Acid 2%.",9,2749,1.7,0.0,https://www.sephora.com/product/acne-clear-oil-free-matte-moisturizer-P448910?icid2=products%20grid:p448910,1.7,22.35294117647059
Rénergie Lift Multi-Action Lifting and Firming Moisturizer Light Cream,Lancôme,moisturizing-cream-oils-mists,99.0,"Glycerin, Dimethicone, Isohexadecane, Alcohol Denat., Dipropylene Glycol, Synthetic Wax, Peg10 Dimethicone, Hydroxyethylpiperazine Ethane Sulfonic Acid, Ci 14700 / Red 4, Ci 19140 / Yellow 5, Guanosine, Cyathea Medullaris Leaf Extract, Ascorbyl Glucoside, Secale Cereale Extract / Rye Seed Extract, Tocopheryl Acetate, Sodium Acrylates Copolymer, Sodium Polyacrylate, Phenoxyethanol, Faex Extract / Yeast Extract / Extrait De Levure, Adenosine, Magnesium Sulfate, Ethylhexylglycerin, Nylon12, Dimethicone/Peg10/15 Crosspolymer, Dimethicone/Polyglycerin3 Crosspolymer, Limonene, Pentylene Glycol, Benzyl Alcohol, Linalool, Caprylic/Capric Triglyceride, Fragrance, Disteardimonium Hectorite, Disodium EDTA, Citronellol, Coumarin, Soybean Protein.",14,1625,1.7,0.0,https://www.sephora.com/product/renergie-lift-multi-action-lifting-firming-moisturizer-P395126?icid2=products%20grid:p395126,1.7,58.23529411764706
Wild Rose Vitamin C Brightening Sleeping Facial,KORRES,moisturizing-cream-oils-mists,48.0,"Glycerin, Glyceryl Stearate Citrate, Dicaprylyl Carbonate, Triheptanoin, Alcohol Denat., Behenyl Alcohol, Glyceryl Stearate, Aloe Barbadensis Leaf Juice, Isodecyl Neopentanoate, Simmondsia Chinensis, (Jojoba) Seed Oil, Cera Alba/Beeswax/Cire D'abeille, Lecithin, Imperata Cylindrica Root Extract, Acacia Decurrens/Jojoba/Sunflower Seed Wax, Polyglyceryl3 Esters, Rosa Canina Fruit Oil, Acrylates/C1030 Alkyl Acrylate Crosspolymer, Ascorbyl Tetraisopalmitate, Caprylyl Glycol, Carbomer, Cetearyl Alcohol, Citric Acid, Distarch, Phosphate, Galactoarabinan, Glycine Soja (Soybean), Oil, Glycine Soja (Soybean) Sterols, Helianthus, Annuus (Sunflower) Seed Oil, Hydrolyzed Sodium, Hyaluronate, Hydroxyethyl Acrylate/Sodium, Acryloyldimethyl Taurate Copolymer, Lactic Acid, Parfum/Fragrance, Phenoxyethanol, Rosa Canina, Fruit Extract, Rosmarinus Officinalis (Rosemary), Leaf Extract, Rosmarinus Officinalis (Rosemary), Extract, Sodium Benzoate, Sodium Gluceptate, Sodium Hydroxide, Tetrahydrodiferuloylmethane, Tocopherol, Tocopheryl Acetate, Xanthan Gum",1000,64978,0.0,1.35,https://www.sephora.com/product/wild-rose-vitamin-c-advanced-brightening-sleeping-facial-P306883?icid2=products%20grid:p306883,1.35,35.55555555555555
Wild Rose Vitamin C Brightening 24H Moisturiser,KORRES,moisturizing-cream-oils-mists,39.0,"Glycerin,Propanediol, Alcohol Denat., AscorbylTetraisopalmitate, Diheptyl Succinate, SodiumAcrylates Copolymer, Imperata Cylindrica RootExtract, C1315 Alkane, Acrylates/C1030 Alkyl AcrylateCrosspolymer, Algin, Ascorbyl Palmitate, BenzylAlcohol, Capryloyl Glycerin/Sebacic Acid Copolymer,Caprylyl Glycol, Carbomer, Cellulose Gum, CetearylAlcohol, Chamomilla Recutita (Matricaria) FlowerExtract, Citric Acid, Disodium Phosphate, GlycerylAcrylate/Acrylic Acid Copolymer, GlycerylCaprylate, Glyceryl Polyacrylate, Glyceryl StearateCitrate, Helianthus Annuus (Sunflower) Seed Oil,Hydrogenated Ethylhexyl Olivate, HydrogenatedOlive Oil Unsaponifiables, Hydrolyzed SodiumHyaluronate, Lactic Acid, Lecithin, Levulinic Acid,Microcrystalline Cellulose, Panthenol, Parfum/Fragrance, Pentylene Glycol, Phenoxyethanol,Polyacrylate Crosspolymer6, Potassium Phosphate,Pullulan, Rosa Canina Fruit Extract, Rosa CaninaFruit Oil, Rosmarinus Officinalis (Rosemary) Extract,Salicylic Acid, Serine, Sodium Benzoate, SodiumHyaluronate, Sodium Levulinate, Sorbic Acid,Squalane, Terminalia Ferdinandiana Fruit Extract,Tetrahydrodiferuloylmethane, TetrasodiumGlutamate Diacetate, Tocopherol, TocopherylAcetate, Trehalose, Urea, Xanthan Gum.",95,3573,1.35,0.0,https://www.sephora.com/product/wild-rose-vitamin-c-brightening-24h-moisturiser-P431530?icid2=products%20grid:p431530,1.35,28.888888888888886
Ultimate Revival Cream,SK-II,moisturizing-cream-oils-mists,385.0,"Aqua (Water), Glycerin, Galactomyces Ferment Filtrate, Niacinamide, Phytosteryl/Behenyl/Octyldodecyl Lauroyl Glutamate, Ethylhexyl Isononanoate, Butylene Glycol, Triethylhexanoin, Neopentyl Glycol Diethylhexanoate, Simmondsia Chinensis (Jojoba) Seed Oil, Sucrose Polycottonseedate, Glyceryl Stearate SE, Myristyl Myristate, Hydrogenated CocoGlycerides, Pentylene Glycol, Sorbitan Stearate, Myristyl Alcohol, PEG40 Stearate, Panthenol, Caprylic/Capric Triglyceride, C1314 Isoparaffin, Crithmum Maritimum Extract, Magnesium Aspartate, Zinc Gluconate, Camellia Sinensis Leaf Extract, Copper Gluconate, Saccharomyces Cerevisiae Extract, Palmitoyl Dipeptide7, Acetyl Hexapeptide8, Hexapeptide3, Tocopheryl Acetate, Tocopherol, Polysorbate 65, Hydrogenated Lecithin, Laureth7, Batyl Alcohol, Lactic Acid, Caramel, Decyl Glucoside, Polyacrylamide, Methylparaben, Ethylparaben",57,1589,1.6,0.0,https://www.sephora.com/product/ultimate-revival-cream-P375854?icid2=products%20grid:p375854,1.6,240.625
Vinopure Natural Oil Control Moisturizer,Caudalie,moisturizing-cream-oils-mists,39.0,"Rosa Damascena Flower Water*, Alcohol*, Glycerin*, Dicaprylyl Carbonate, CocoCaprylate/Caprate*, Butylene Glycol*, Silica, C1422 Alcohols*, Niacinamide, Polyacrylate Crosspolymer6, C1220 Alkyl Glucoside*, Palmitoyl Grape Seed Extract*, Tocopherol*, Cymbopogon Citratus Leaf Oil*, Lavandula Hybrida Oil*, Melissa Officinalis Leaf Oil*, Mentha Piperita (Peppermint) Oil*, Pelargonium Graveolens Flower Oil*, Rosmarinus Officinalis (Rosemary) Leaf Oil*, Citric Acid*, Sodium Phytate*, Citral*, Citronellol*, Geraniol*, Linalool*, Limonene* (183/074).",71,7015,1.3,0.0,https://www.sephora.com/product/vinopure-natural-salicylic-acid-pore-minimizing-moisturizer-P433624?icid2=products%20grid:p433624,1.3,30.0
Bienfait Multi-Vital Sunscreen Lotion Broad Spectrum SPF 30,Lancôme,moisturizing-cream-oils-mists,50.0,"Isononyl Isononanoate, Glycerin, Dimethicone, Diisopropyl Sebacate, Aluminum Starch Octenylsuccinate, Sucrose Tristearate, Polysorbate 61, Ribes Nigrum (Black Currant) Seed Oil, Tocopheryl Acetate, Ascorbyl Glucoside, Sodium Stearoyl Glutamate, Hydroxycitronellal, Hydroxyisohexyl 3Cyclohexene Carboxaldehyde, Phenoxyethanol, Thermus Thermophillus Ferment, Peg12 Dimethicone, Eugenol, Ethylparaben, Triethanolamine, Helianthus Annuus (Sunflower) Seed Oil, Dimethiconol, Panthenol, Xanthan Gum, Benzyl Salicylate, Benzyl Alcohol, Linalool, Oxothiazolidinecarboxylic Acid, Caprylyl Glycol, AlphaIsomethyl Ionone, Carbomer, Geraniol, Moringa Pterygosperma Seed Extract, Disodium Edta, Castanea Sativa (Chestnut) Seed Extract, Rosa Canina Fruit Oil, Methylparaben, Citronellol, Hexyl Cinnamal, Fragrance.",135,3923,1.69,0.0,https://www.sephora.com/product/bienfait-multi-vital-sunscreen-lotion-broad-spectrum-spf-30-P124001?icid2=products%20grid:p124001,1.69,29.585798816568047
Smart Night™ Custom-Repair Moisturizer - Dry Combination,CLINIQUE,moisturizing-cream-oils-mists,58.0,"Isostearyl Neopentanoate, Glycerin, Butylene Glycol, Glyceryl Stearate, Peg100 Stearate, Dimethicone, Cetearyl Alcohol, Tamarindus Indica Seed Extract, Biotin, Ergothioneine, Centaurium Erythraea (Centaury) Extract, Sigesbeckia Orientalis (St. Paul'S Wort) Extract, Caffeine, Whey Protein/Lactis Protein/Proteine Du PetitLait, Glycine Soja (Soybean) Protein, Isohexadecane, Hydrolyzed Soy Protein, Algae Extract, Saccharomyces Ferment Filtrate, Acetyl Hexapeptide8, Micrococcus Lysate, Lecithin, Yeast Extract/Faex/Extrait De Levure, Soy Amino Acids, Camellia Sinensis Leaf Extract, Astrocaryum Murumuru Seed Butter, Glycereth26, Cetyl Alcohol, Tocopheryl Acetate, Acetyl Glucosamine, Petrolatum, Acrylamide/Sodium Acryloyldimethyltaurate Copolymer, Cetearyl Glucoside, Caprylyl Glycol, Sodium Hyaluronate, Acrylates/C1030 Alkyl Acrylate Crosspolymer, Sodium Benzoate, Tromethamine, Citric Acid, Polysorbate 80, Aminopropyl Ascorbyl Phosphate, Hexylene Glycol, Hydroxyethylcellulose, Sodium Citrate, Disodium Edta, Phenoxyethanol.",31,2519,1.7,0.0,https://www.sephora.com/product/smart-night-custom-repair-moisturizer-dry-combination-P404015?icid2=products%20grid:p404015,1.7,34.11764705882353
Skin Rescue Daily Face Cream,First Aid Beauty,moisturizing-cream-oils-mists,22.0,"Water/Aqua, Eau, Glyceryl Stearate Se, Glycerin, Squalane, Caprylic/Capric TriGlyceride, Dimethicone, Cetearyl Alcohol, Cetyl Alcohol, Caprylyl Glycol, CarBomer, Chrysanthemum (Feverfew) Parthenium Extract, Ceramide Np, Sodium HyDroxide, Camellia Sinensis Leaf Extract, Glycyrrhiza Glabra (Licorice) Root ExTract, Phenoxyethanol.",525,12401,2.0,0.0,https://www.sephora.com/product/skin-rescue-daily-face-cream-P257524?icid2=products%20grid:p257524,2.0,11.0
Even Better Skin Tone Correcting Moisturizer Broad Spectrum SPF 20,CLINIQUE,moisturizing-cream-oils-mists,50.0,"Butyloctyl Salicylate, Nylon12, Octyldodecyl Neopentanoate, Behenyl Alcohol, Myristyl Myristate, Saccharomyces Cerevisiae Extract, Ascorbyl Glucoside, Cetyl Esters, Butylene Glycol, Polyethylene, Ammonium Acryloyldimethyltaurate/Vp Copolymer, Yeast Extract\Faex\Extrait De Levure, Betula Alba (Birch) Bark Extract, Cucumis Sativus (Cucumber) Fruit Extract, Scutellaria Baicalensis Root Extract, Pyrus Malus (Apple) Fruit Extract, Trametes Versicolor Extract, Triticum Vulgare (Wheat Bran) Extract, Saccharomyces Lysate Extract, Punica Granatum (Pomegranate) Juice Extract, Olea Europaea (Olive) Fruit Extract, Curcuma Longa (Turmeric) Root Extract, Oryza Sativa (Rice) Bran Extract, Citrus Grandis (Grapefruit) Peel Extract, Peg6, Cholesterol, Dimethicone, Glyceryl Stearate, Peg100 Stearate, Glycerin, DiPpg2 Myreth10 Adipate, Steareth21, Caffeine, Sodium Rna, Cellulose, Acetyl Glucosamine, Simethicone, Tromethamine, Sucrose, DiC1218 Alkyl Dimonium Chloride, Salicylic Acid, Sodium Hyaluronate, Tocopheryl Acetate, Trisiloxane, Linoleic Acid, Caprylyl Glycol, Sodium Sulfite, Sodium Metabisulfite, Magnesium Ascorbyl Phosphate, Betaine, Trehalose, Hexylene Glycol, Dipotassium Glycyrrhizate, Lauryl Peg9 Polydimethylsiloxyethyl Dimethicone, Disodium Edta, Phenoxyethanol, Polyaminopropyl Biguanide.",402,12007,1.7,0.0,https://www.sephora.com/product/even-better-skin-tone-correcting-moisturizer-broad-spectrum-spf-20-P247716?icid2=products%20grid:p247716,1.7,29.411764705882355
Treatment Cleansing Oil Face & Eyes,AMOREPACIFIC,moisturizing-cream-oils-mists,50.0,"Cetyl Ethylhexanoate, Dicaprylyl Carbonate, Polyglyceryl10 Dioleate, Pentaerythrityltetraethylhexanoate, Peg8 Glyceryl Isostearate, Camellia Sinensis Seed Oil, Orbignya Oleifera Seed Oil, Cocos Nucifera (Coconut) Oil, Camelliasinensis Leaf Extract, Citrus Medica Limonum (Lemon) Fruit Extract, Vaccinium Myrtillus Fruit/Leafextract, Saccharum Officinarum (Sugar Cane) Extract, Zingiber Officinale (Ginger) Root Extract, Acer Saccharum (Sugar Maple) Extract, Citrus Aurantium Dulcis (Orange) Fruit Extract, Caricapapaya (Papaya) Fruit Extract, Betula Platyphylla Japonica Juice, 1,2Hexanediol, Butylene Glycol, Caprylyl Glycol, Fragrance.",304,7576,6.8,0.0,https://www.sephora.com/product/treatment-cleansing-oil-face-eyes-P232933?icid2=products%20grid:p232933,6.8,7.352941176470589
BB Cream Tinted Moisturizer Broad Spectrum SPF20,Erborian,moisturizing-cream-oils-mists,39.0,"Cyclomethicone, Glycerin, Peg10 Dimethicone, Dipropylene Glycol, DiMethicone, Talc, Isoeicosane, Hexyl Laurate, Disteardimonium Hectorite, Betaine, Panax Ginseng Root Extract, Glycyrrhiza Glabra (Licorice) Root Extract, Portulaca Oleracea Extract, Dioscorea Villosa (Wild Yam) Root Extract, Mequisetum Giganteum Extract, Kigelia Africana Fruit Extract, Hydrogenated Starch Hydrolysate, Ethylhexylglycerin, Tocopheryl Acetate, Magne, Sium Sulfate, Silica, Glycosyl Trehalose, Aluminum Hydroxide, Palmitic Acid, Stearic Acid, Phenoxyethanol , Butylene Glycol, Acrylates/Dimethicone Co Polymer, Dimethicone /Vinyl DiMethicone Crosspolymer, Methicone, Vinyl Dimethicone /Methicone Silsesquioxane Crosspolymer, Fragrance, AlphaIsomethyl Ionone, Hexyl Cinnamal, Linalool, Citronellol, Geraniol , Eugenol, Limonene, Ci 77492/Iron Oxides , Ci 77499/Iron Oxides, Ci 77491/Iron Oxide",296,24461,1.5,0.0,https://www.sephora.com/product/bb-creme-au-ginseng-P396093?skuId=1705839&icid2=products%20grid:p396093,1.5,26.0
Multi-Active Night Cream - Normal to Combination Skin,Clarins,moisturizing-cream-oils-mists,58.0,"Glycerin, Isononyl Isononanoate, Caprylic/Capric Triglyceride, Butyro  Spermum Parkii (Shea) Butter, Cetearyl Alcohol, Ammonium Acryloyldimethyltaurate/Vp Copolymer, Propanediol, Glyceryl Stearate, Peg100 Stearate, Fragrance, Cetearyl Glucoside, Dimethicone, Methyl Methacrylate Crosspolymer, Dipsacus Sylvestris Extract, Caprylyl Glycol, Ethylhexylglycerin, Tocopheryl Acetate, Cellulose, Disodium Edta, Sodium Hyaluronate, Alcohol, Eschscholtzia Californica Flower/Leaf/Stem Extract, Actinidia Chinensis (Kiwi) Fruit Extract, Butylene Glycol, Diospyros Mespili  Formis Leaf Extract, Maltodextrin, Tetrasodium Edta, Sanicula Europaea Extract, Phenoxyethanol, Lapsana Communis Flower/Leaf/Stem Extract, Furcellaria Lumbricalis Extract, Sodium Citrate, Potassium Sorbate, Citric Acid, Glycolic Acid, Lactic Acid, Maris Sal/Sea Salt/Sel Marin, Polyvinyl Alcohol, Copper Palmitoyl Heptapeptide14, Heptapeptide15 Palmitate.",50,5611,1.6,0.0,https://www.sephora.com/product/multi-active-night-cream-normal-to-combination-skin-P406942?icid2=products%20grid:p406942,1.6,36.25
Clarifying Face Cream,Dr. Barbara Sturm,moisturizing-cream-oils-mists,215.0,"Water (Aqua), Macadamia Integrifolia Seed Oil, Butylene Glycol, Vitis Vinifera (Grape) Seed Oil, Glycerin, Glyceryl Stearate Citrate, Sorbitol, Ethylhexyl Isononanoate, Lactobacillus/Portulaca Oleracea Ferment Extract, Octyldodecanol, Cetearyl Alcohol , Dimethylimidazolidinone Rice Starch , Hydrogenated Vegetable Glycerides , Tocopheryl Acetate , Phenoxyethanol, Dimethicone, Panthenol, Acrylates/C1030 Alkyl Acrylate Crosspolymer, Arginine, Sodium Lactate, Sodium Pca, Zinc PCA, Xanthan Gum, Allantoin, Echium Plantagineum Seed Oil, Ethylhexylglycerin, Helianthus Annuus (Sunflower) Seed Oil, Unsaponifiables, Biosaccharide Gum1, Disodium EDTA, Hexylene Glycol, Polygonum Bistorta Root Extract, Alcohol, Leuconostoc/Radish Root Ferment Filtrate, Caprylic/Capric Triglyceride, Cardiospermum Halicacabum Flower/Leaf/Vine Extract, Sodium Benzoate, Pantolactone, Caprylyl Glycol, Fructose, Glycine, Inositol, Lactic Acid, Niacinamide, Urea, Ascorbyl Palmitate, Citric Acid, Tocopherol, Ascorbic Acid.",3,712,1.69,0.0,https://www.sephora.com/product/dr-barbara-sturm-clarifying-face-cream-P448558?icid2=products%20grid:p448558,1.69,127.21893491124261
Pitera Hydrating Essence Set,SK-II,moisturizing-cream-oils-mists,229.0,"Galactomyces Ferment Filtrate*, Butylene Glycol, Xanthan Gum, Sodium Salicylate, Methylparaben, Disodium EDTA.",2,2018,0.0,0.0,https://www.sephora.com/product/sk-ii-hydrating-essence-set-P444043?icid2=products%20grid:p444043,2.0673014048531417,110.77242992357365
Skin Rescue Oil-Free Mattifying Gel Moisturizer,First Aid Beauty,moisturizing-cream-oils-mists,30.0,"Cyclopentasiloxane, Glycerin, Methyl Gluceth10, Dimethicone, Caprylic/Capric Triglyceride, Dipropylene Glycol, Glycereth26, Phytosterols , Glycyrrhiza Glabra (Licorice) Root Extract, Butyrospermum Parkii (Shea) Butter, Ceramide NP, Dioscorea Villosa (Wild Yam) Root Extract, Niacinamide, Salicornia Herbacea Extract, Camellia Sinensis Leaf Extract, Chrysanthemum Parthenium (Feverfew) Extract, Soy Isoflavones, Squalane, Tocopheryl Acetate, Ammonium Acryloyldimethyltaurate/VP Copolymer, Polysorbate 20, Caprylyl Glycol, Carbomer, Lecithin, Caprylyl Methicone, Acrylates/C1030 Alkyl Acrylate Crosspolymer, Azelaic Acid, Pyridoxine HCI, Zinc PCA, Polysilicone11, Polysorbate 80, Potassium Hydroxide, Disodium EDTA, Phenoxyethanol.",327,16636,2.0,0.0,https://www.sephora.com/product/skin-rescue-oil-free-mattifying-gel-moisturizer-P394502?icid2=products%20grid:p394502,2.0,15.0
Future Solution LX Total Regenerating Cream,Shiseido,moisturizing-cream-oils-mists,285.0,"Dipropylene Glycol, Glycerin, Dimethicone, Butylene Glycol, Xylitol, Piperidinepropionic Acid, Petrolatum, Mineral Oil(Paraffinum Liquidum/Huile Minerale), Diisostearyl Malate, Myristyl Myristate, Pentaerythrityl Tetrabehenate/Benzoate/Ethylhexanoate, Behenyl Alcohol, Glyceryl Stearate Se, Stearyl Alcohol, Pentaerythrityl Tetraethylhexanoate, Batyl Alcohol, Dimethicone Crosspolymer, Beheneth20, Phenoxyethanol, Dimethylacrylamide/Sodium Acryloyldimethyltaurate Crosspolymer, Fragrance, Sorbitan Tristearate, Sodium Methyl Stearoyl Taurate, Peg/Ppg17/4 Dimethyl Ether, Tocopheryl Acetate, Sodium Citrate, Bht, Xanthan Gum, Trisodium Edta, Sodium Metabisulfite, Linalool, Citric Acid, Sodium Metaphosphate, Iron Oxides (Ci 77492), Phytosteryl/Octyldodecyl Lauroyl Glutamate, Butylphenyl Methylpropional, Alcohol, Limonene, 2OEthyl Ascorbic Acid, AlphaIsomethyl Ionone, Citronellol, Geraniol, Benzyl Benzoate, Prunus Speciosa Leaf Extract, Angelica Acutiloba Root Extract, Iron Oxides (Ci 77491), Sanguisorba Officinalis Root Extract, Isodonis Japonicus Leaf/Stalk Extract, Camellia Sinensis Leaf Extract, Tocopherol.",7,1316,1.7,0.0,https://www.sephora.com/product/future-solution-lx-total-regenerating-cream-P423169?icid2=products%20grid:p423169,1.7,167.64705882352942
Potent-C™ Vitamin C Bright & Plump Moisturizer,Peter Thomas Roth,moisturizing-cream-oils-mists,68.0,"Propanediol, Tetrahexyldecyl Ascorbate, C912 Alkane, Glycerin, Tocopheryl Acetate, Behenyl Alcohol, Stearic Acid, Ferulic Acid, Cetyl Palmitate, Polyglyceryl2 Stearate, Oleic Acid, Soy Acid, Polymethylsilsesquioxane, Sodium Hyaluronate, Hydrolyzed Collagen, Hydrolyzed Elastin, Diamond Powder, Curcuma Longa (Turmeric) Root Extract, Zingiber Officinale (Ginger) Root Extract, Tocopherol, Haematococcus Pluvialis Extract, Glyceryl Stearate, Gluconolactone, Stearyl Alcohol, Polyglyceryl6 Distearate, Carbomer, CocoCaprylate/Caprate, Sodium Pca, Disodium Edta, Olus (Vegetable) Oil, Jojoba Esters, Sodium Stearoyl Lactylate, Cetyl Alcohol, Butyrospermum Parkii (Shea) Butter, Histidine Hcl, Sodium Lactate, Xanthan Gum, Polyglyceryl3 Beeswax, Sodium Carboxymethyl BetaGlucan, Calcium Gluconate, Ceramide Np, Glycine Soja (Soybean) Sterols, Sucrose Stearate, Carnosine, Lactic Acid, Lecithin, Polyglyceryl10 Laurate, Wheat Amino Acids, Ethylhexylglycerin, Mica, Edta, Sodium Hydroxide, Potassium Sorbate, Sodium Benzoate, Phenoxyethanol.",56,2858,1.7,0.0,https://www.sephora.com/product/potent-c-bright-plump-moisturizer-P440317?icid2=products%20grid:p440317,1.7,40.0
Cooling Water Mini,MILK MAKEUP,moisturizing-cream-oils-mists,15.0,"Butylene Glycol, BisPEG18 Methyl Ether Dimethyl Silane, Sodium Stearate, Pentylene Glycol, Isosteareth2, Glycerin, Sea Manganese Gluconate, Nylon12, Caffeine, Phenoxyethanol, Chlorphesin, Blue 1.",366,29345,0.0,0.21,https://www.sephora.com/product/cooling-water-mini-P428234?icid2=products%20grid:p428234,0.21,71.42857142857143
Benefiance WrinkleResist24 Balancing Softener Enriched,Shiseido,moisturizing-cream-oils-mists,48.0,"Sd Alcohol 40B (Alcohol Denat.), Dipropylene Glycol, Butylene Glycol, Glycerin, Peg/Ppg14/7 Dimethyl Ether, Ppg13Decyltetradeceth24, Phenoxyethanol, Erythritol, Xanthan Gum, Sodium Citrate, Benzophenone5, Fragrance, Sodium Metaphosphate, Citric Acid, Serine, Tocopheryl Acetate, Sapindus Mukurossi Peel Extract (Sapindus Mukurossi), Peg90M, Butylphenyl Methylpropional, Limonene, Linalool, Citronellol, AlphaIsomethyl Ionone, Sodium Acetylated Hyaluronate, Hydroxyproline, Alcohol, Chlorella Vulgaris Extract, Yellow 6 (Ci 15985), Silica, Tocopherol, Uncaria Gambir Extract (Uncaria Gambir), Bht.",92,8126,0.0,5.0,https://www.sephora.com/product/benefiance-wrinkleresist24-balancing-softener-enriched-P173612?icid2=products%20grid:p173612,5.0,9.6
POWER Advanced Wrinkle Fighter Moisturizer,Algenist,moisturizing-cream-oils-mists,85.0,"Glycerin, C1215 Alkyl Benzoate, Caprylic/Capric Triglyceride, Palmitic Acid, Stearic Acid, Chlorella Protothecoides, Algae Exopolysaccharides, Citrullus Vulgaris (Watermelon) Fruit Extract, Hydrolyzed Myrtus Communis Leaf Extract, Lens Esculenta (Lentil) Fruit Extract, Pyrus Malus (Apple) Fruit Extract, Collagen, Sodium PCA, Ribose, Sodium Lactate, Leuconostoc/Radish Root Ferment Filtrate, Butyrospermum Parkii (Shea) Butter, Dimethicone, Tetradecyl Aminobutyroylvalylaminobutyric Urea Trifluoroacetate, Glyceryl Stearate, Glyceryl Stearate SE, Cetearyl Alcohol, Sodium Hydroxide, Disodium EDTA, Xanthan Gum, Magnesium Chloride, Potassium Sorbate, Sodium Benzoate, Citric Acid, Ethylhexylglycerin, Chlorphenesin, Caprylyl Glycol, Phenoxyethanol, Fragrance.",67,4096,2.0,0.0,https://www.sephora.com/product/power-advanced-wrinkle-fighter-moisturizer-P404168?icid2=products%20grid:p404168,2.0,42.5
Moon Fruit Superfruit Night Treatment,Herbivore,moisturizing-cream-oils-mists,58.0,"Organic Aloe Leaf Juice (Aloe Barbadensis), Red Raspberry Seed Oil (Rubus Idaeus), Organic Prickly Pear Oil (Opuntia Ficuslndica), Kokum Butter (Garcinia Indica), Organic Shea Butter (Butyrospermum Parkii), Cetearyl Glucoside, Cetearyl Alcohol, Organic Alcohol, Glyceryl Stearate, Organic Rosehip Seed Oil (Rosa Canina), Hyaluronic Acid, Organic Lavender Flower (Lavandula Angustifolia) Essential Oil, Organic Sweet Orange Peel (Citrus Sinensis) Essential Oil,  Organic Bilberry Fruit Extract (Vaccinium Myrtillus), Organic Sugar Cane Extract (Saccharum Officinarum), Organic Sugar Maple Extract (Acer Saccharinum), Organic Orange Peel Extract (Citrus Sinensis), Organic Lemon Peel Extract (Citrus Limon), Organic Cranberry Fruit Extract (Vaccinium Macrocarpon), Organic Papaya Fruit Extract (Carica Papaya), Organic Goji Berry Extract (Lycium Barbarum), Xanthan Gum, Indigo Powder (Baphicacanthus Cusia [Nees] Bremek), Ultramarine Blue, Manganese Violet.",330,26159,0.0,0.0,https://www.sephora.com/product/moon-fruit-superfruit-night-treatment-P415745?icid2=products%20grid:p415745,2.0673014048531417,28.055899281953153
DREAMDUO™ Overnight Transforming Treatment,GLAMGLOW,moisturizing-cream-oils-mists,59.0,"Dimethicone, Isohexadecane, Glycerin, BisPeg18 Methyl Ether Dimethyl Silane, Butylene Glycol, Peg10 Dimethicone, Propanediol, Petrolatum, Disteardimonium Hectorite, Tocopheryl Acetate, Sodium Hyaluronate, Tetrahexyldecyl Ascorbate, Camellia Sinensis (Green Tea) Leaf Extract, Citrus Reticulata (Tangerine) Peel Extract, Cladosiphon Okamuranus Extract, Coffea Arabica (Coffee) Seed Extract, Cucumis Sativus (Cucumber) Fruit Extract, Garcinia Mangostana Peel Extract, Helianthus Annuus (Sunflower) Seedcake, Hordeum Vulgare (Barley) Extract/Extrait D'Orge, Lycium Chinense (Wolfberry) Fruit Extract, Punica Granatum (Pomegranate) Extract, Sapindus Mukorossi Fruit Extract, Vaccinium Angustifolium (Blueberry) Fruit Extract, Vaccinium Macrocarpon (Cranberry) Fruit Extract, Yeast Extract/Faex/Extrait De Levure, Caesalpinia Spinosa Gum, Caffeine, Propylene Glycol Dicaprate, Ergothioneine, Sorbitol, Trehalose, Menthoxypropanediol, Dextrin, Triethoxycaprylylsilane, Polyethylene, Polysilicone11, Glucosamine Hcl, Isododecane, Peg6, Peg32, Propylene Carbonate, Caprylyl Glycol, Hexylene Glycol, Citric Acid, Ethylhexyl Hydroxystearate, Fragrance, Citral, Limonene, Linalool, Bht, Disodium Edta, Sodium Citrate, Phenoxyethanol, Bismuth Oxychloride (Ci 77163), Iron Oxides (Ci 77499) <iln43002>Rds Product Name</iln43002>",377,32412,0.0,0.0,https://www.sephora.com/product/dreamduo-overnight-transforming-treatment-P412366?icid2=products%20grid:p412366,2.0673014048531417,28.539621683366136
8 HR Mattifying Moisturizer Sunscreen Broad Spectrum SPF20,SEPHORA COLLECTION,moisturizing-cream-oils-mists,23.0,"Dimethicone, Isohexadecane, Glycerin, BisPeg18 Methyl Ether Dimethyl Silane, Butylene Glycol, Peg10 Dimethicone, Propanediol, Petrolatum, Disteardimonium Hectorite, Tocopheryl Acetate, Sodium Hyaluronate, Tetrahexyldecyl Ascorbate, Camellia Sinensis (Green Tea) Leaf Extract, Citrus Reticulata (Tangerine) Peel Extract, Cladosiphon Okamuranus Extract, Coffea Arabica (Coffee) Seed Extract, Cucumis Sativus (Cucumber) Fruit Extract, Garcinia Mangostana Peel Extract, Helianthus Annuus (Sunflower) Seedcake, Hordeum Vulgare (Barley) Extract/Extrait D'Orge, Lycium Chinense (Wolfberry) Fruit Extract, Punica Granatum (Pomegranate) Extract, Sapindus Mukorossi Fruit Extract, Vaccinium Angustifolium (Blueberry) Fruit Extract, Vaccinium Macrocarpon (Cranberry) Fruit Extract, Yeast Extract/Faex/Extrait De Levure, Caesalpinia Spinosa Gum, Caffeine, Propylene Glycol Dicaprate, Ergothioneine, Sorbitol, Trehalose, Menthoxypropanediol, Dextrin, Triethoxycaprylylsilane, Polyethylene, Polysilicone11, Glucosamine Hcl, Isododecane, Peg6, Peg32, Propylene Carbonate, Caprylyl Glycol, Hexylene Glycol, Citric Acid, Ethylhexyl Hydroxystearate, Fragrance, Citral, Limonene, Linalool, Bht, Disodium Edta, Sodium Citrate, Phenoxyethanol, Bismuth Oxychloride (Ci 77163), Iron Oxides (Ci 77499) <iln43002>Rds Product Name</iln43002>",541,10109,1.69,0.0,https://www.sephora.com/product/8hr-mattifying-moisturizer-sunscreen-broad-spectrum-spf20-P410156?icid2=products%20grid:p410156,1.69,13.609467455621303
High Potency Classics: Face Finishing & Firming Moisturizer Tint SPF 30,Perricone MD,moisturizing-cream-oils-mists,69.0,"Glycerin, Cyclopentasiloxane, Dimethicone, Pentylene Glycol, Ethylhexyl Methoxycrylene, Polyester8, Polyglyceryl3 Polydimethylsiloxyethyl Dimethicone, Hydroxyethyl Acrylate/Sodium Acryloyldimethyl Taurate Copolymer, Benzyl Alcohol, Aluminum Hydroxide, Stearic Acid, Iron Oxides ( CI 77491, CI 77492, CI 77499), Diethylhexyl Syringylidenemalonate, Hydrogenated Lecithin, Titanium Dioxide (CI 77891), Isohexadecane, Bisabolol, Mica (CI 77019), Tetrahexyldecyl Ascorbate, Phenoxyethanol, Silica Dimethyl Silytate, Polyester1, Polysilicone11, Polysorbate 60, Caprylic/Capric Triglyceride, Sodium Benzoate, Potassium Sorbate, Fragrance, Xanthan Gum, Hydrogenated Phosphatidylcholine Citronellol, Thioctic Acid, Geraniol, Astaxanthin, Hydroxycitronellal, Butylphenyl Methylpropional.",298,4517,2.0,0.0,https://www.sephora.com/product/face-finishing-moisturizer-tint-broad-spectrum-spf-30-P392883?icid2=products%20grid:p392883,2.0,34.5
Youthquake Hydra-full Retexturizing Gel Crème Moisturizer,Marc Jacobs Beauty,moisturizing-cream-oils-mists,59.0,"Ananas Sativus (Pineapple) Fruit Glycerin, Propanediol, Dipropylene Glycol, Dimethicone, Caprylic/Capric Triglyceride, Hydrogenated Polydecene, C1422 Alcohols, 1,2Hexanediol, Hydrogenated Polyisobutene, Glyceryl Stearate, Butylene Glycol, Dimethicone/Vinyl Dimethicone Crosspolymer, Sodium Acrylate/Sodium Acryloyldimethyl Taurate Copolymer, C1220 Alkyl Glucoside, Phenoxyethanol, Peg100 Stearate, Isohexadecane, Acrylates/C1030 Alkyl Acrylate Crosspolymer, Ammonium Acryloyldimethyltaurate/Vp Copolymer, Dimethiconol, Opuntia Coccinellifera Flower Extract, Xanthan Gum, Tocopheryl Acetate, Potassium Hydroxide, Polysorbate 80, Ethylhexylglycerin, Hydrogenated Lecithin, Mica, Fragrance, Sorbitan Oleate, Sodium Hyaluronate, Glucose, Selenicereus Megalanthus Fruit Extract, Bromelain, Averrhoa Carambola Fruit Extract, Tin Oxide, Titanium Dioxide (Ci 77891), Yellow 5 (Ci 19140).",1000,4220,0.0,1.7,https://www.sephora.com/product/youthquake-hydra-full-retexturizing-gel-creme-moisturizer-P445427?icid2=products%20grid:p445427,1.7,34.705882352941174
A Perfect World™ SPF 40 Age-Defense Moisturizer with White Tea,Origins,moisturizing-cream-oils-mists,46.0,"Avobenzone 3.0%, Homosalate 8.0%, Octinoxate 7.5%, Octisalate 4.5%, Octocrylene 5.0%Butylene Glycol, Glycerin, Ammonium Acryloyldimethyltaurate/Vp Copolymer, Polyethylene, Citrus Aurantium Bergamia (Bergamot) Fruit Oil*, Citrus Limon (Lemon) Peel Oil*, Citrus Aurantium Dulcis (Orange) Oil*, Cinnamomum Camphora (Camphor) Bark Oil*, Mentha Viridis (Spearmint) Leaf Oil*, Magnolia Acuminata Flower Extract, Iris Pallida Root Extract, Rosa Damascena Extract, Citral, Linalool, Limonene, Cetyl Alcohol, Glyceryl Stearate, Peg100 Stearate, Peg6, Vaccinium Angustifolium (Blueberry) Fruit Extract, Vaccinium Macrocarpon (Cranberry) Fruit Extract, Solanum Tuberosum (Potato) Pulp Extract, Lycium Chinense (Wolfberry) Fruit Extract, Eriobotrya Japonica (Loquat) Leaf Extract, Passiflora Incarnata Flower Extract, Leontopodium Alpinum Extract, Betula Alba (Birch) Bark Extract, Camellia Sinensis (White Tea) Leaf Extract, Boswellia Serrata Extract, Sigesbeckia Orientalis (St. Paul'S Wort) Extract, Thermus Thermophillus Ferment, Hordeum Vulgare (Barley) Extract/Extrait D'Orge, Triticum Vulgare (Wheat) Germ Extract, Saccharomyces Lysate Extract, Lythrum Salicaria Extract, Yeast Extract/Faex/Extrait De Levure, Algae Extract, Oryzanol, Squalane, Ethylhexylglycerin, Trehalose, Steareth21, Ergothioneine, Sodium Hyaluronate, Vp/Eicosene Copolymer, Nylon12, Caprylyl Glycol, Sodium Pca, Sodium Dehydroacetate, Tocopheryl Acetate, Urea, Ascorbyl Tocopheryl Maleate, Citric Acid, Polyquaternium51, Hexylene Glycol, Lecithin, Sodium Phytate, Bht, Mica, Phenoxyethanol <iln42821>* Essential Oil",282,12809,1.7,0.0,https://www.sephora.com/product/a-perfect-world-spf-40-age-defense-moisturizer-with-white-tea-P417307?icid2=products%20grid:p417307,1.7,27.058823529411764
Luxury Face Oil- Jasmine & Neroli,RODIN olio lusso ,moisturizing-cream-oils-mists,170.0,"Simmondsia Chinensis (Jojoba) Seed Oil, Oenothera Biennis (Evening Primrose) Oil, Prunus Armeniaca (Apricot) Kernel Oil, Prunus Amygdalus Dulcis (Sweet Almond) Oil, Olea Europaea (Olive) Fruit Oil, Rosa Canina Seed Extract, Argania Spinosa Kernel Oil, Helianthus Annuus (Sunflower) Seed Oil, Jasminum Officinale (Jasmine) Oil, Citrus Aurantium Dulcis (Orange) Flower Oil, Tocopheryl Acetate, Arnica Montana Flower Extract, Rosmarinus Officinalis (Rosemary) Leaf Extract, Calendula Officinalis Flower Oil, Linalool, Benzyl Benzoate, Limonene, Eugenol, Benzyl Alcohol, Geraniol, Tocopherol.",15,867,0.0,1.0,https://www.sephora.com/product/jasmine-neroli-face-oil-P440980?icid2=products%20grid:p440980,1.0,170.0
Zincscreen 100% Mineral Lotion SPF 40 PA+++,Supergoop!,moisturizing-cream-oils-mists,42.0,"Tetradecane, Cetearyl Nonanoate, Ethylhexyl Palmitate, Caprylic/Capric Triglyceride, Isopropyl Palmitate, Isopropyl Myristate, Glycerin, Polyglyceryl3 Diisostearate, Mica, Propanediol, Disteardimonium Hectorite, Gluconolactone, Polyglyceryl6 Polyricinoleate, Brassica Campestris/ Aleurites Fordi Oil Copolymer, Propanediol, Polyhydroxystearic Acid, Sodium Chloride, Magnesium Sulfate, Fructose, Octyldodecyl Oleate, Tocopherol, Cocos Nucifera (Coconut) Fruit Extract, Sodium Benzoate, Iron Oxides (CI 77492), Dodecane, Hexadecane, Titanium Dioxide (CI 77891), Withania Somnifera Flower Extract, Iron Oxides (CI 77491), Vaccinium Angustifolium (Blueberry) Fruit Extract, Silica, Calcium Gluconate.",216,10144,1.7,0.0,https://www.sephora.com/product/zincscreen-100-mineral-lotion-spf-40-pa-P446909?icid2=products%20grid:p446909,1.7,24.705882352941178
Maracuja Neck Treatment,tarte,moisturizing-cream-oils-mists,44.0,"Water/Aqua, Octyldodecanol, Glycerin, Cetearyl Alcohol, Butylene Glycol, Caprylic/Capric Triglyceride, Oryza Sativa (Rice) Starch, Simmondsia Chinensis (Jojoba) Seed Oil, Olus/Vegetable Oil, PEG20 Methyl Glucose Sesquistearate, Ceteareth20, Hydroxyethyl Acrylate/Sodium Acryloyldimethyl Taurate Copolymer, Ammonium Acryloyldimethyltaurate/VP Copolymer, Sodium Polyacrylate, Calcium Ketogluconate, Ethylhexylglycerin, Caprylyl Glycol, Hydrogenated Polydecene, Parfum/Fragrance, Xanthan Gum, Disodium EDTA, Passiflora Edulis Seed Oil, Trideceth6, Squalane, Sodium Hydroxide, PEG8, Polysorbate 60, Tocopherol, Sodium Hyaluronate, Sorbitan Isostearate, Pelvetia Canaliculata Extract, Ascorbyl Palmitate, Opuntia FicusIndica Stem Extract, Ascorbic Acid, Citric Acid, Opuntia FicusIndica Callus Culture Extract, Dextran, Trifluoroacetyl Tripeptide2, Phenoxyethanol, Chlorphenesin, Dehydroacetic Acid.",109,16174,1.7,0.0,https://www.sephora.com/product/maracuja-neck-treatment-P391902?icid2=products%20grid:p391902,1.7,25.88235294117647
Greek Yoghurt Advanced Nourishing Sleeping Facial,KORRES,moisturizing-cream-oils-mists,46.0,"Glycerin, Glyceryl Stearate Citrate, Dicaprylyl Carbonate, Alcohol Denat., Triheptanoin, Behenyl Alcohol, Glyceryl Stearate, Aloe Barbadensis Leaf Juice, Isodecyl Neopentanoate, Simmondsia Chinensis (Jojoba) Seed Oil, Cera Alba/Beeswax/Cire D'abeille, Lecithin, Imperata Cylindrica Root Extract, Acacia Decurrens/Jojoba/Sunflower Seed Wax/Polyglyceryl3 Esters, Acrylates/C1030 Alkyl Acrylate Crosspolymer, AlphaIsomethyl Ionone, Amyl Cinnamal, Ascorbyl Tetraisopalmitate, Benzyl Salicylate, Caprylyl Glycol, Carbomer, Cetearyl Alcohol, Coumarin, Distarch Phosphate, Fragrance, Galactoarabinan, Geraniol, Glycine Soja (Soybean) Oil, Glycine Soja (Soybean) Sterols, Hydrolyzed Sodium Hyaluronate, Hydroxycitronellal, Hydroxyethyl Acrylate/Sodium Acryloyldimethyl Taurate Copolymer, Hydroxyisohexyl 3 Cyclohexene Carboxaldehyde, Isoeugenol, Linalool, Phenoxyethanol, Rosmarinus Officinalis (Rosemary) Leaf Extract, Sodium Hydroxide, Tetrahydrodiferuloylmethane, Tetrasodium Glutamate Diacetate, Tocopheryl Acetate, Xanthan Gum, Yogurt Powder.",564,22151,0.0,1.35,https://www.sephora.com/product/greek-yoghurt-advanced-nourishing-sleeping-facial-P379063?icid2=products%20grid:p379063,1.35,34.07407407407407
Pomegranate Balancing Cream Gel,KORRES,moisturizing-cream-oils-mists,34.0,"Glycerin, Simmondsia Chinensis (Jojoba) Seed Oil, C1215 Alkyl Benzoate, Dicaprylyl Carbonate, Ammonium Acryloyldimethyltaurate/Vp Copolymer, Dicaprylyl Ether, Macadamia Ternifolia Seed Oil, Potassium Cetyl Phosphate, Acrylates/C1030 Alkyl Acrylate Crosspolymer, Calendula Officinalis Extract, Caprylyl Glycol, Cyclodextrin, Epilobium Fleischeri Extract, Fragrance, Glyceryl Stearate, Glycine Soja (Soybean) Oil, Helianthus Annuus (Sunflower) Seed Oil, Panthenol, Persea Gratissima (Avocado) Oil Unsaponifiables, Persea Gratissima (Avocado) Oil, Phenoxyethanol, Punica Granatum Fruit Extract, Rosmarinus Officinalis (Rosemary) Leaf Extract, Salicylic Acid, Sodium Gluceptate, Sodium Hyaluronate, Sodium Hydroxide, Tocopherol, Tocopheryl Acetate.",575,18491,1.35,0.0,https://www.sephora.com/product/pomegranate-balancing-cream-gel-moisturiser-P305109?icid2=products%20grid:p305109,1.35,25.185185185185183
Essential Balancing Emulsion,Sulwhasoo,moisturizing-cream-oils-mists,63.0,"Butylene Glycol, Hydrogenated Poly(C614 Olefin), Octyldodecyl Myristate, Glycerin, Polyglyceryl3 Methylglucose Distearate, Cetyl Ethylhexanoate, Limnanthes Alba (Meadowfoam) Seed Oil, Hydrogenated Vegetable Oil, Cetearyl Alcohol, Stearic Acid, Glyceryl Stearate, Mangifera Indica (Mango) Seed Butter, Phenoxyethanol, Dimethicone, Glyceryl Stearate Citrate, Propanediol, HydRoxyethyl Acrylate/Sodium Acryloyldimethyl Taurate Copolymer, Fragrance/ParFum, Honey/Mel/Miel, Carbomer, Lilium Candidum Bulb Extract, Paeonia Albiflora Root Extract, Rehmannia Glutinosa Root Extract, Polygonatum Officinale Rhizome/Root Extract, Nelumbo Nucifera Flower Extract, Tromethamine, Ethylhexylglycerin, Disodium Edta, Alcohol, Limonene, Camellia Sinensis Leaf Extract, Portulaca Oleracea Extract, Glycyrrhiza Uralensis (Licorice) Root Extract, Sodium Hyaluronate, PolySorbate 60, Sorbitan Isostearate, Linalool, BetaGlucan, Natto Gum, Citronellol, Citral, Geraniol, Tbhq, Tocopherol.",4,582,4.22,0.0,https://www.sephora.com/product/essential-balancing-emulsion-P448923?icid2=products%20grid:p448923,4.22,14.928909952606636
MOISTURE BOUND Refreshing Hydra-Gel Oil-Free,AMOREPACIFIC,moisturizing-cream-oils-mists,100.0,"Phyllostachis Bambusoides Juice, Butylene Glycol, Cyclopentasiloxane, Hydrogenated Polyisobutene, Glycerin, Dimethicone, Xylitylglucoside, Alcohol, Tricholoma Matsutake Extract, Panax Ginseng Root Extract, Zingiber Officinale (Ginger) Root Extract, Trehalose, Serine, Glycine, Hydrolyzed Ginseng Saponins, Kaempferol, Glutamic Acid, Alanine, Lysine, Arginine, Threonine, Cetearyl Alcohol, Peg40 Stearate, Anhydroxylitol, Silica, Sodium Polyacrylate, Sucrose Stearate, Sorbitan Sesquioleate, Hydrogenated Polydecene, Polysilicone11, Xylitol, Triethanolamine, Carbomer, Peg/Ppg18/18 Dimethicone, Titanium Dioxide, Ppg5Laureth5, Betaine, Biosaccharide Gum1, Sodium PCA, Hydrated Silica, Propylene Glycol, Sorbitol, Hydrogenated Lecithin, Aluminum Hydroxide, Peg5 Rapeseed Sterol, Ethyl Hexanediol, Proline, Zinc Gluconate, BHT, Magnesium Aspartate, Copper Gluconate, Calcium Gluconate, Disodium EDTA, Methylparaben, Propylparaben, CI 42090, Fragrance.",378,9189,1.7,0.0,https://www.sephora.com/product/moisture-bound-refreshing-hydra-gel-oil-free-P232940?icid2=products%20grid:p232940,1.7,58.82352941176471
Ferulic + Retinol Fortifying Neck Emulsion,Dr. Dennis Gross Skincare,moisturizing-cream-oils-mists,75.0,"C1215 Alkyl Benzoate, Glycerin, Lactic Acid, Behenyl Alcohol, Isopropyl Palmitate, Octyldodecanol, Dimethyl Isosorbide, Methyl Methacrylate Crosspolymer, Helianthus Annuus (Sunflower) Seed Oil, Sodium Hydroxide, Dimethicone, Glycolic Acid, Propanediol, Beeswax, Cetyl Alcohol, Hydrogenated Lecithin, Palmitic Acid, Butylene Glycol, Ferulic Acid, Ellagic Acid, Gallic Acid, Collagen Amino Acids, Silk Amino Acids, Sodium Hyaluronate, Retinol, Zea Mays (Corn) Silk Extract, Phospholipids, Sphingolipids, Saccharide Isomerate, Leuconostoc/Radish Root Ferment Filtrate, Glycine Soja (Soybean) Oil, Ascorbyl Palmitate, Tocopherol, Urea, Sodium PCA, Mannitol, Citrullus Vulgaris (Watermelon) Fruit Extract, Xanthan Gum, Caprylyl Glycol, Acrylates/Carbamate Copolymer, Caprylic/Capric Triglyceride, Magnesium Aspartate, Zinc Gluconate, Copper Gluconate, Ethylhexylglycerin, Acrylates/C1030 Alkyl Acrylate Crosspolymer, Disodium EDTA, Citric Acid, Sodium Citrate, Hexylene Glycol, Citrus Aurantium Bergamia (Bergamot) Fruit Extract, Citrus Limon (Lemon) Peel Extract, Lavandula Angustifolia (Lavender) Flower/Leaf/Stem Extract, Phenoxyethanol, Potassium Sorbate, Annatto",16,3649,1.7,0.0,https://www.sephora.com/product/ferulic-retinol-fortifying-neck-emulsion-P403457?icid2=products%20grid:p403457,1.7,44.11764705882353
Perfecting Day Cream Broad Spectrum SPF 30 PA+++,Murad,moisturizing-cream-oils-mists,58.0,"C1215 Alkyl Benzoate, Glycerin, Lactic Acid, Behenyl Alcohol, Isopropyl Palmitate, Octyldodecanol, Dimethyl Isosorbide, Methyl Methacrylate Crosspolymer, Helianthus Annuus (Sunflower) Seed Oil, Sodium Hydroxide, Dimethicone, Glycolic Acid, Propanediol, Beeswax, Cetyl Alcohol, Hydrogenated Lecithin, Palmitic Acid, Butylene Glycol, Ferulic Acid, Ellagic Acid, Gallic Acid, Collagen Amino Acids, Silk Amino Acids, Sodium Hyaluronate, Retinol, Zea Mays (Corn) Silk Extract, Phospholipids, Sphingolipids, Saccharide Isomerate, Leuconostoc/Radish Root Ferment Filtrate, Glycine Soja (Soybean) Oil, Ascorbyl Palmitate, Tocopherol, Urea, Sodium PCA, Mannitol, Citrullus Vulgaris (Watermelon) Fruit Extract, Xanthan Gum, Caprylyl Glycol, Acrylates/Carbamate Copolymer, Caprylic/Capric Triglyceride, Magnesium Aspartate, Zinc Gluconate, Copper Gluconate, Ethylhexylglycerin, Acrylates/C1030 Alkyl Acrylate Crosspolymer, Disodium EDTA, Citric Acid, Sodium Citrate, Hexylene Glycol, Citrus Aurantium Bergamia (Bergamot) Fruit Extract, Citrus Limon (Lemon) Peel Extract, Lavandula Angustifolia (Lavender) Flower/Leaf/Stem Extract, Phenoxyethanol, Potassium Sorbate, Annatto",165,5766,1.7,0.0,https://www.sephora.com/product/perfecting-day-cream-broad-spectrum-spf-30-pa-P4039?icid2=products%20grid:p4039,1.7,34.11764705882353
Essential Balancing Water,Sulwhasoo,moisturizing-cream-oils-mists,58.0,"Alcohol, Betaine, Butylene Glycol, GlyceRyl Polymethacrylate, Glycerin, Peg/Ppg17/6 Copolymer, Glycereth26, Phenoxyethanol, Peg60 Hydrogenated Castor Oil, BisPeg18 Methyl Etherdimethyl Silane, Honey / Mel / Miel, Acrylates/C1030 Alkyl Acrylate CrossPolymer, Nelumbo Nucifera Flower Extract, Polygonatum Officinale RhiZome/Root Extract, Rehmannia Glutinosa Root Extract, Paeonia Albiflora Root Extract, Lilium Candidum Bulb Extract, Ethylhexylglycerin, DiphenylSiloxy Phenyl Trimethicone, Fragrance / Parfum, Portulaca Oleracea ExtRact, Camellia Sinensis Leaf Extract, Potassium Hydroxide, Disodium Edta, Limonene, Biosaccharide Gum1, Glycyrrhiza Uralensis (Licorice) Root ExtRact, Natto Gum, Sodium Hyaluronate, Linalool, Propanediol, Bht, Acetic Acid, Tocopherol, BetaGlucan.",3,611,4.22,0.0,https://www.sephora.com/product/essential-balancing-water-P448918?icid2=products%20grid:p448918,4.22,13.744075829383887
Ultimate Revival Essence,SK-II,moisturizing-cream-oils-mists,305.0,"Galactomyces Ferment Filtrate*, Butylene Glycol, Glycerin, Hydroxyethyl Urea, Pentylene Glycol, Betaine, Centella Asiatica Extract, Saccharomyces Cerevisiae Extract, Sodium Citrate, Triethyl Citrate, Sodium Benzoate, Sorbic Acid, Methylparaben. *Pitera.",8,2221,5.07,0.0,https://www.sephora.com/product/ultimate-revival-essence-P428103?icid2=products%20grid:p428103,5.07,60.15779092702169
Capture Totale Intensive Night Restorative Crème,Dior,moisturizing-cream-oils-mists,175.0,"Aqua (Water), Glycerin, Decyl Oleate, Hydrogenated Palm Kernel Glycerides, Dimethicone, Mangifera Indica (Mango) Seed Butter, Butylene Glycol, Cetyl Alcohol, Pentylene Glycol, Hydrogenated CocoGlycerides, Hydrogenated Polyisobutene, Aluminum Starch Octenylsuccinate, Decyloxazolidinone, Diglycerin, Glyceryl Stearate, Myreth3 Myristate, Peg75 Stearate, Citrus Madurensis Fruit Extract, Alcohol, Polyglycerin3, Phenoxyethanol, Dimethiconol, Stearyl Alcohol, Parfum (Fragrance), Hydrogenated Palm Glycerides, Acrylates/C1030 Alkyl Acrylate Crosspolymer, Ceteth20, Steareth20, Disodium Edta, Tocopheryl Acetate, Xanthan Gum, Sodium Hydroxide, Secale Cereale (Rye) Seed Extract, Faex (Yeast Extract), Decyl Glucoside, Malva Sylvestris (Mallow) Extract, Dimethylmethoxy Chromanol, Adenosine, Sorbitol, Butylphenyl Methylpropional, Hydrolyzed Soy Protein, Sodium Metabisulfite, Sodium Tocopheryl Phosphate, Limonene, Algin, Caprylyl Glycol, Hexylene Glycol, Bht, Aframomum Angustifolium Seed Extract, Polyvinyl Alcohol, Geraniol, Hydrolyzed Rice Protein, Citronellol, AlphaIsomethyl Ionone, Oenothera Biennis (Evening Primrose) Root Extract, Vitis Vinifera (Grape) Seed Extract, Cellulose Gum, Ethylhexylglycerin, Kluyveromyces Extract, Sodium Benzoate, Polygonum Bistorta Root Extract, Tocopherol, Citric Acid, Potassium Sorbate, Hydrogenated Palm Glycerides Citrate.",36,2926,2.1,0.0,https://www.sephora.com/product/capture-totale-intensive-night-restorative-creme-P375354?icid2=products%20grid:p375354,2.1,83.33333333333333
Crème Ancienne®,Fresh,moisturizing-cream-oils-mists,148.0,"Limnanthes Alba (Meadowfoam) Seed Oil, Rosa Damascena Flower Beeswax (Cera Alba), Pentylene Glycol, Corylus Avellana (Hazel) Seed Oil, Ormenis Multicaulis Flower Wax, Sodium Carbonate Decahydrate, Limonene, Citrus Medica Limonum (Lemon) Peel Oil, Osmanthus Fragrans Flower Extract, Anthemis Nobilis Flower Oil, Tocopherol, Citronellol, Geraniol, Citral.",194,11338,0.0,1.0,https://www.sephora.com/product/creme-ancienne-P42592?skuId=683862&icid2=products%20grid:p42592,1.0,148.0
Vinosource Overnight Recovery Oil,Caudalie,moisturizing-cream-oils-mists,50.0,"Caprylic/Capric Triglyceride, Vitis Vinifera (Grape) Seed Oil, Simmondsia Chinensis (Jojoba) Seed Oil*, Sesamum Indicum (Sesame) Seed Oil*, Cymbopogon Martini Oil*, Helianthus Annuus (Sunflower) Seed Oil, Rosa Damascena Flower Oil, Rosmarinus Officinalis (Rosemary) Leaf Extract, Geraniol, Citronellol, Linalool, Citral, Farnesol, Eugenol, Limonene. *Organic Origin.",82,9129,1.0,0.0,https://www.sephora.com/product/vinosource-overnight-recovery-oil-P386734?icid2=products%20grid:p386734,1.0,50.0
Alpha Beta® Exfoliating Moisturizer,Dr. Dennis Gross Skincare,moisturizing-cream-oils-mists,68.0,"Lactic Acid, Glycolic Acid, Squalane, Polyacrylate Crosspolymer6, Methyl Gluceth20, C1519 Alkane, Caprylic/Capric Triglyceride, Glycerin, Propanediol, Potassium Hydroxide, Sodium Hydroxide, Sodium PCA, Malic Acid, Mandelic Acid, Salicylic Acid, Salix Alba (Willow) Bark Extract, Citric Acid, Tartaric Acid, Rehmannia Glutinosa Root Extract, Ceramide NP, Sodium Hyaluronate, Saccharide Isomerate, Jojoba Esters, Bisabolol, Hydroxyethyl Urea, Jasminum Officinale (Jasmine) Flower/Leaf Extract, Cucumis Sativus (Cucumber) Fruit Extract, Pyrus Malus (Apple) Fruit Extract, Rose Extract, Aloe Barbadensis Leaf Juice, Elettaria Cardamomum Seed Extract, Rubus Idaeus (Raspberry) Fruit Extract, Santalum Album (Sandalwood) Wood Extract, Cucumis Melo (Melon) Fruit Extract, Eugenia Caryophyllus (Clove) Flower Extract, Lavandula Angustifolia (Lavender) Flower/Leaf/Stem Extract, Cinnamomum Cassia Bark Extract, Sanguisorba Officinalis Root Extract, Zingiber Officinale (Ginger) Root Extract, Ethylhexyl Palmitate, Tridecane, Isoamyl Laurate, Isohexadecane, Dicaprylyl Ether, Glycereth26 , Ethylhexyl Olivate, Undecane, Butylene Glycol, Dimethicone, Dimethiconol, Ammonium Acryloyldimethyltaurate/VP Copolymer, Caprylyl Glycol, C1315 Alkane , Polymethyl Methacrylate, Polymethylsilsesquioxane, Polysorbate 20, Polysorbate 60, Tetrasodium EDTA, Phenoxyethanol, Titanium Dioxide (Ci 77891), Mica (Ci 77019).",102,5998,2.0,0.0,https://www.sephora.com/product/alpha-beta-r-exfoliating-moisturizer-P428942?icid2=products%20grid:p428942,2.0,34.0
Squalane + Tea Tree Detox Mask,Biossance,moisturizing-cream-oils-mists,39.0,"Montmorollinite, Illite, Squalane, Glycerin, Cetearyl Alcohol, Cetearyl Olivate, Sodium Lauroyl Lactylate, Kaolin, Sorbitan Olivate, Propanediol, Melaleuca Alternafolia (Tea Tree) Leaf Oil, Ocimum Sanctum Leaf Extract, Centella Asiatica Extract, Lavandula Angustifolia (Lavender) Oil, Camellia Sinensis Leaf Powder, Phenoxyethanol, Ethylhexylglycerin, Potassium Sorbate, Sodium Phytate, Linalool.",276,12120,2.53,0.0,https://www.sephora.com/product/squalane-tea-tree-detox-mask-P442550?icid2=products%20grid:p442550,2.53,15.415019762845851
Green Tea Seed Intensive Hydrating Cream,innisfree,moisturizing-cream-oils-mists,24.0,"Water / Aqua / Eau, Propanediol, Glycerin, Methyl Trimethicone, Stearyl Dimethicone, Butylene Glycol Dicaprylate/Dicaprate, Pentaerythrityl Tetraethylhexanoate, Camellia Sinensis Seed Oil, Polymethylsilsesquioxane, Glyceryl Polymethacrylate, 1,2Hexanediol, Octadecene, Hydroxyethyl Acrylate/Sodium Acryloyldimethyl Taurate Copolymer, Polyglyceryl3 Methylglucose Distearate, Glyceryl Stearate, Hydrogenated Lecithin, Cholesterol, Carbomer, Fragrance / Parfum, Tromethamine, Cetearyl Alcohol, Panthenol, Xanthan Gum, Glyceryl Caprylate, Sodium Stearoyl Glutamate, Disodium Edta, Ethylhexylglycerin, Sorbitan Isostearate, Camellia Sinensis Leaf Extract, Sodium Hyaluronate, Dextrin, Theobroma Cacao (Cocoa) Extract, Tocopherol.",18,3282,1.69,0.0,https://www.sephora.com/product/green-tea-seed-intensive-hydrating-cream-P449850?icid2=products%20grid:p449850,1.69,14.201183431952662
B. Well Organic + Australian 100% Tea Tree Oil,Briogeo,moisturizing-cream-oils-mists,32.0,100% Organic Melaleuca Alternifolia (Tea Tree) Leaf Oil.,129,12577,0.0,0.0,https://www.sephora.com/product/b-well-organic-australian-100-tea-tree-oil-P440274?icid2=products%20grid:p440274,2.0673014048531417,15.479116845215533
Clinique Smart Clinical™ MD Multi-Dimensional Age Transformer Duo Resculpt + Revolumize,CLINIQUE,moisturizing-cream-oils-mists,69.0,"Water\Aqua\Eau, Butylene Glycol, Butyrospermum Parkii (Shea Butter), Cetearyl Alcohol, Hydrogenated Polyisobutene, Phenyl Trimethicone, Sucrose, Glycerin, Polyglyceryl3 Beeswax, Cetyl Esters, Isostearyl Neopentanoate, Peg100 Stearate, Hdi/Trimethylol Hexyllactone Crosspolymer, Cetearyl Glucoside, Acetyl Glucosamine, Sigesbeckia Orientalis (St. Paul'S Wort) Extract, Yeast Extract\Faex\Extrait De Levure, Methyl Glucose Sesquistearate, Centaurium Erythraea (Centaury) Extract, Micrococcus Lysate, Polysilicone11, Acetyl Octapeptide3, Acetyl Hexapeptide8, Ergothioneine, Biotin, Whey Protein\Lactis Protein\Protéine Du PetitLait, Ursolic Acid, Dipeptide Diaminobutyroyl Benzylamide Diacetate, Glycine Soja (Soybean) Protein, Tocopheryl Acetate, Camellia Sinensis Leaf Extract, Isoleucine, Saccharomyces Ferment Filtrate, Leucine, Soy Amino Acids, Carbomer, Polymethyl Methacrylate, Hydroxyethyl Urea, Caffeine, Caprylyl Glycol, Pyrus Malus (Apple) Fruit Extract, Polybutene, Hydrolyzed Soy Protein, Dimethicone, Sodium Hyaluronate, Linoleic Acid, Stearic Acid, Aminomethyl Propanol, Adenosine Phosphate, Acetyl Carnitine Hcl, Creatine, Menthanediol, Lecithin, Aminopropyl Ascorbyl Phosphate, Silica, 1,2Hexanediol, Calcium Chloride, Hydroxyethylcellulose, Sodium Citrate, Citric Acid, Disodium Edta, Potassium Sorbate, Bht, Sodium Benzoate, Sodium Dehydroacetate, Phenoxyethanol, Ext. Violet 2 (Ci 60730), Red 33 (Ci 17200). </iln46469>",3,1053,1.7,0.0,https://www.sephora.com/product/clinique-smart-clinical-md-multi-dimensional-age-transformer-duo-resculpt-revolumize-P448565?icid2=products%20grid:p448565,1.7,40.588235294117645
Santal Face Treatment Oil,Clarins,moisturizing-cream-oils-mists,60.0,"Corylus Avellana (Hazel) Seed Oil, Santalum Album (Santal Wood) Oil, Elettaria Cardamomum Seed Oil, Carum Petroselinum (Parsley) Seed Oil, Lavandula Angustifolia (Lavendar) Oil, Fragrance, Linalool, Limonene, AlphaIsomethyl Ionine, Citral.",18,5132,1.0,0.0,https://www.sephora.com/product/santal-face-treatment-oil-P392522?icid2=products%20grid:p392522,1.0,60.0
Ultimate Miracle Worker Night,philosophy,moisturizing-cream-oils-mists,80.0,"Glycerin, Prunus Armeniaca (Apricot) Kernel Oil, Propanediol, Pentylene Glycol, Phenoxyethanol, Alumina, Iris Pallida Root Extract, Hydroxyethylpiperazine Ethane Sulfonic Acid, Silica, Xanthan Gum, Algin, Synthetic Fluorphlogopite, Bht, Sodium Hydroxide, Helianthus Annuus (Sunflower) Seed Oil, Sodium Lauryl Sulfate, Sodium Hyaluronate, Tocopherol, BetaSitosterol, Squalene, Titanium Dioxide (Ci 77891), Iron Oxide (Ci 77491).",65,4322,1.7,0.0,https://www.sephora.com/product/ultimate-miracle-worker-night-P399112?icid2=products%20grid:p399112,1.7,47.05882352941177
No. 4 Vanilla Silk Hydrating Lotion,Edible Beauty,moisturizing-cream-oils-mists,47.0,"Organic Cocos Nucifera (Coconut) Oil, Cetearyl Olivate, Organic Camellia Oleifera (Camellia) Seed Oil, Sorbitan Olivate, Theobroma Cacao (Cocoa Butter), Organic Vaccinium Macrocarpon (Cranberry) Extract, Organic Althaea Officinalis (Marshmallow) Extract, Organic Helianthus Annuus (Sunflower) Seed Oil, Butyrospermum Parkii (Shea Butter), Sodium Levulinate, Sodium Anisate, Rubus Idaeus (Black Raspberry) Seed Oil, Hibiscus Sabdariffa, Capryloyl Glycerin Sebacic Acid, Glyceryl Caprylate, Organic Acronychia Acidula (Lemon Aspen), Organic Davidsonia Pruriens (Davidson Plum) Extract, Sclerotium Gum, Tocopherol (Vitamin E), Vanilla Planifolia (Vanilla) Oleoresin, Litsea Cubeba (Litsea) Oil.",120,2812,1.7,0.0,https://www.sephora.com/product/no-4-vanilla-silk-hydrating-lotion-P428643?icid2=products%20grid:p428643,1.7,27.647058823529413
POWER Recharging Night Pressed Serum,Algenist,moisturizing-cream-oils-mists,95.0,"Cocos Nucifera (Coconut) Water (Aqua, Eau), Dimethicone, Glycerin, Methyl Trimethicone, Butylene Glycol, Ceresin, Cyclopentasiloxane, Ozokerite, Parachlorella Beijerinckii Exopolysaccharides, Chlorella Protothecoides, Algin, Hydrolyzed FFucoidan, Tripleurospermum Maritimum Extract, Camellia Sinensis Leaf Extract, Palmitoyl Hexapeptide52, Passiflora Incarnata Extract, Ribose, Collagen, Bidens Pilosa Extract, Linum Usitatissimum (Linseed) Seed Oil, Adenosine, Elaeis Guineensis (Palm) Oil, Gossypium Herbaceum (Cotton) Seed Oil, Tocopherol, Biosaccharide Gum4, AlphaGlucan Oligosaccharide, BHT, Citric Acid, Leuconostoc/Radish Root Ferment Filtrate, Dimethicone/Vinyl Dimethicone Crosspolymer, Dimethicone/PEG10/15 Crosspolymer, Dipropylene Glycol, Sodium Chloride, Lauryl PEG9 Polydimethylsiloxyethyl Dimethicone, Propanediol, Sodium Citrate, Caprylyl Glycol, Chlorphenesin, Potassium Sorbate, Sodium Benzoate, Benzyl Alcohol, Dehydroacetic Acid, Phenoxyethanol, Fragrance (Parfum), Butylphenyl Methylpropional, Hexyl Cinnamal.",182,8595,2.0,0.0,https://www.sephora.com/product/power-recharging-night-pressed-serum-P416552?icid2=products%20grid:p416552,2.0,47.5
Hope In A Jar,philosophy,moisturizing-cream-oils-mists,39.0,"Cocos Nucifera (Coconut) Water (Aqua, Eau), Dimethicone, Glycerin, Methyl Trimethicone, Butylene Glycol, Ceresin, Cyclopentasiloxane, Ozokerite, Parachlorella Beijerinckii Exopolysaccharides, Chlorella Protothecoides, Algin, Hydrolyzed FFucoidan, Tripleurospermum Maritimum Extract, Camellia Sinensis Leaf Extract, Palmitoyl Hexapeptide52, Passiflora Incarnata Extract, Ribose, Collagen, Bidens Pilosa Extract, Linum Usitatissimum (Linseed) Seed Oil, Adenosine, Elaeis Guineensis (Palm) Oil, Gossypium Herbaceum (Cotton) Seed Oil, Tocopherol, Biosaccharide Gum4, AlphaGlucan Oligosaccharide, BHT, Citric Acid, Leuconostoc/Radish Root Ferment Filtrate, Dimethicone/Vinyl Dimethicone Crosspolymer, Dimethicone/PEG10/15 Crosspolymer, Dipropylene Glycol, Sodium Chloride, Lauryl PEG9 Polydimethylsiloxyethyl Dimethicone, Propanediol, Sodium Citrate, Caprylyl Glycol, Chlorphenesin, Potassium Sorbate, Sodium Benzoate, Benzyl Alcohol, Dehydroacetic Acid, Phenoxyethanol, Fragrance (Parfum), Butylphenyl Methylpropional, Hexyl Cinnamal.",6000,34190,0.0,2.0,https://www.sephora.com/product/hope-in-a-jar-P4633?icid2=products%20grid:p4633,2.0,19.5
Umbrian Clay Oil-Free Lotion,Fresh,moisturizing-cream-oils-mists,38.0,"Caprylic/Capric/ Succinic Triglyceride, C1215 Alkyl Benzoate, Butylene Glycol, Steareth21, Glycerin, Fuller's Earth (Solum Fullonum), Polyacrylamide, Rosa Damascena Flower Cucumis Sativus (Cucumber) Fruit Extract, Olea Europaea (Olive) Fruit Extract, Porphyridium Cruentum Extract, Camellia Sinensis Leaf Extract, Spiraea Ulmaria Flower Extract, Malva Sylvestris (Mallow) Extract, Fagus Sylvatica Extract, Manganese Gluconate, Sea Water (Maris Aqua), Retinyl Palmitate, Tocopheryl Acetate, Tocopherol, Lavandula Angustifolia (Lavender) Flower Beeswax (Cera Alba), Xanthan Gum, Steareth2, Phenoxyethanol, Acrylates/C1030 Alkyl Acrylate Crosspolymer, Chlorphenesin, Disodium EDTA, Caprylic/Capric Triglyceride, Laureth7, Propylene Glycol, Ascorbyl Tetraisopalmitate, C1314 Isoparaffin, Geraniol, Citronellol, Linalool, Methylparaben, Propylparaben, Butylparaben, Ethylparaben, Isobutylparaben, BHT.",307,11145,1.7,0.0,https://www.sephora.com/product/umbrian-clay-oil-free-lotion-P185408?icid2=products%20grid:p185408,1.7,22.35294117647059
Blue Orchid Face Treatment Oil,Clarins,moisturizing-cream-oils-mists,60.0,"Caprylic/Capric/ Succinic Triglyceride, C1215 Alkyl Benzoate, Butylene Glycol, Steareth21, Glycerin, Fuller's Earth (Solum Fullonum), Polyacrylamide, Rosa Damascena Flower Cucumis Sativus (Cucumber) Fruit Extract, Olea Europaea (Olive) Fruit Extract, Porphyridium Cruentum Extract, Camellia Sinensis Leaf Extract, Spiraea Ulmaria Flower Extract, Malva Sylvestris (Mallow) Extract, Fagus Sylvatica Extract, Manganese Gluconate, Sea Water (Maris Aqua), Retinyl Palmitate, Tocopheryl Acetate, Tocopherol, Lavandula Angustifolia (Lavender) Flower Beeswax (Cera Alba), Xanthan Gum, Steareth2, Phenoxyethanol, Acrylates/C1030 Alkyl Acrylate Crosspolymer, Chlorphenesin, Disodium EDTA, Caprylic/Capric Triglyceride, Laureth7, Propylene Glycol, Ascorbyl Tetraisopalmitate, C1314 Isoparaffin, Geraniol, Citronellol, Linalool, Methylparaben, Propylparaben, Butylparaben, Ethylparaben, Isobutylparaben, BHT.",70,6830,1.0,0.0,https://www.sephora.com/product/blue-orchid-face-treatment-oil-P392004?icid2=products%20grid:p392004,1.0,60.0
Rose Hibiscus Hydrating Mist,Herbivore,moisturizing-cream-oils-mists,32.0,"Aloe Barbadensis Leaf Rosa Damascena Flower Leuconostoc/Radish Root Ferment Filtrate, Glycerin, Sodium Hyaluronate, Sodium Phytate, Cocos Nucifera (Coconut) Fruit Powder, Hibiscus Sabdariffa Flower Extract, Melia Azadirachta Leaf Extract, Melia Azadirachta Flower Extract, Coccinia Indica Fruit Extract.",20,2152,4.0,0.0,https://www.sephora.com/product/rose-hibiscus-hydrating-mist-P452004?icid2=products%20grid:p452004,4.0,8.0
Brumisateur® Natural Mineral Water Facial Spray,Evian,moisturizing-cream-oils-mists,13.5,"Pure, Natural evian® Mineral Water: Propelled by safe nitrogen (the air we breathe is 80 percent nitrogen) with a neutral 7.2 ph.",353,21717,0.0,5.0,https://www.sephora.com/product/mineral-water-spray-P2043?icid2=products%20grid:p2043,5.0,2.7
Calming Sleeping Mask with Melatonin & Wild Dandelion,alpyn beauty,moisturizing-cream-oils-mists,68.0,"Glycerin, Cetearyl Alcohol, Brassicyl Isoleucinate Esylate, Prunus Amygdalus Dulcis (Sweet Almond) Oil*, Helianthus Annuus (Sunflower) Seed Oil*, Aloe Barbadensis Leaf Juice, Brassica Alcohol, Glyceryl Stearate, Bakuchiol, Melatonin, Taraxacum Officinale (Dandelion) Extract, Vaccinium Membranaceum Extract (Huckleberry), Prunus Virginiana Extract (Choke Cherry), Chamomillia Recutita (Matricaria) Flower Extract, Arnica Montana Extract (Arnica), Borago Officinalis Extract (Borage), Salvia Officinalis (Sage) Leaf Extract, Calendula Officinalis Flower Extract (Calendula), Arctostaphylos UvaUrsi Leaf Extract, Salix Alba (Willow) Bark Extract, Lactic Acid, Colloidal Oatmeal, Squalane, Caprylhydroxamic Acid, Citrus Aurantium Bergamia (Bergamot) Fruit Oil, Arginine, Caprylyl Glycol, Oleyl Lactate, Lavandula Angustifolia (Lavender) Oil, Sodium Hyaluronate, Butyrospermum Parkii (Shea) Butter, Mangifera Indica (Mango) Seed Butter, Simmondsia Chinensis (Jojoba) Seed Oil, Centella Asiatica Extract (Gotu Kola), Hydrolyzed Gardenia Florida Extract, Maltodextrin, Valeriana Officinalis Root Extract (Valerian), Propanediol, Chlorella Vulgaris Extract, Tasmannia Lanceolata Fruit/Leaf Extract.",33,660,2.0,0.0,https://www.sephora.com/product/alpyn-beauty-calming-sleeping-mask-with-melatonin-wild-dandelion-P455615?icid2=products%20grid:p455615,2.0,34.0
Armani Prima Color Control Glow Moisturizer,Armani Beauty,moisturizing-cream-oils-mists,55.0,"Dimethicone, Glycerin, Ethylhexyl Methoxycinnamate, Alcohol Denat., Isododecane, Peg10 Dimethicone, Dipropylene Glycol, Titanium Dioxide, Pentylene Glycol, Disteardimonium Hectorite, Betaine, Talc, Diisostearyl Malate, Tocopheryl Acetate, Macadamia Ternifolia Seed Oil, Phenoxyethanol, Adenosine, Magnesium Sulfate, Magnesium Aspartate, Ethylhexyl Hydroxystearate, Ethyl Menthane Carboxamide, Silica, Dimethiconol, Dimethicone/Vinyl Dimethicone Crosspolymer, Simmondsia Chinensis Oil / Jojoba Seed Oil, Limonene, Zinc Gluconate, Linalool, Benzyl Alcohol, Copper Gluconate, Fragrance, Coriandrum Sativum Oil / Coriander Fruit Oil, Moringa Pterygosperma Seed Extract, Passiflora Edulis Oil / Passiflora Edulis Seed Oil, Disodium Stearoyl Glutamate, Methicone, Prunus Armeniaca Kernel Oil / Apricot Kernel Oil, Aluminum Starch Octenylsuccinate, Alumina, Aluminum Hydroxide. May Contain: Ci 77891 / Titanium Dioxide, Ci 77491, Ci 77492, Ci 77499 / Iron Oxides, Ci 77163 / Bismuth Oxychloride, Ci 45410 / Red 28 Lake.",15,4088,1.0,0.0,https://www.sephora.com/product/armani-prima-color-control-glow-moisturizer-P446863?skuId=2078574&icid2=products%20grid:p446863,1.0,55.0
V-Cense™ Revitalising Night Cream,REN Clean Skincare,moisturizing-cream-oils-mists,58.0,"Anthemis Nobilis (Chamomile) Flower Caprylic/Capric Triglyceride (Source Coconut Oil), Cetearyl Alcohol (Source Coconut Oil), Myristyl Myristate (Source Coconut Oil), Cetearyl Octanoate (Source Coconut Oil), Glycerin (Source Coconut Oil), Citrus Aurantium Dulcis  (Orange) Fruit Extract, Camellia Oleifera Seed Oil, Butyospermum Parkii (Shea) Butter, Cetearyl Glucoside (Source Corn), Triticum Vulgare (Wheat) Germ Oil, Lauryl Laurate (Source Coconut Oil), Triheptanoin (Source Coconut Oil), Oryzanol (Source Rice),  Phenoxyethanol (Source Aromatic Ether), Carbomer (Source Polymer), Sodium Hydroxymethylglycinate (Source Amino Acids), Boswellia Carterii Oil, Limonene,  Boswellia Serrata Extract, Daucus Carota Sativa (Carrot) Root Extract, Helianthus Annuus (Sunflower) Seed Oil, Beta Carotene, Citrus Grandis (Grapefruit) Seed Extract, Tocopherol (Vitamin E).",275,6612,1.7,0.0,https://www.sephora.com/product/v-cense-revitalising-night-cream-P174631?icid2=products%20grid:p174631,1.7,34.11764705882353
Moisture Surge Face Spray,CLINIQUE,moisturizing-cream-oils-mists,26.0,"Dipropylene Glycol , Butylene Glycol , Glycerin , Aloe Barbadensis Leaf Centella Asiatica (Hydrocotyl) Extract , Saccharomyces Lysate Extract , Yeast Extract/Faex/Extrait De Levure , Caffeine , Anthemis Nobilis (Chamomile) , Trehalose , Tocopheryl Acetate , Sucrose , Sorbitol , Disodium Edta , Potassium Sorbate , Chlorphenesin , Phenoxyethanol <iln28954></iln28954>",257,19985,4.2,0.0,https://www.sephora.com/product/moisture-surge-face-spray-P378866?icid2=products%20grid:p378866,4.2,6.19047619047619
Hydra Zen Anti-Stress Moisturizing Face Cream,Lancôme,moisturizing-cream-oils-mists,48.0,"Aqua/Glycerin, Dimethicone, Isononyl Isononanoate, Butylene Glycol, Cetyl Alcohol, Stearyl Dimethicone, Glyceryl Stearate, Stearic Acid, Stearyl Alcohol, Peg8 Stearate, Synthetic Wax, Ci 14700/Red 4, Sodium Dextran Sulfate, Sodium Hydroxide, Phenoxyethanol, Theobroma Cacao Extract/Cocoa Extract, Paeonia Suffruticosa Extract/Paeonia Suffruticosa Root Extract, Peg100 Stearate, Eugenol, Ophiopogon Japonicus Root Extract, Ethylparaben, Palmitic Acid, Silica, Ammonium Polyacryldimethyltauramide/Ammonium Polyacryloyldimethyl Taurate, Dimethiconol, Limonene, Benzyl Alcohol, Benzyl Benzoate, Caprylyl Glycol, AlphaIsomethyl Ionone, Moringa Pterygosperma Seed Extract, Disodium Edta, Jasminum Officinale Extract/Jasmine Flower Extract, Rosa Gallica Extract/Rosa Gallica Flower Extract, Methylparaben, Citronellol, Alteromonas Ferment Extract, Parfum/Fragrance, Ethylhexylglycerin.",63,2222,1.7,0.0,https://www.sephora.com/product/hydra-zen-anti-stress-moisturizing-face-cream-P422428?icid2=products%20grid:p422428,1.7,28.235294117647058
Extra-Firming Wrinkle Control Regenerating Night Cream,Clarins,moisturizing-cream-oils-mists,93.0,"Caprylic/Capric Triglyceride, Cetearyl Isononanoate,Glycerin, Dicaprylyl Carbonate, Cetearyl Alcohol, Hydrogenated CocoGlycerides,Butyrospermum Parkii (Shea) Butter, Glyceryl Stearate, Peg100 Stearate, Propanediol,Hydroxyethyl Acrylate/Sodium Acryloyldimethyl Taurate Copolymer, Cetearyl Glucoside,Phenoxyethanol, Caprylyl Glycol, Parfum/Fragrance, Disodium Edta, Ethylhexylglycerin,Tocopheryl Acetate, Caprylhydroxamic Acid, Anigozanthos Flavidus Extract, Betaine,Sorbitol, Butylene Glycol, Diospyros Mespiliformis Leaf Extract, Maltodextrin,Tromethamine, Sanicula Europaea Extract, Kalanchoe Pinnata Leaf Extract, Balanites Roxburghii Seed Oil, Mitracarpus Scaber Extract, Sodium Benzoate, Citric Acid,Hydrated Silica, Lapsana Communis Flower/Leaf/Stem Extract, Furcellaria Lumbricalis Extract, Potassium Sorbate, Maris Sal/Sea Salt/Sel Marin.",5,2308,1.6,0.0,https://www.sephora.com/product/extra-firming-night-P429504?icid2=products%20grid:p429504,1.6,58.125
Epic Moisture™ MP10™ Nourishing Oil,Jack Black,moisturizing-cream-oils-mists,35.0,*Certified organic,123,4664,2.0,0.0,https://www.sephora.com/product/epic-moisture-mp10-nourishing-oil-P379573?icid2=products%20grid:p379573,2.0,17.5
Max Sheer All Day Moisture Defense Lotion SPF 30 Sunscreen Lotion,Peter Thomas Roth,moisturizing-cream-oils-mists,42.0,"Propylene Glycol, Glyceryl Stearate, Peg100 Stearate, C1215 Alkyl Benzoate, Caprylic/Capric Triglyceride, Palmitic Acid, Phenoxyethanol, Stearic Acid, Triethanolamine, Bentonite, Carbomer, Dimethicone, Allantoin, Peg8 Dimethicone, Aloe Barbadensis Leaf Juice, Cetyl Alcohol, Panthenol, Aluminum Starch Octenylsuccinate, Tetrasodium Edta, Myristic Acid, Potassium Sorbate, Sodium Benzoate, Arachidic Acid, Lauric Acid, Ascorbic Acid, Octyldodecanol, Retinyl Palmitate, Silica, Sodium Propoxyhydroxypropyl Thiosulfate Silica, Tocopheryl Acetate, Ceramide Np, Butylene Glycol, Ginkgo Biloba Leaf Extract, Butyl Acetate.",510,7220,1.7,0.0,https://www.sephora.com/product/max-sheer-all-day-moisture-defense-lotion-spf-30-sunscreen-lotion-P6563?icid2=products%20grid:p6563,1.7,24.705882352941178
Repairwear Laser Focus Night Line Smoothing Cream for Very Dry to Dry Combination Skin,CLINIQUE,moisturizing-cream-oils-mists,53.0,"Pentaerythrityl Tetraethylhexanoate , Butylene Glycol , Hexyldecyl Stearate , Simmondsia Chinensis (Jojoba) Seed Oil , Glyceryl Stearate , Glycerin , Peg100 Stearate , Hydrogenated Lecithin , Cetearyl Alcohol , Dimethicone , Behenyl Alcohol , Cetyl Ricinoleate , Aspalathus Linearis (Red Tea) Leaf Extract , Camellia Sinensis (Yellow Tea) Leaf Extract , Camellia Sinensis (White Tea) Leaf Extract , Scutellaria Baicalensis Root Extract , Betula Alba (Birch) Bark Extract , Centella Asiatica (Hydrocotyl) Extract , Morus Bombycis (Mulberry) Root Extract , Sodium Dna , Saccharomyces Lysate Extract , Astrocaryum Murumuru Seed Butter , Micrococcus Lysate , Polygonum Cuspidatum Root Extract , Hydrolyzed Rice Extract , Coffea Robusta Seed Extract , Triticum Vulgare (Wheat) Germ Extract , Padina Pavonica Thallus Extract , Rosmarinus Officinalis (Rosemary) Leaf Extract , Sigesbeckia Orientalis (St. Paul'S Wort) Extract , Hordeum Vulgare (Barley) Extract/Extrait D'Orge , Algae Extract , Acetyl Hexapeptide8 , Betaine , Creatine , Trehalose , Caffeine , Cholesterol , Squalane , Arginine , Decarboxy Carnosine Hcl , Artemia Extract , Adenosine Phosphate , Hydroxyproline , Disodium Nadh , Ethylhexyl Stearate , Sucrose , Proline , Phytosphingosine , Propylene Glycol Dicaprate , Ethylhexyl Palmitate , Laurdimonium Hydroxypropyl Hydrolyzed Soy Protein , Acrylates Copolymer , Petrolatum , Caprylyl Glycol , Sorbitol , Acrylamide/Sodium Acryloyldimethyltaurate Copolymer , Sodium Rna , Cetearyl Glucoside , Isohexadecane , Acrylates/C1030 Alkyl Acrylate Crosspolymer , Linoleic Acid , Tocopheryl Acetate , Tromethamine , Dipalmitoyl Hydroxyproline , Sodium Hyaluronate , Yeast Extract/Faex/Extrait De Levure , Polysorbate 80 , Coleus Barbatus Extract , Glycine Soja (Soybean) Protein , Lecithin , Glycine , Aminopropyl Ascorbyl Phosphate , Carbomer , Nordihydroguaiaretic Acid , Ascorbyl Tocopheryl Maleate , Xanthan Gum , Citric Acid , Hexylene Glycol , Potassium Sulfate , Potassium Sorbate , Disodium Edta , Phenoxyethanol <iln41712></iln41712>",16,3971,1.7,0.0,https://www.sephora.com/product/repairwear-laser-focus-night-line-smoothing-cream-for-very-dry-to-dry-combination-skin-P404327?icid2=products%20grid:p404327,1.7,31.176470588235293
Resilience Multi-Effect Night Tri-Peptide Face and Neck Creme,Estée Lauder,moisturizing-cream-oils-mists,98.0,"Water\Aqua\Eau , Caprylic/Capric/Myristic/Stearic Triglyceride , Petrolatum , Hexyldecyl Stearate , Butylene Glycol , Dimethicone , Glycereth26 , Peg100 Stearate , Cetearyl Alcohol , Glyceryl Stearate , Propanediol , Narcissus Tazetta Bulb Extract , Cucumis Sativus (Cucumber) Fruit Extract , Mimosa Tenuiflora Bark Extract , Hordeum Vulgare (Barley) Extract\Extrait D'Orge , Cucumis Melo (Melon) Fruit Extract , Persea Gratissima (Avocado) Oil , Whey Protein\Lactis Protein\Proteine Du PetitLait , Caffeine , Thermus Thermophillus Ferment , Algae Extract , Laminaria Digitata Extract , Artemia Extract , Acetyl Hexapeptide8 , Polygonum Cuspidatum Root Extract , Ergothioneine , Trifluoroacetyl Tripeptide2 , Trehalose , Sorbitol , Glycerin , Decarboxy Carnosine Hcl , Cholesterol , Isohexadecane , Acetyl Glucosamine , Myristyl Myristate , Cetearyl Glucoside , Tetradecyl Aminobutyroylvalylaminobutyric Urea Trifluoroacetate , Propylene Glycol Dicaprylate , Aminopropyl Ascorbyl Phosphate , Caprylyl Glycol , Acrylates/C1030 Alkyl Acrylate Crosspolymer , Caprylic/Capric Triglyceride , Tocopheryl Acetate , Linoleic Acid , Polysorbate 80 , Yeast Extract\Faex\Extrait De Levure , Propylene Glycol Dicaprate , Zinc Pca , Helianthus Annuus (Sunflower) Seedcake , Hexylene Glycol , Acrylamide/Sodium Acryloyldimethyltaurate Copolymer , Sodium Hyaluronate , Myristyl Alcohol , Tromethamine , Stearic Acid , Potassium Sulfate , Pentaerythrityl TetraDiTButyl Hydroxyhydrocinnamate , Citric Acid , Maltodextrin , Aluminum Hydroxide , Fragrance (Parfum) , Potassium Sorbate , Dextran , Disodium Edta , Bht , Phenoxyethanol , Blue 1 (Ci 42090) , Red 33 (Ci 17200) , Titanium Dioxide (Ci 77891).",15,2126,1.7,0.0,https://www.sephora.com/product/resilience-lift-night-lifting-firming-fack-neck-creme-P422649?icid2=products%20grid:p422649,1.7,57.64705882352941
Barrier+ Triple Lipid-Peptide Lotion,Skinfix,moisturizing-cream-oils-mists,38.0,"Dicaprylyl Carbonate, Caprylic/Capric Triglyceride, Glycerin, Propanediol, Caprylyl Caprylate/Caprate, Jojoba Oil/Macadamia Seed Oil Esters, Behenyl Alcohol, Glyceryl Stearate, Butyrospermum Parkii (Shea) Butter, Lecithin, Stearyl Alcohol, Nylon11, Dicaprylyl Ether, Sodium Hyaluronate, Oryza Sativa (Rice) Bran Extract, Glycine Soja (Soybean) Seed Extract, Squalene, Hydrolyzed Rice Protein, Hydrogenated Vegetable Oil, Glycine Soja (Soybean) Sterols, Phytosteryl Canola Glycerides, Chondrus Crispus Extract, Phytosteryl Macadamiate, Phytosterols, Aloe Barbadensis Leaf Juice, Rosmarinus Officinalis (Rosemary) Leaf Extract, Helianthus Annuus (Sunflower) Extract, Ethylhexylglycerin, Tocopherol, Dilinoleic Acid/Propanediol Copolymer, Pentylene Glycol, Trisodium Ethylenediamine Disuccinate, Gluconolactone, Sodium Benzoate, Xanthan Gum, Phenoxyethanol, Potassium Sorbate, Citric Acid.",18,2489,1.7,0.0,https://www.sephora.com/product/barrier-lipid-peptide-lotion-P442839?icid2=products%20grid:p442839,1.7,22.35294117647059
Facial Fuel Sunscreen Broad Spectrum SPF 20,Kiehl's Since 1851,moisturizing-cream-oils-mists,35.0,"Glycerin, Dimethicone, Alcohol Denat., Tocopherol, Aloe Barbadensis Leaf Juice,Phenoxyethanol, Sodium Hydroxide, Caprylyl Glycol, Sodium Polyacrylate, Fragrance,Acrylates/C1030 Alkyl Acrylate Crosspolymer, Ascorbyl Glucoside, Caffeine, SodiumHyaluronate, Xanthan Gum, Menthyl Lactate, Disodium Edta, Limonene, Ceramide Np,Castanea Sativa (Chestnut) Seed Extract, Pentylene Glycol,Hydrolyzed Soy Protein, Linalool, Citric Acid, Potassium Sorbate,Citral, Sodium Benzoate, Ethylhexylglycerin.",4,528,0.0,4.2,https://www.sephora.com/product/facial-fuel-daily-energizing-moisture-treatment-sunscreen-broad-spectrum-spf-15-P439414?icid2=products%20grid:p439414,4.2,8.333333333333332
Ultra Repair BarriAIR Cream,First Aid Beauty,moisturizing-cream-oils-mists,30.0,"Glycerin, Propanediol, Cetyl Ethylhexanoate, Caprylic/Capric Triglyceride, Polymethyl Methacrylate, Oxygen, Ceramide NG, Linoleic Acid, Linolenic Acid, Glycyrrhiza Glabra (Licorice) Root Extract, Chrysanthemum Parthenium (Feverfew) Extract, Camellia Sinensis Leaf Extract, Sodium Hyaluronate, Tocopherol, Colloidal Oatmeal, Caprylyl Glycol, Hydrolyzed Yeast Extract, Cetyl Hydroxyethylcellulose, Cholesterol, Polyglucuronic Acid, Cetyl Alcohol, Sodium Polyacrylate Starch, Stearic Acid, Dipropylene Glycol, Sodium Acrylate/Sodium Acryloyldimethyl Taurate Copolymer, Glyceryl Stearate, Sodium Polyacrylate, Polypropylene, Polysorbate 80, Steareth30, Lecithin, Ethylhexylglycerin, Leuconostoc/Radish Root Ferment Filtrate, Phenoxyethanol, Perfluorohexane, Chlorphenesin, Perfluoromethylcyclopentane, Sodium Benzoate, Potassium Sorbate.",345,13976,1.7,0.0,https://www.sephora.com/product/ultra-repair-barriair-cream-P437995?icid2=products%20grid:p437995,1.7,17.647058823529413
Hydrating Hyaluronic Acid Floral Essence,Tata Harper,moisturizing-cream-oils-mists,72.0,"Hordeum Vulgare Leaf Juice*, Citrus Aurantium Amara (Neroli) Distillate, Lavandula Angustifolia (Lavender) Flower/Leaf/Stem Water*, Rosa Damascena Flower Water*, Leuconostoc Ferment Filtrate, Propanediol, Sodium Hyaluronate, Calcium Ketogluconate, Anigozanthos Flavidus Extract, Banksia Serrata Flower Extract, Grevillea Speciosa Flower Extract, Saccharide Isomerate, Beet Root Extract, Glycerin, Sodium Phytate, Citric Acid, Phenethyl Alcohol, Sodium Citrate, Hydrolyzed Corn Starch, Alcohol. *Ingredients from organic farming.",77,8872,0.0,1.7,https://www.sephora.com/product/hydrating-floral-essence-P379705?icid2=products%20grid:p379705,1.7,42.35294117647059
Perfect Cleansing Oil,Shiseido,moisturizing-cream-oils-mists,35.0,"Mineral Oil (Paraffinum Liquidum/Huile Minerale), Peg8 Glyceryl Isostearate, Cetyl Ethylhexanoate, Isododecane, Isostearic Acid, Glycerin, Alcohol Denat., Fragrance, Vitis Vinifera (Grape) Seed Oil, Bht, Tocopherol.",98,10205,0.0,6.0,https://www.sephora.com/product/perfect-cleansing-oil-P388545?icid2=products%20grid:p388545,6.0,5.833333333333333
Clinique iD™:  Moisturizer + Concentrate for Uneven Skin Tone,CLINIQUE,moisturizing-cream-oils-mists,39.0,"BisPeg18 Methyl Ether Dimethyl Silane, Butylene Glycol, Glycerin, Cucumis Sativus (Cucumber) Fruit Extract, Hypnea Musciformis (Algae) Extract, Gelidiella Acerosa Extract, Hordeum Vulgare (Barley) Extract, Padina Pavonica Thallus Extract, Helianthus Annuus (Sunflower) Seedcake, Sucrose, Caffeine, Sodium Hyaluronate, Hydroxyethyl Urea, Hydrolyzed Rice Extract, Sorbitol, Sodium Polyaspartate, Ppg6Decyltetradeceth30, Ethylhexylglycerin, Propylene Glycol Dicaprate, Caprylyl Glycol, Trehalose, Polysorbate 80, Carbomer, Sodium Hydroxide, Hexylene Glycol, Citric Acid, Sodium Citrate, Disodium EDTA, Phenoxyethanol.",7,516,4.2,0.0,https://www.sephora.com/product/clinique-id-your-custom-blend-hydrator-for-uneven-skintone-P439647?icid2=products%20grid:p439647,4.2,9.285714285714285
Age Arrest Anti-Wrinkle Cream,Kate Somerville,moisturizing-cream-oils-mists,90.0,"Neopentyl Glycol Diheptanoate, Caprylic/Capric Triglycerides, Cetearyl Alcohol, Cocoglycerides, Propanediol, Glycerin, Cetyl Esters, Dimethicone, Tridecyl Neopentanoate, Stearyl Alcohol, Glyceryl Stearate, Ergothioneine, Panthenol, Tocopheryl Acetate, Palmitoyl Dipeptide10, Kappaphycus Alvarezii Extract, Tocopherol, Tocotrienols, Aloe Barbadensis Leaf Juice, Avena Sativa (Oat) Bran Extract, Hydrolyzed Hyaluronic Acid, Adenosine, Sea Whip Extract, Tripleurospermum Maritimum Extract, Rosmarinus Officinalis (Rosemary) Leaf Extract, Lavandula Angustifolia (Lavender) Flower/Leaf/Stem Extract, Mentha Piperita (Peppermint) Leaf Extract, Passiflora Incarnata Fruit Extract, Aniba Rosaeodora (Rosewood) Wood Extract, Camellia Sinensis Leaf Extract, Cananga Odorata Flower Extract, Cupressus Sempervirens Seed Extract, Fucus Vesiculosus Extract, Prunus Armeniaca (Apricot) Fruit Extract, Jasminum Officinale (Jasmine) Flower/Leaf Extract, Vanilla Planifolia Fruit Extract, Citrus Aurantium Bergamia (Bergamot) Fruit Extract, Santalum Album (Sandalwood) Wood Extract, Coriandrum Sativum (Coriander) Seed Extract, Cucumis Melo Cantalupensis Fruit Extract, Cucumis Sativus (Cucumber) Fruit Extract, Prunus Persica (Peach) Fruit Extract, Pyrus Malus (Apple) Fruit Extract, Rose Extract, Rubus Idaeus (Raspberry) Fruit Extract, Tetrahexyldecyl Ascorbate, Ceteareth20, PEG40 Stearate, Sodium Acrylate/Sodium Acryloyldimethyl Taurate Copolymer, Arachidyl Alcohol, Elaeis Guineensis (Palm) Oil, Cetyl Alcohol, Sorbitan Oleate, Isohexadecane, Xanthan Gum, Ethylhexylglycerin, Polysorbate 80, Disodium EDTA, Potassium Sorbate, Citric Acid, Phenoxyethanol, Sodium Benzoate, Sorbic Acid.",73,3620,1.7,0.0,https://www.sephora.com/product/age-arrest-anti-wrinkle-cream-P382356?icid2=products%20grid:p382356,1.7,52.94117647058824
Renewed Hope in A Jar Night Moisturizer,philosophy,moisturizing-cream-oils-mists,49.0,Myramaze,116,9659,2.0,0.0,https://www.sephora.com/product/renewed-hope-in-jar-overnight-recharging-refining-moisturizer-P404424?icid2=products%20grid:p404424,2.0,24.5
Multi-Purpose Oil,SEPHORA COLLECTION,moisturizing-cream-oils-mists,8.0,"Vitis Vinifera (Grape) Seed Oil, Cocos Nucifera (Coconut) Oil, Cetearyl Isononanoate, Ricinus Communis (Castor) Seed Oil, Diisopropyl Adipate, Neopentyl Glycol Diheptanoate, Tridecyl Trimellitate, Isopropyl Myristate, Oryza Sativa (Rice) Bran Oil, Parfum (Fragrance), Adansonia Digitata Seed Oil, Diethylhexyl Syringylidenemalonate, Caprylic/Capric Triglyceride, Limonene.",50,9151,3.38,0.0,https://www.sephora.com/product/multi-purpose-oil-P445446?icid2=products%20grid:p445446,3.38,2.366863905325444
Advanced Time Zone Night Age Reversing Line/Wrinkle Crème,Estée Lauder,moisturizing-cream-oils-mists,85.0,"Adv Timezone Night Age Rvr  Lw Crm   Division: El (Estee Lauder)Ingredients: BisDiglyceryl Polyacyladipate2 , Hdi/Ppg/Polycaprolactone Crosspolymer , Simmondsia Chinensis (Jojoba) Seed Oil , Glycerin , Caprylic/Capric Triglyceride , C1220 Acid Peg8 Ester , Dimethicone , Butylene Glycol , Sucrose , Cetyl Alcohol , Citrullus Vulgaris (Watermelon) Fruit Extract , Sigesbeckia Orientalis (St. Paul'S Wort) Extract , Pyrus Malus (Apple) Fruit Extract , Lens Esculenta (Lentil) Fruit Extract , Centaurium Erythraea (Centaury) Extract , Hordeum Vulgare (Barley) Extract/Extrait D'Orge , Cucumis Sativus (Cucumber) Fruit Extract , Tamarindus Indica Seed Extract , Salicornia Herbacea Extract , Polygonum Cuspidatum Root Extract , Vitis Vinifera (Grape) Seed Extract , Hydrolyzed Rice Extract , Rosmarinus Officinalis (Rosemary) Extract , Selaginella Tamariscina (Spike Moss) Extract , Humulus Lupulus (Hops) Extract , Citrus Reticulata (Tangerine) Peel Extract , Rhodochrosite Extract , Cucumis Melo (Melon) Fruit Extract , Yeast Extract/Faex/Extrait De Levure , Limonium Vulgare Flower/Leaf/Stem Extract , Whey Protein/Lactis Protein/Proteine Du PetitLait , Thermus Thermophillus Ferment , Persea Gratissima (Avocado) Oil , Punica Granatum (Pomegranate) Fruit Juice , Cholesterol , Linoleic Acid , Caffeine , Acetyl Glucosamine , Linolenic Acid , Adenosine Phosphate , Phospholipids , Acetyl Hexapeptide8 , Ammonium Acryloyldimethyltaurate/Vp Copolymer , Behenyl Alcohol , Saccharide Isomerate , Peg100 Stearate , Phytosterols , Tocopheryl Acetate , Triolein , Glyceryl Stearate , Trehalose , Potassium Cetyl Phosphate , Caprylyl Glycol , Propylene Glycol Dicaprate , Sodium Pca , Helianthus Annuus (Sunflower) Seedcake , Propylene Glycol Dicaprylate , Xanthan Gum , Acrylates/C1030 Alkyl Acrylate Crosspolymer , Sodium Hyaluronate , Sodium Lactate , Dipalmitoyl Hydroxyproline , Phytosteryl Canola Glycerides , Oleic Acid , Palmitic Acid , Stearic Acid , Potassium Sulfate , Acrylamide/Sodium Acryloyldimethyltaurate Copolymer , Decarboxy Carnosine Hcl , Isohexadecane , Nordihydroguaiaretic Acid , Carbomer , Polysorbate 80 , Cyclodextrin , Fragrance , Silica , Ethylbisiminomethylguaiacol Manganese Chloride , Sodium Hydroxide , Phenoxyethanol , Red 33 (Ci 17200) , Blue 1 (Ci 42090) <iln39064></iln39064>",29,6842,1.7,0.0,https://www.sephora.com/product/advanced-time-zone-night-age-reversing-line-wrinkle-creme-P380007?icid2=products%20grid:p380007,1.7,50.0
Dr. Andrew Weil for Origins™ Mega-Mushroom Relief & Resilience Soothing Cream,Origins,moisturizing-cream-oils-mists,69.0,***Essential Oil,7,855,1.7,0.0,https://www.sephora.com/product/dr-andrew-weil-for-origins-mega-mushroom-relief-resilience-soothing-cream-P443549?icid2=products%20grid:p443549,1.7,40.588235294117645
Multi-Vitamin Infusion Oil,Murad,moisturizing-cream-oils-mists,73.0,"Coconut Alkanes, Simmondsia Chinensis (Jojoba) Seed Oil, Cocos Nucifera (Coconut) Oil, Moringa Oleifera Seed Oil, CocoCaprylate/Caprate, Ethylene/Propylene/Styrene Copolymer, Tocopheryl Acetate, Tetrahexyldecyl Ascorbate, Cannabis Sativa Seed Oil, Rosa Canina Seed Oil, Retinyl Propionate, Linoleic Acid, Linolenic Acid, Tocopherol, Panthenyl Triacetate, Hexylresorcinol, 7Dehydrocholesterol, Salicylic Acid, Punica Granatum Sterols, Rosmarinus Officinalis (Rosemary) Leaf Extract, Oryza Sativa (Rice) Bran Extract, Helianthus Annuus (Sunflower) Extract, Zea Mays (Corn) Oil, Butylene/Ethylene/Styrene Copolymer, Fragrance, Citral, Linalool, Limonene.",87,3641,1.0,0.0,https://www.sephora.com/product/multi-vitamin-infusion-oil-P429526?icid2=products%20grid:p429526,1.0,73.0
100% Organic Virgin Chia Seed Oil,The Ordinary,moisturizing-cream-oils-mists,7.7,Salvia Hispanica Seed Oil.,19,6310,1.0,0.0,https://www.sephora.com/product/100-organic-virgin-chia-seed-oil-P447597?icid2=products%20grid:p447597,1.0,7.7
Resveratrol Lift Face Lifting Soft Cream,Caudalie,moisturizing-cream-oils-mists,76.0,"CocoCaprylate/Caprate*, Caprylic/Capric Triglyceride*, Octyldodecyl Myristate*, Glycerin*, Butyrospermum Parkii (Shea) Butter Extract*, Butylene Glycol, Cetearyl Alcohol*, C1216 Alcohols*, Methyl Methacrylate Crosspolymer, Vitis Vinifera (Grape) Seed Oil*, Polymethyl Methacrylate, Cetearyl Glucoside*, Polyacrylate Crosspolymer6, Ci 77891 (Titanium Dioxide), Hydrogenated Lecithin*, Palmitic Acid*, Fragrance, Potassium Cetyl Phosphate, Palmitoyl Grapevine Shoot Extract*, Caprylyl Glycol, Ci 77019 (Mica), Tocopherol*, Helianthus Annuus (Sunflower) Seed Oil*, Sorbitan Laurate*, Xanthan Gum, Hydrolyzed Hyaluronic Acid , Hydroxyethylcellulose*, Acetyl Dipeptide1 Cetyl Ester, Hyaluronic Acid, Sodium Phytate*, Dehydroacetic Acid, Silica, Sodium Hydroxide, , Tin Oxide, Alcohol*, Citric Acid*, Benzyl Alcohol , Butylphenyl Methylpropional, Coumarin, Limonene, Linalool. *Plant Origin.",122,8895,1.7,0.0,https://www.sephora.com/product/resveratrol-lift-face-lifting-soft-cream-P411863?icid2=products%20grid:p411863,1.7,44.70588235294118
Mineral Sun Defense Moisturizer Broad Spectrum Sunscreen SPF 30,Naturally Serious,moisturizing-cream-oils-mists,34.0,"Caprylic/Capric Triglyceride, Glycerin, Pentylene Glycol, Cetearyl Alcohol, Argania Spinosa Kernel Oil, Tocopheryl Acetate, Polyhydroxystearic Acid, Fragrance/Parfum*, Ceteareth20, C1314 Alkane, Propanediol, Ethylhexyl Olivate, Sodium PCA, Limonene, Sorbitol, Polyglyceryl2 Stearate, Xanthan Gum, Stearic Acid, Bisabolol, Alumina, Phenethyl Alcohol, Sodium Phytate, Squalane, Linalool, Citral, Citric Acid, Citronellol, Geraniol, Farnesol, Coumarin, Iron Oxides (CI 77491, CI 77492, CI 77499).",23,2562,2.0,0.0,https://www.sephora.com/product/mineral-sun-defense-moisturizer-broad-spectrum-sunscreen-spf-30-P444985?icid2=products%20grid:p444985,2.0,17.0
Fermented Soybean Firming Energy Essence,innisfree,moisturizing-cream-oils-mists,39.0,"Propanediol, Bacillus/Soybean Ferment Extract, Arbutin, Polyglycerin3, 1,2Hexanediol, Ppg13Decyltetradeceth24, Betaine, Sodium Polyacrylate, Avena Sativa (Oat) Kernel Extract, Ethylhexylglycerin, Disodium Edta, Adenosine, Hydroxypropyl Cyclodextrin, Phenoxyethanol.",21,5258,5.07,0.0,https://www.sephora.com/product/fermented-soybean-firming-energy-essence-P449862?icid2=products%20grid:p449862,5.07,7.692307692307692
Featherweight Daily Moisturizing Cream,Saturday Skin,moisturizing-cream-oils-mists,49.0,"Butylene Glycol, Ethylhexyl Palmitate, Glycerin, Cyclopentasiloxane, Dipropylene Glyco,l Octyldodecyl Myristate, Silica, Cetearyl Alcohol, Cyclohexasiloxane, Polysorbate 60, 1,2Hexanediol, Citrus Limon (Lemon) Peel Oil, Juniperus Mexicana Oil, Hydrolyzed Avocado Protein, Citrus Aurantium Dulcis (Orange) Peel Oil, Citrus Grandis (Grapefruit) Peel Oil, Eucalyptus Globulus Leaf Oil, Lavandula Angustifolia (Lavender) Oil, Rosmarinus Officinalis (Rosemary) Leaf Oil, Ananas Sativus (Pineapple) Fruit Extract, Pyrus Malus (Apple) Fruit Extract, Actinidia Chinensis (Kiwi) Fruit Extract, Fragaria Vesca (Strawberry) Fruit Extract, Prunus Persica (Peach) Fruit Extract, Vitis Vinifera (Grape) Fruit Extract, Ficus Carica (Fig) Fruit Extract, Ginkgo Biloba Nut Extract, Morus Alba Fruit Extract, Punica Granatum Fruit Extract, Phoenix Dactylifera (Date) Seed, Glyceryl Stearate, Ammonium Acryloyldimethyltaurate/VP Copolymer, Sorbitan Sesquioleate, Tromethamine, PEG100 Stearate, Caprylyl Glycol, Cetearyl Olivate, Sorbitan Olivate, Stearic Acid, Dimethicone Crosspolymer, Dimethiconol, Hydrogenated Lecithin, Acrylates/C1030 Alkyl Acrylate Crosspolymer, Ceteareth20, Maltodextrin, Saccharide Hydrolysate, Cholesterol, PEG800, Ascorbic Acid, Polysorbate 20, shOligopeptide1, shPolypeptide1, shOligopeptide2, shPolypeptide22, shPolypeptide45, shPolypeptide8, shPolypeptide9, Carbomer, Xanthan Gum, Disodium EDTA, Phenoxyethanol.",896,14048,1.69,0.0,https://www.sephora.com/product/featherweight-daily-moisturizing-cream-P423682?icid2=products%20grid:p423682,1.69,28.994082840236686
Ultra Rich Face Cream,L'Occitane,moisturizing-cream-oils-mists,34.0,"Butylene Glycol, Ethylhexyl Palmitate, Glycerin, Cyclopentasiloxane, Dipropylene Glyco,l Octyldodecyl Myristate, Silica, Cetearyl Alcohol, Cyclohexasiloxane, Polysorbate 60, 1,2Hexanediol, Citrus Limon (Lemon) Peel Oil, Juniperus Mexicana Oil, Hydrolyzed Avocado Protein, Citrus Aurantium Dulcis (Orange) Peel Oil, Citrus Grandis (Grapefruit) Peel Oil, Eucalyptus Globulus Leaf Oil, Lavandula Angustifolia (Lavender) Oil, Rosmarinus Officinalis (Rosemary) Leaf Oil, Ananas Sativus (Pineapple) Fruit Extract, Pyrus Malus (Apple) Fruit Extract, Actinidia Chinensis (Kiwi) Fruit Extract, Fragaria Vesca (Strawberry) Fruit Extract, Prunus Persica (Peach) Fruit Extract, Vitis Vinifera (Grape) Fruit Extract, Ficus Carica (Fig) Fruit Extract, Ginkgo Biloba Nut Extract, Morus Alba Fruit Extract, Punica Granatum Fruit Extract, Phoenix Dactylifera (Date) Seed, Glyceryl Stearate, Ammonium Acryloyldimethyltaurate/VP Copolymer, Sorbitan Sesquioleate, Tromethamine, PEG100 Stearate, Caprylyl Glycol, Cetearyl Olivate, Sorbitan Olivate, Stearic Acid, Dimethicone Crosspolymer, Dimethiconol, Hydrogenated Lecithin, Acrylates/C1030 Alkyl Acrylate Crosspolymer, Ceteareth20, Maltodextrin, Saccharide Hydrolysate, Cholesterol, PEG800, Ascorbic Acid, Polysorbate 20, shOligopeptide1, shPolypeptide1, shOligopeptide2, shPolypeptide22, shPolypeptide45, shPolypeptide8, shPolypeptide9, Carbomer, Xanthan Gum, Disodium EDTA, Phenoxyethanol.",306,5706,1.7,0.0,https://www.sephora.com/product/ultra-rich-face-cream-P96804?icid2=products%20grid:p96804,1.7,20.0
Argan Moonstone Drops Makeup Priming and Highlighting Oil,Josie Maran,moisturizing-cream-oils-mists,48.0,"Argan Oil Isostearyl Esters**, Brassica Campestris / Aleurites Fordi Oil Copolymer, Mica**, Titanium Oxide**, tin Oxide**, Lavandula Angustifolia (Lavender) Oil**, Cymbopogon Flexuosus (Lemongrass) Oil**.",215,11925,1.7,0.0,https://www.sephora.com/product/argan-moonstone-drops-makeup-priming-highlighting-oil-P422538?icid2=products%20grid:p422538,1.7,28.235294117647058
Extra Illuminating Moisture Balm,Bobbi Brown,moisturizing-cream-oils-mists,69.0,"Neopentyl Glycol Diheptanoate, Peg4 Diheptanoate, Glycerin, BisDiglyceryl Polyacyladipate2, Pentaerythrityl Tetraethylhexanoate, Butyrospermum Parkii (Shea Butter), Phenyl Trimethicone, Polyethylene, Cetearyl Alcohol, Dimethicone, Tocopheryl Acetate, Cetyl Alcohol, Glyceryl Stearate, Oenothera Biennis (Evening Primrose) Oil, Caffeine, Rosmarinus Officinalis (Rosemary) Leaf Oil, Anthemis Nobilis (Chamomile) Flower Extract, Squalane, Pelargonium Graveolens (Geranium) Flower Oil, Citrus Grandis (Grapefruit) Peel Oil, Epilobium Angustifolium Flower/Leaf/Stem Extract, Citrus Aurantium Amara (Bitter Orange) Oil, Astrocaryum Murumuru Seed Butter, Sodium Hyaluronate, Sapindus Mukorossi Fruit Extract, Caesalpinia Spinosa Gum, Morinda Citrifolia Fruit Extract, Hydroxyethyl Acrylate/Sodium Acryloyldimethyl Taurate Copolymer, Sorbitan Stearate, Peg40 Stearate, Butylene Glycol, Dicetyl Phosphate, Ceteth10 Phosphate, Xanthan Gum, Lecithin, Polysorbate 60, Propylene Glycol Stearate, Polysorbate 20, Sorbitan Laurate, Linalool, Geraniol, Citronellol, Limonene, Citral, Tin Oxide, Propylene Glycol Laurate, Coffea Arabica (Coffee) Seed Extract, Ethylhexylglycerin, Pentaerythrityl TetraDiTButyl Hydroxyhydrocinnamate, Tetrasodium Edta, Phenoxyethanol, Potassium Sorbate, [+/ Mica, Titanium Dioxide (Ci 77891), Carmine (Ci 75470), Iron Oxides (Ci 77499), Iron Oxides (Ci 77492), Iron Oxides (Ci 77491)] <iln44484></iln44484>",142,7513,1.0,0.0,https://www.sephora.com/product/illuminating-moisture-balm-P392648?icid2=products%20grid:p392648,1.0,69.0
The Moisturizing Matte Lotion,La Mer,moisturizing-cream-oils-mists,285.0,"Water\Aqua\Eau, Algae (Seaweed) Extract, Propanediol, Squalane, Propylene Glycol Dicaprylate/Dicaprate, Methyl Methacrylate Crosspolymer, Hydrogenated Lecithin, Butylene Glycol, Octyldodecyl Neopentanoate, Glyceryl Stearate Se, Sesamum Indicum (Sesame) Seed Oil, Medicago Sativa (Alfalfa) Seed Powder, Helianthus Annuus (Sunflower) Seedcake, Prunus Amygdalus Dulcis (Sweet Almond) Seed Meal, Eucalyptus Globulus (Eucalyptus) Leaf Oil, Sodium Gluconate, Copper Gluconate, Calcium Gluconate, Magnesium Gluconate, Zinc Gluconate, Tocopheryl Succinate, Niacin, Sesamum Indicum (Sesame) Seed Powder, Citrus Aurantifolia (Lime) Peel Extract, Nylon12, Sucrose, Salicornia Herbacea Extract, Hydrolyzed Rice Extract, Sea Salt\Maris Sal\Sel Marin, Laminaria Saccharina Extract, Crithmum Maritimum Extract, Chlorella Vulgaris Extract, Padina Pavonica Thallus Extract, Macrocystis Pyrifera (Kelp) Extract, Spirulina Platensis (Algae) Powder, Plankton Extract, Hydrolyzed Algin, Sigesbeckia Orientalis (St. Paul's Wort) Extract, Glycerin, Laminaria Digitata Extract, Sodium Hyaluronate, Glucose Oxidase, Lactoperoxidase, Acetyl Hexapeptide8, Dipalmitoyl Hydroxyproline, Caffeine, Glucose, Caprylic/Capric Triglyceride, Behenyl Alcohol, Dimethicone, Tocopheryl Acetate, Acrylamide/Sodium Acryloyldimethyltaurate Copolymer, Tetrahexyldecyl Ascorbate, Polyacrylate Crosspolymer6, Isohexadecane, Lecithin, Potassium Stearate, Hydrogenated Vegetable Oil, Kaolin, Polysorbate 80, Fragrance (Parfum), Xanthan Gum, Alcohol Denat., Disodium Edta, BHT, Limonene, Linalool, Citral, Hydroxycitronellal, Citronellol, Geraniol, Benzyl Salicylate, Benzyl Benzoate, Phenoxyethanol.",12,3301,1.7,0.0,https://www.sephora.com/product/the-moisturizing-matte-lotion-P421249?icid2=products%20grid:p421249,1.7,167.64705882352942
Rejuvenating Night Cream,Omorovicza,moisturizing-cream-oils-mists,235.0,"Hungarian Thermal Glycerin, Butyrospermum Parkii (Shea Butter), Simmondsia Chinensis (Jojoba) Seed Oil, Squalane, Caprylic/Capric Triglyceride, Cetearyl Ethylhexanoate, Cetearyl Olivate, Stearyl Heptanoate, Sorbitan Olivate, Cetearyl Alcohol, Hydrolyzed Hazelnut Protein, Cera Alba (Beeswax), Phenoxyethanol, Mannitol, Sodium Lactate, Malpighia Punicifolia (Acerola) Fruit Extract, Prunus Armeniaca (Apricot) Kernel Oil, Xanthan Gum, Disodium EDTA, Helianthus Annuus (Sunflower) Seed Oil, Tocopherol, Ethylhexylglycerin, Fragrance, Chlorella Vulgaris/ Lupinus Albus Protein Ferment, Yeast Extract, Linalool, Geraniol, Potassium Sorbate, BetaCarotene, Daucus Carota Sativa (Carrot) Root Extract, Daucus Carota Sativa (Carrot) Seed Oil, Cinnamyl Alcohol, Ascorbyl Palmitate",21,2712,1.7,0.0,https://www.sephora.com/product/rejuvenating-night-cream-P309215?icid2=products%20grid:p309215,1.7,138.23529411764707
Resurgence Age-Balancing Night Cream,Murad,moisturizing-cream-oils-mists,77.0,"Butylene Glycol, Cetyl Ethylhexanoate, Diglycerin, Shea Butter, Avocado Oil, Isononyl Isononanoate, Oleyl Alcohol, Glycerin, Stearic Acid, Glyceryl Stearate, PEG100 Stearate, Clover Flower Extract, Cetyl Phosphate, Urea, Yeast Amino Acids, Trehalose, Inositol, Taurine, Betaine, Soybean Sterols, Larrea Divaricata Extract, Dioscorea Villosa (Wild Yam) Root Extract, Soybean Protein, Avena Sativa (Oat) Kernel Extract, Lecithin, Menhaden Oil (Brevoortia), Retinol, Caprylic/Capric Triglyceride, Serenoa Serrulata Fruit Extract, Borago Officinalis Seed Oil, Evening Primrose Oil, Sodium Ascorbyl Phosphate, Tocopheryl Acetate, Sodium PCA, Panthenol, Tocopherol , Ascorbyl Palmitate, Carbomer, Aminomethyl Propanol, Disodium EDTA, Phenoxyethanol , Methylparaben, Propylparaben, Limonene, Linalool, Citrus Aurantium Dulcis (Orange) Peel Oil, Lime Oil, Tangerine Peel Oil, Bitter Almond Kernel Oil, Barosma Betulina Leaf Oil, Soybean Oil.",83,3061,1.7,0.0,https://www.sephora.com/product/resurgence-age-balancing-night-cream-P38215?icid2=products%20grid:p38215,1.7,45.294117647058826
Queen of Hungary Mist,Omorovicza,moisturizing-cream-oils-mists,50.0,"Hungarian Thermal Glycerin, Polysorbate 20, Phenoxyethanol, Pyrus Malus (Apple) Fruit Extract, Saccharomyces (Hungarian Thermal Water) Ferment Extract, Disodium EDTA, Ethylhexylglycerin, Mannitol, Malpighia Punicifolia (Acerola) Fruit Extract, Chlorella Vulgaris, Pectin, Rosa Damascena Flower Citrus Aurantium Dulcis (Orange) Flower Salvia Officinalis (Sage) Leaf Phospholipids, Yeast Extract, Linalool, Geraniol, Citronellol.)",100,17147,0.0,1.7,https://www.sephora.com/product/queen-of-hungary-mist-P309207?icid2=products%20grid:p309207,1.7,29.411764705882355
Aglow™ Face Mist,lilah b.,moisturizing-cream-oils-mists,48.0,"Propanediol, PVP, Lavandula Angustifolia (Lavender) Oil, Opuntia FicusIndica Stem Extract, Taraxacum Officinale (Dandelion) Extract, Laminaria Digitata Extract, Polygonum Aviculare Extract, Hydrolyzed Jojoba Esters, Glycerin, Sodium Glycerophosphate, Potassium Magnesium Aspartate, Calcium Glucoheptonate, Magnesium Gluconate, Ethylhexylglycerin, Phenoxyethanol, Linalool, Citric Acid, Potassium Sorbate, Sodium Benzoate, PEG40 Hydrogenated Castor Oil, PPG26Buteth26.",65,13968,0.0,1.0,https://www.sephora.com/product/aglow-face-mist-P421441?icid2=products%20grid:p421441,1.0,48.0
Retinoic Nutrient Face Oil With Vitamin A,Tata Harper,moisturizing-cream-oils-mists,132.0,"Rose Hip Seed Oil, Olive Fruit Oil, Jojoba Oil, Apricot Kernel Oil, Elder Flower Extract, Calendula Extract, Borage Leaf Extract, Alfalfa Extract, Arnica Extract, Linden Flower Extract, Essential Oil Blend for Scent, Benzyl Alcohol, Citral, Citronellol, Geraniol, Limonene, Linalool.",58,8356,0.0,1.0,https://www.sephora.com/product/retinoic-nutrient-face-oil-P379704?skuId=2002731&icid2=products%20grid:p379704,1.0,132.0
Superdefense SPF 20 Daily Defense Moisturizer Combination Oily to Oily,CLINIQUE,moisturizing-cream-oils-mists,48.0,Avobenzone 3% and Octisalate 5%: Provide sunscreen protection.,174,2456,1.7,0.0,https://www.sephora.com/product/superdefense-spf-20-age-defense-moisturizer-combination-oily-to-oily-P223705?icid2=products%20grid:p223705,1.7,28.235294117647058
Hydra Zen Anti-Stress Glow Liquid Moisturizer,Lancôme,moisturizing-cream-oils-mists,45.0,"Glycerin, Pentylene Glycol, Octyldodecanol, Butylene Glycol,  Caprylic/Capric Triglyceride, Butyrospermum Parkii Butter/Shea Butter, Simmondsia Chinensis Seed Oil/Jojoba Seed Oil, Beheneth10, Squalane, Glycol Palmitate, Pca, Alanine, Cocos Nucifera Oil/Coconut Oil, Tocopherol, Macadamia Ternifolia Seed Oil, Hydroxyacetophenone, Sodium Polyacrylate, Sodium Hyaluronate, Sodium Pca, Sodium Lactate, Paeonia Suffruticosa Root Extract, Phenylalanine, Arginine, Helianthus Annuus Seed Oil / Sunflower Seed Oil, Valine, Palmitoyl Tripeptide8, Xanthan Gum, Menthol, Aloe Barbadensis Leaf Juice Powder, Propylene Glycol, Proline, Isoleucine, Aspartic Acid, Coriandrum Sativum Fruit Oil/Coriander Fruit Oil, Sorbitol, Serine, Threonine, Passiflora Edulis Seed Oil, Rosa Gallica Flower Extract, Histidine, Citric Acid, Prunus Armeniaca Kernel Oil/Apricot Kernel Oil, Dextran, Glycine, Parfum/Fragrance.",1000,1045,0.0,0.0,https://www.sephora.com/product/lancome-hydra-zen-anti-stress-glow-liquid-moisturizer-P453825?icid2=products%20grid:p453825,2.0673014048531417,21.76750806358434
City Skin Overnight Detox Moisturizer,Murad,moisturizing-cream-oils-mists,72.0,"Glycerin, Shea Butter Ethyl Esters, Dicaprylyl Carbonate, Isodecyl Neopentanoate, Jojoba Esters, Glyceryl Stearate Citrate, Synthetic Beeswax, Dimethicone, Hydrogenated Palm Kernel Glycerides, Ectoin, Marrubium Vulgare Extract, Allantoin, Zingiber Officinale (Ginger) Root Extract, Brassica Campestris (Rapeseed) Sterols, Hydrolyzed Jojoba Esters, Tetrahexyldecyl Ascorbate, Hordeum Vulgare (Barley) Extract, Cucumis Sativus (Cucumber) Fruit Extract, Helianthus Annuus (Sunflower) Seed Extract, Urea, Yeast Amino Acids, Trehalose, Inositol, Taurine, Betaine, Bisabolol, Hydroxyphenyl Propamidobenzoic Acid, Hydrogenated Palm Glycerides, Xanthan Gum, Propylene Glycol Dicaprate, Acrylates/C1030 Alkyl Acrylate Crosspolymer, Hexyldecanol, Pentylene Glycol, 4tButylcyclohexanol, Cetylhydroxyproline Palmitamide, Stearic Acid, Disodium Carboxyethyl Siliconate, Aminomethyl Propanol, Disodium EDTA, Ethylhexylglycerin, Phenoxyethanol, Fragrance, Limonene, Linalool, Benzyl Salicylate, Titanium Dioxide (CI 77891)",75,4434,1.7,0.0,https://www.sephora.com/product/city-skin-overnight-detox-moisturizer-P415703?icid2=products%20grid:p415703,1.7,42.35294117647059
Memory Gel Sleeping Mask,Erno Laszlo,moisturizing-cream-oils-mists,108.0,"Water,Dimethicone, Glycerin, Butylene Glycol, PEG240/Hdi Copolymer BisDecyltetradeceth20 Ether, Caprylic/Capric Trigylceride, Phenoxyethanol, Dimethicone/Vinyl Dimethicone Crosspolymer, Polyglyceryl3 Methylglucose Distearate, Dimethiconol, Chlorphenesin, Ethylhexylglycerin, Sodium Polyacrylate, Hydrogenated Polydecene, Disodium EDTA, Parfum (Fragrance), Alaria Esculenta Extract, Citric Acid, Trideceth6, Potassium Laurate, Tocopherol, Artemisia Absinthium Extract, Artemisia Vulgaris Extract, Solanum Lycopersicum (Tomato) Leaf Cell Culture Extract, CI 16035 (Red 40), Opuntia FicusIndica Stem Extract, Rubus Idaeus (Raspberry) Leaf Extract, Opuntia FicusIndica Leaf Cell Extract.",65,5181,1.35,0.0,https://www.sephora.com/product/hydra-therapy-memory-sleep-mask-P402714?icid2=products%20grid:p402714,1.35,80.0
Buttermilk Moisturizer,Mario Badescu,moisturizing-cream-oils-mists,18.0,"Water,Dimethicone, Glycerin, Butylene Glycol, PEG240/Hdi Copolymer BisDecyltetradeceth20 Ether, Caprylic/Capric Trigylceride, Phenoxyethanol, Dimethicone/Vinyl Dimethicone Crosspolymer, Polyglyceryl3 Methylglucose Distearate, Dimethiconol, Chlorphenesin, Ethylhexylglycerin, Sodium Polyacrylate, Hydrogenated Polydecene, Disodium EDTA, Parfum (Fragrance), Alaria Esculenta Extract, Citric Acid, Trideceth6, Potassium Laurate, Tocopherol, Artemisia Absinthium Extract, Artemisia Vulgaris Extract, Solanum Lycopersicum (Tomato) Leaf Cell Culture Extract, CI 16035 (Red 40), Opuntia FicusIndica Stem Extract, Rubus Idaeus (Raspberry) Leaf Extract, Opuntia FicusIndica Leaf Cell Extract.",20,4114,2.0,0.0,https://www.sephora.com/product/mario-badescu-buttermilk-moisturizer-P440492?icid2=products%20grid:p440492,2.0,9.0
High Potency Classics: Hyaluronic Intensive Moisturizer,Perricone MD,moisturizing-cream-oils-mists,69.0,"Water,Dimethicone, Glycerin, Butylene Glycol, PEG240/Hdi Copolymer BisDecyltetradeceth20 Ether, Caprylic/Capric Trigylceride, Phenoxyethanol, Dimethicone/Vinyl Dimethicone Crosspolymer, Polyglyceryl3 Methylglucose Distearate, Dimethiconol, Chlorphenesin, Ethylhexylglycerin, Sodium Polyacrylate, Hydrogenated Polydecene, Disodium EDTA, Parfum (Fragrance), Alaria Esculenta Extract, Citric Acid, Trideceth6, Potassium Laurate, Tocopherol, Artemisia Absinthium Extract, Artemisia Vulgaris Extract, Solanum Lycopersicum (Tomato) Leaf Cell Culture Extract, CI 16035 (Red 40), Opuntia FicusIndica Stem Extract, Rubus Idaeus (Raspberry) Leaf Extract, Opuntia FicusIndica Leaf Cell Extract.",272,5693,1.0,0.0,https://www.sephora.com/product/hyalo-plasma-hyaluronic-intensive-moisturizer-P388974?icid2=products%20grid:p388974,1.0,69.0
Essential Energy Moisturizing Gel Cream,Shiseido,moisturizing-cream-oils-mists,48.0,"Dipropylene Glycol, Glycerin, Betaine, Alcohol Denat., Dimethicone, Isodecyl Neopentanoate, PPG3 Dipivalate, Xylitol, Phytosteryl/Octyldodecyl Lauroyl Glutamate, Phenoxyethanol, HDI/Trimethylol Hexyllactone Crosspolymer, Ammonium Acryloyldimethyltaurate/Beheneth25 Methacrylate Crosspolymer, Carbomer, Alcohol, Potassium Hydroxide, Erythritol, PEG/PPG14/7 Dimethyl Ether, PEG/PPG17/4 Dimethyl Ether, Tocopheryl Acetate, Fragrance, Butylene Glycol, Xanthan Gum, Disodium EDTA, Acrylates/C1030 Alkyl Acrylate Crosspolymer, Aminopropyl Dimethicone, Caffeine, Tremella Fuciformis Polysaccharide, Silica, Sodium Metaphosphate, Hexyl Cinnamal, Tocopherol, Limonene, Linalool, Sodium Metabisulfite, Citronellol, Scutellaria Baicalensis Root Extract, Angelica Keiskei Leaf/Stem Extract, Geraniol, Camellia Sinensis Leaf Extract, Sodium Acetylated Hyaluronate, Iron Oxides (Ci 77491), Citrus Unshiu Peel Extract, Zingiber Aromaticus Extract, Hydrolyzed Conchiolin Protein, Cinnamomum Cassia Bark Extract, Pyrola Incarnata Extract, Panax Ginseng Root Extract.",41,2852,1.7,0.0,https://www.sephora.com/product/essential-energy-moisturizing-gel-cream-P428090?icid2=products%20grid:p428090,1.7,28.235294117647058
H2 Elemental Energy Hydrating Cloud Cream,Perricone MD,moisturizing-cream-oils-mists,59.0,"Glycerin, Caprylic/Capric Triglyceride, Dimethicone, Dicaprylyl Carbonate, Aluminum Starch Octenylsuccinate, Porphyridium Polysaccharide, Sodium PCA, Sodium Lactate, Sodium Hyaluronate, Arachidyl Alcohol, Sodium Polyacrylate Starch, Cetearyl Alcohol, Behenyl Alcohol, Cetyl Alcohol, Caprylyl Glycol, Butyrospermum Parkii (Shea Butter), Phosphatidylcholine, PCA, Sodium Borohydride, Arginine, Dimethyl MEA, Aspartic Acid, Arachidyl Glucoside, Carbomer, Cetearyl Glucoside, Pullulan, Disodium EDTA, Glycine, Alanine, Serine, Valine, Isoleucine, Proline, Threonine, Histidine, Phenylalanine, Ethylhexylglycerin, Phenoxyethanol",72,2778,1.7,0.0,https://www.sephora.com/product/h2-elemental-energy-hydrating-cloud-cream-P418318?icid2=products%20grid:p418318,1.7,34.705882352941174
Moisture Bound Skin Energy Hydration Mist,AMOREPACIFIC,moisturizing-cream-oils-mists,35.0,"Phyllostachis Bambusoides Juice, Alcohol, Glycerin, Betaine, Opuntia Coccinellifera Fruit Extract, Glycine Soja (Soybean) Seed Extract, Hydrolyzed Phyllostachis Bambusoides, Hydrolyzed Camellia Sinensis Leaf, Nelumbo Nucifera Flower Extract, Niacinamide, Dimethicone, Butylene Glycol, Bht, Stearic Acid, Ethylhexylglycerin, Tromethamine, Palmitic Acid, Potassium Hydroxide, Peg5 Rapeseed Sterol, Peg60 Hydrogenated Castor Oil, Peg75, Peg/Ppg17/6 Copolymer, Hydrogenated Lecithin, Hydrogenated Poly(C614 Olefin), Disodium Edta, Phenoxyethanol, Fragrance.",270,9713,2.7,0.0,https://www.sephora.com/product/moisture-bound-skin-energy-hydration-delivery-system-P232929?icid2=products%20grid:p232929,2.7,12.962962962962962
Set + Refresh Perfecting Makeup Mist,Estée Lauder,moisturizing-cream-oils-mists,38.0,"Set + Refresh Perfecting Mu Mist   Division: El (Estee Lauder)Ingredients: Butylene Glycol , Polysorbate 80 , Caffeine , Fragrance , Calcium Chloride , Sodium Sulfate , Magnesium Chloride , Sodium Benzoate , Potassium Nitrate , Potassium Phosphate , Phenoxyethanol <iln42400></iln42400>",18,6532,3.9,0.0,https://www.sephora.com/product/set-refresh-perfecting-makeup-mist-P422334?icid2=products%20grid:p422334,3.9,9.743589743589745
Dramatically Different Moisturizing Cream,CLINIQUE,moisturizing-cream-oils-mists,28.0,"Glycerin , Dimethicone , Petrolatum , Tridecyl Stearate , Tridecyl Trimellitate , Polyglyceryl10 Pentastearate , Behenyl Alcohol , Dipentaerythrityl Hexacaprylate/Hexacaprate , Cucumis Sativus (Cucumber) Fruit Extract , Hordeum Vulgare (Barley) Extract/Extrait D'Orge , Sodium Stearoyl Lactylate , Caprylyl Glycol , Propylene Glycol Dicaprate , Helianthus Annuus (Sunflower) Seedcake , Peg100 Stearate , Sodium Hyaluronate , Cetyl Alcohol , Butylene Glycol , Tromethamine , Carbomer , Phenoxyethanol , Yellow 5 (Ci 19140) , Yellow 6 (Ci 15985) , Red 33 (Ci 17200) <iln41207></iln41207>",159,7694,0.0,1.7,https://www.sephora.com/product/dramatically-different-moisturizing-cream-P398717?icid2=products%20grid:p398717,1.7,16.47058823529412
Multi-Active Day Cream SPF 20 - All Skin Types,Clarins,moisturizing-cream-oils-mists,55.0,"Glycerin, Butyloctyl Salicylate, Dimethicone, C1215 Alkyl Benzoate, Cetearyl, Alcohol, Propanediol, Potassium Cetyl Phosphate, Parfum/Fragrance, Cellulose, Cetearyl Glucoside, Dipsacus Sylvestris Extract, Phenoxyethanol, Acrylates/C1030 Alkyl Acrylate Crosspolymer, Caprylyl Glycol, Ci 77891/Titanium Dioxide, Tromethamine, Synthetic Fluorphlogopite, Disodium Edta, Tocopheryl Acetate, Xanthan Gum, Sodium Hyaluronate, Dimethiconol, Tocopherol, Butylene Glycol, Diospyros Mespiliformis Leaf Extract, Maltodextrin, Sanicula Europaea Extract, Myrothamnus Flabellifolia Extract, Citric Acid, Lapsana Communis Flower/Leaf/Stem Extract, Furcellaria Lumbricalis Extract, Sodium Citrate, Potassium Sorbate, Ascorbic Acid, Glycolic Acid, Lactic Acid, Maris Sal/Sea Salt/Sel Marin.Ci 14700/Red 4.Ci 17200/Red 33.Polyvinyl Alcohol.Copper Palmitoyl Heptapeptide14 .Heptapeptide15 Palmitate.",65,2944,1.7,0.0,https://www.sephora.com/product/multi-active-day-cream-spf-20-all-skin-types-P406941?icid2=products%20grid:p406941,1.7,32.35294117647059
Hydrating Moisturizer for Dry Skin,KORA Organics,moisturizing-cream-oils-mists,48.0,**From essential oils.,21,2793,1.69,0.0,https://www.sephora.com/product/hydrating-moisturizer-for-dry-skin-P423740?icid2=products%20grid:p423740,1.69,28.402366863905325
Visionnaire Advanced Multi-Correcting Cream,Lancôme,moisturizing-cream-oils-mists,90.0,"Glycerin, Dicaprylyl Ether, Cyclohexasiloxane, Butylene Glycol, Isopropyl Isostearate, Sodium Tetrahydrojasmonate, Dimethicone, Cetyl Alcohol, Dipropylene Glycol, Behenyl Alcohol, Silica, Arachidyl Alcohol, Secale Cereale Extract/Rye Seed Extract, Sodium Hydroxide, Sodium Hyaluronate, Stearic Acid, Phenoxyethanol, Stearyl Alcohol, Adenosine, Peg10 Dimethicone, Peg100 Stearate, Polysilicone11, Palmitic Acid, Poloxamer 338, Ammonium Polyacryldimethyltauramide/Ammonium Polyacryloyldimethyl Taurate, Limonene, Pentylene Glycol, Linalool, Caprylyl Glycol, Carbomer, Acrylonitrile/Methyl Methacrylate/Vinylidene Chloride Copolymer, Disodium Edta, Cetearyl Alcohol, Methyldihydrojasmonate, Cetearyl Glucoside, Citronellol, Fragrance.",30,3939,1.7,0.0,https://www.sephora.com/product/visionnaire-advanced-multi-correcting-cream-P404065?icid2=products%20grid:p404065,1.7,52.94117647058824
Clarifying Moisturizer,Tata Harper,moisturizing-cream-oils-mists,116.0,"Aloe Barbadensis Leaf Juice*, Salvia Officinalis (Sage) Flower/Leaf/Stem Extract*, Glycerin, Santalum Spicatum (Sandalwood) Seed Oil, Propanediol, Pyrus Malus (Apple) Seed Oil, Lactobacillus Ferment, Squalane, Polyglyceryl2 Stearate, Glyceryl Stearate, Lactobacillus/Arundinaria Gigantea Ferment Filtrate, Oenothera Biennis (Evening Primrose) Oil*, Leuconostoc Ferment Filtrate, Hippophae Rhamnoides (Sea Buckthorn) Oil*, AlphaGlucan Oligosaccharide, Hydrolyzed Avocado Protein, Dictyopteris Membranacea (Sea Fern) Extract, Zinc PCA, Copper PCA, Hyaluronic Acid, Sodium Hyaluronate, Arnica Montana (Arnica) Extract*, Borago Officinalis (Borage) Leaf Extract*, Medicago Sativa (Alfalfa) Extract*, Spiraea Ulmaria (Meadowsweet) Extract*, Calendula Officinalis (Calendula) Flower Extract*, Narcissus Tazetta (Daffodil) Bulb Extract*, Sambucus Nigra Fruit Extract, Serenoa Serrulata Fruit Extract, Olea Europaea (Olive) Oil*, Cetearyl Olivate, Salix Alba (Willow) Bark Extract, Stearyl Alcohol, Lentinus Edodes Extract, Lysolecithin, Sclerotium Gum, Tasmannia Lanceolata Fruit/Leaf Extract, Tremella Fuciformis (Mushroom) Extract, Leuconostoc/Radish Root Ferment Filtrate, Sorbitan Olivate, Xanthan Gum, Pullulan, Maltodextrin, Silica, Aroma**, Benzyl Alcohol, Benzyl Benzoate, Citral, Citronellol, Eugenol, Geraniol, Limonene, Linalool. *Ingredients from organic farming. **Clinical grade essential oils blend.",68,4059,1.7,0.0,https://www.sephora.com/product/clarifying-moisturizer-P412407?icid2=products%20grid:p412407,1.7,68.23529411764706
Pure Vitality Skin Renewing Cream,Kiehl's Since 1851,moisturizing-cream-oils-mists,65.0,"Aqua / Glycerin, Propanediol, Dicaprylyl Ether, Glyceryl Stearate, Lauroyl Lysine, Butyrospermum Parkii Butter / Shea Butter, Undecane, Cetearyl Alcohol, Arginine, Hydrogenated Lecithin, Tridecane, Mel Extract / Honey Extract, Mica, Panax Ginseng Root Extract, Cera Alba / Beeswax, Capryloyl Glycine, Tocopherol, Citric Acid, Sclerotium Gum, Xanthan Gum, Salicylic Acid, Potassium Sorbate, Cedrus Atlantica Bark Oil, Leuconostoc/Radish Root Ferment Filtrate, Glycine Soja Oil / Soybean Oil, Adenosine, Caramel, Cananga Odorata Flower Oil, Vanilla Planifolia Fruit Extract, Bulnesia Sarmientoi Wood Oil, Citrus Aurantium Dulcis Peel Oil / Orange Peel Oil, Pelargonium Graveolens Flower Oil, Limonene, Benzyl Benzoate, Farnesol, Helianthus Annuus Seed Oil / Sunflower Seed Oil.",184,1276,1.7,0.0,https://www.sephora.com/product/kiehls-pure-vitality-skin-renewing-cream-P449541?icid2=products%20grid:p449541,1.7,38.23529411764706
White Lucent Day Emulsion Broad Spectrum SPF 23,Shiseido,moisturizing-cream-oils-mists,70.0,"Active Ingredients:  Purpose Avobenzone 2.5%, Sunscreen Octinoxate 7.4%, Sunscreen Octocrylene 3.0%, Sunscreen Inactive: Alcohol 40B,dimethicone,dipropylene Glycol,glycerin,diisopropyl Sebacate,peg60 Hydrogenated Castor Oil,potassium Methoxysalicylate,erythritol,xanthan Gum,tocopheryl Acetate,peg/Ppg14/7 Dimethyl Ether,peg/Ppg17/4 Dimethyl Ether,dipotassium Glycyrrhizate,2OEthyl Ascorbic Acid,caffeine,ascorbyl Tetraisopalmitate,phytosteryl Macadamiate,angelica Keiskei Leaf/Stem Extract,paeonia Albiflora Root Extract,crataegus Monogyna Flower Extract,rehmannia Chinensis Root Extract,ziziphus Jujuba Fruit Extract,pyrola Incarnata Extract,potentilla Erecta Root Extract,polyquaternium51,ppg17,peg240/Hdi Copolymer BisDecyltetradeceth20 Ether,triethanolamine,silica,butylene Glycol,isostearic Acid,ppg3 Dipivalate,hdi/Trimethylol Hexyllactone Crosspolymer,carbomer,acrylates/C1030 Alkyl Acrylate Crosspolymer,bht,sodium Metaphosphate,alcohol,tocopherol,disodium Edta,sodium Metabisulfite,prunus Yedoensis Leaf Extract,phenoxyethanol,benzoic Acid,fragrance,titanium Dioxide,mica,iron Oxids.",6,1228,1.7,0.0,https://www.sephora.com/product/white-lucent-day-emulsion-broad-spectrum-spf-23-P443377?icid2=products%20grid:p443377,1.7,41.1764705882353
Eye Duty Triple Remedy Overnight Balm,First Aid Beauty,moisturizing-cream-oils-mists,38.0,"Glycerin, Butyrospermum Parkii (Shea) Butter, Caprylic/Capric Triglyceride, Dimethicone, C1018 Triglycerides, Ethylhexyl Palmitate, Cetyl Alcohol, Aluminum Starch Octenylsuccinate, Glyceryl Stearate, Niacinamide, Chrysanthemum Parthenium (Feverfew) Extract, Spilanthes Acmella Flower Extract, Acacia Decurrens Flower Wax, Camellia Sinensis Leaf Extract, Glycyrrhiza Glabra (Licorice) Root Extract, Jojoba Esters, Palmitoyl Hexapeptide12, Palmitoyl Tetrapeptide7, Algae Extract, Carbomer, Hyaluronic Acid, Helianthus Annuus (Sunflower) Seed Wax, PEG75 Stearate, Caprylyl Glycol, Ceteth20, Steareth20, Acrylates/C1030 Alkyl Acrylate Crosspolymer, Xanthan Gum, Butylene Glycol, Leuconostoc/Radish Root Ferment Filtrate, Polyglycerin3, Sodium Lactate, Polysorbate 20, Palmitic Acid, Sodium Hydroxide, Tetrasodium EDTA, EDTA, Citric Acid, Phenoxyethanol.",184,12082,0.5,0.0,https://www.sephora.com/product/eye-duty-triple-remedy-overnight-balm-P393601?icid2=products%20grid:p393601,0.5,76.0
Nutritious Super-Pomegranate Radiant Energy Night Crème/Mask,Estée Lauder,moisturizing-cream-oils-mists,72.0,"Glycerin, Butyrospermum Parkii (Shea) Butter, Caprylic/Capric Triglyceride, Dimethicone, C1018 Triglycerides, Ethylhexyl Palmitate, Cetyl Alcohol, Aluminum Starch Octenylsuccinate, Glyceryl Stearate, Niacinamide, Chrysanthemum Parthenium (Feverfew) Extract, Spilanthes Acmella Flower Extract, Acacia Decurrens Flower Wax, Camellia Sinensis Leaf Extract, Glycyrrhiza Glabra (Licorice) Root Extract, Jojoba Esters, Palmitoyl Hexapeptide12, Palmitoyl Tetrapeptide7, Algae Extract, Carbomer, Hyaluronic Acid, Helianthus Annuus (Sunflower) Seed Wax, PEG75 Stearate, Caprylyl Glycol, Ceteth20, Steareth20, Acrylates/C1030 Alkyl Acrylate Crosspolymer, Xanthan Gum, Butylene Glycol, Leuconostoc/Radish Root Ferment Filtrate, Polyglycerin3, Sodium Lactate, Polysorbate 20, Palmitic Acid, Sodium Hydroxide, Tetrasodium EDTA, EDTA, Citric Acid, Phenoxyethanol.",13,5936,0.0,0.0,https://www.sephora.com/product/nutritious-vitality8-night-creme-mask-P392891?icid2=products%20grid:p392891,2.0673014048531417,34.828012901734944
Micro Essence Skin Activating Treatment Lotion Mini,Estée Lauder,moisturizing-cream-oils-mists,65.0,"Micro Essence Skin Act Treat Lot   Division: El (Estee Lauder)Ingredients: Bifida Ferment Lysate , Peg75 , Propanediol , Butylene Glycol , Betaine , Pentylene Glycol , Lactobacillus Ferment , Acetyl Hexapeptide8 , Acetyl Glucosamine , Trehalose , Caffeine , Sodium Hyaluronate , Anthemis Nobilis (Chamomile) , Caprylyl Glycol , Carbomer , Ppg5Ceteth20 , Citric Acid , Potassium Sorbate , Sodium Citrate , Tromethamine , Disodium Edta , Phenoxyethanol <iln40033></iln40033>",6,4682,0.0,2.5,https://www.sephora.com/product/micro-essence-skin-activating-treatment-lotion-mini-P425870?icid2=products%20grid:p425870,2.5,26.0
Instant Radiance Sun Defense Sunscreen Broad Spectrum SPF 40,Dr. Dennis Gross Skincare,moisturizing-cream-oils-mists,42.0,"Glycerin, Butylene Glycol, Isononyl Isononanoate, Pentylene Glycol, Carthamus Tinctorius (Safflower) Seed Oil, Olea Europaea (Olive) Fruit Oil, C1215 Alkyl Benzoate, Coconut Alkanes, Hydroxyethyl Acrylate/Sodium Acryloyldimethyl Taurate Copolymer, Ascorbyl Glucoside, Melatonin, Tetrahexyldecyl Ascorbate, Tocopherol, Tocopheryl Acetate, Nordihydroguaiaretic Acid, Sodium Hyaluronate, Palmitoyl Tripeptide38, Echium Plantagineum Seed Oil, Oenothera Biennis (Evening Primrose) Oil, Boerhavia Diffusa Root Extract, Phospholipids, Sphingolipids, Saccharide Isomerate, Citrus Aurantium Dulcis (Orange) Flower Extract, Glycolic Acid, Sodium PCA, Oleanolic Acid, PEG60 Almond Glycerides, Hydrogenated Lecithin, Acrylates/Carbamate Copolymer, BisEthylhexyl Hydroxydimethoxy Benzylmalonate, CocoCaprylate/Caprate, Aluminum Hydroxide, Xanthan Gum, Citric Acid, Disodium EDTA, Hydroxypropyl Cyclodextrin, Sodium Citrate, Caprylyl Glycol, Isohexadecane, Polyhydroxystearic Acid, Sodium Hydroxide, Tromethamine, BHT, Polysorbate 60, Carbomer, Isopropyl Titanium Triisostearate, Sorbitan Isostearate, Stearic Acid, Benzyl Alcohol, Phenoxyethanol, Potassium Sorbate, Sodium Benzoate, Citrus Aurantium Dulcis (Orange) Oil, [+/ (May Contain): Titanium Dioxide (CI 77891), Mica (CI 77019), Iron Oxides (CI 77491, CI 77492, CI 77499)]",51,3833,1.7,0.0,https://www.sephora.com/product/instant-radiance-sun-defense-sunscreen-broad-spectrum-spf-40-P409706?icid2=products%20grid:p409706,1.7,24.705882352941178
Good in Bed™ Passionfruit Softening Night Cream,GLAMGLOW,moisturizing-cream-oils-mists,54.0,"Simmondsia Chinensis (Jojoba) Seed Oil, Glycolic Acid , Butylene Glycol, Persea Gratissima (Avocado) Oil , Glycerin , Cetearyl Alcohol , Butyrospermum Parkii (Shea) Oil , Peg150 Distearate, Polyquaternium37 , Sodium Hydroxide, Passiflora Edulis Seed Oil , Citric Acid , Tartaric Acid , Lactic Acid , Salicylic Acid, Sodium Hyaluronate, Squalane,  Hordeum Vulgare (Barley) Extract\Extrait D'orge , Triticum Vulgare (Wheat) Germ Extract , Aloe Barbadensis Leaf Juice , Algae Extract , Tocopheryl Acetate , Caffeine, Sucrose, Biosaccharide Gum  1 , Pantethine, Xanthan Gum, Fragrance, Limonene, Linalool, Phenoxyethanol, Yellow 5 (Ci 19140), Yellow 6 (Ci 15985).",541,20752,1.5,0.0,https://www.sephora.com/product/good-in-bed-passionfruit-softening-night-cream-P439423?icid2=products%20grid:p439423,1.5,36.0
Nourishing Makeup Removing Oil Cleanser,Tata Harper,moisturizing-cream-oils-mists,82.0,"Helianthus Annuus (Sunflower) Seed Oil*, Olea Europaea (Olive) Oil*, Camellia Sinensis (Green Tea) Seed Oil*, Caprylic/Capric Triglyceride, Polyglyceryl2 Sesquioleate, Shea Butter Ethyl Esters, Polyglyceryl2 Caprate, Simmondsia Chinensis (Jojoba) Seed Oil*, Isopropyl Shea Butterate, Camellia Oleifera Seed Oil*, Ricinus Communis (Castor) Seed Oil, Aroma**, Sambucus Nigra Fruit Extract, Tocopherol, Squalane, Plukenetia Volubilis Seed Oil*, Arnica Montana (Arnica) Extract*, Borago Officinalis (Borage) Leaf Extract*, Calendula Officinalis (Calendula) Flower Extract*, Medicago Sativa (Alfalfa) Extract*, Spiraea Ulmaria (Meadowsweet) Extract*, Silybum Marianum (Milk Thistle) Ethyl Ester, Persea Gratissima (Avocado) Oil*, Prunus Armeniaca (Apricot) Kernel Oil*, Vitis Vinifera (Grape) Seed Oil*, Limonene, Citronellol, Geraniol, Linalool. *Ingredients from organic farming. **Clinical grade essential oils blend.",82,6775,4.1,0.0,https://www.sephora.com/product/nourishing-oil-cleanser-P392142?icid2=products%20grid:p392142,4.1,20.0
Dry Erase® Ultra-Calming Face Cream,Jack Black,moisturizing-cream-oils-mists,38.0,"Aloe Barbadensis Leaf Juice, Caprylic/Capric Triglyceride, Oryza Sativa (Rice) Bran Extract, Simmondsia Chinensis (Jojoba) Seed Oil, Glycerin, Glycereth26, Persea Gratissima (Avocado) Oil, Butyrospermum Parkii (Shea) Butter, Cetearyl Olivate, Cetearyl Alcohol, Sorbitan Olivate, Dimethicone, Ammonium Acryloydimethyltaurate/VP Copolymer, Hydrolyzed Caesalpinia Spinosa Gum, Cetyl Palmitate, Ceteth10 Phosphate, Dicetyl Phosphate, Sorbitan Palmitate, Cucumis Sativus (Cucumber) Fruit Extract, Caesalpinia Spinosa Gum, Arginine, Panthenol, Tetrahexyldecyl Ascorbate, Tocopheryl Acetate, Bisabolol, Zingiber Officinale (Ginger) Root Extract, Camellia Sinensis Leaf Extract*, Spirulina Maxima Extract*, Tetrapeptide21, Ethylhexylglycerin, Hexylene Glycol, Caprylyl Glycol, Phenoxyethanol *Certified Organic.",9,1623,2.5,0.0,https://www.sephora.com/product/dry-erase-ultra-calming-face-cream-P397665?icid2=products%20grid:p397665,2.5,15.2
Plantscription™ Powerful Lifting Overnight Mask,Origins,moisturizing-cream-oils-mists,65.0,"Dimethicone, Isododecane, Glycerin, BisPeg18 Methyl Ether Dimethyl Silane, Peg10 Dimethicone, Butylene Glycol, Pentylene Glycol, Disteardimonium Hectorite, Rosa Damascena Flower Oil*, Lavandula Angustifolia (Lavender) Oil*, Pelargonium Graveolens Flower Oil*, Illicium Verum (Anise) Fruit/Seed Oil*, Citrus Aurantium Bergamia (Bergamot) Fruit Oil*, Carthamus Tinctorius (Safflower) Seed Oil*, Myristica Fragrans (Nutmeg) Kernel Oil*, Citrus Aurantium Dulcis (Orange) Peel Oil*, Citrus Nobilis (Mandarin Orange) Peel Oil*, Citrus Limon (Lemon) Peel Oil*, Litsea Cubeba Fruit Oil*, Hibiscus Abelmoschus Extract, Geraniol, Linalool, Citronellol, Limonene, Citral, Commiphora Mukul Resin Extract, Peucedanum Graveolens (Dill) Extract, Bambusa Vulgaris (Bamboo) Extract, Sucrose**, Rubus Idaeus (Raspberry) Leaf Extract, Helianthus Annuus (Sunflower) Seed Extract, Triticum Vulgare (Wheat) Germ Extract, Prunus Amygdalus Dulcis (Sweet Almond) Seed Extract, Pisum Sativum (Pea) Extract, Algae Extract, Hordeum Vulgare (Barley) Extract/Extrait D'Orge, Anogeissus Leiocarpus Bark Extract, Porphyridium Cruentum Extract, Sigesbeckia Orientalis (St. Paul'S Wort) Extract, Caffeine, Acetyl Hexapeptide8, Sorbitol, Laminaria Digitata Extract, Sodium Hyaluronate, Pullulan, Tocopheryl Acetate, Glucosamine Hcl, Squalane, Caprylic/Capric Triglyceride, Hydroxypropyl Methylcellulose, Polysilicone11, Propylene Carbonate, Polyethylene, Peg6, Peg32, Citric Acid, Sodium Citrate, Sodium Dehydroacetate, Disodium Edta, Bht, Phenoxyethanol <iln41993>* Essential Oil** Organic Sucrose (Brown Sugar)",14,4974,2.5,0.0,https://www.sephora.com/product/plantscription-tm-powerful-lifting-overnight-mask-P405013?icid2=products%20grid:p405013,2.5,26.0
Beautifying Brightening Face Oil with Vitamin C,Tata Harper,moisturizing-cream-oils-mists,98.0,"Squalane, Jojoba Esters, Olea Europaea (Olive) Oil*, Argania Spinosa (Argan) Kernel oil*, Plukenetia Volubilis Seed Oil*, Camellia Oleifera Seed Oil*, Sambucus Nigra Fruit Extract, Arnica Montana (Arnica) Extract*, Borago Officinalis (Borage) Leaf Extract*, Calendula Officinalis (Calendula) Flower Extract*, Medicago Sativa (Alfalfa) Extract*, Spiraea Ulmaria (Meadowsweet) Extract*, Caprylic/Capric/Triglyceride, Alaria Esculenta Extract, Tocopherol, Aroma**, Citral, Geraniol, Limonene, Linalool. *Ingredients from organic farming. **Clinical grade essential oils blend.",25,3316,0.0,0.0,https://www.sephora.com/product/beautifying-face-oil-P417942?icid2=products%20grid:p417942,2.0673014048531417,47.40479533847257
Skin Dope Argan + Hemp Oil,Josie Maran,moisturizing-cream-oils-mists,65.0,"Argania Spinosa (Argan) Kernel Oil*, Cannabis Sativa (Hemp) Seed Oil**. *Organic. **NaturallyDerived.",71,5272,0.0,0.0,https://www.sephora.com/product/skin-dope-argan-hemp-oil-P441057?icid2=products%20grid:p441057,2.0673014048531417,31.441956091844048
Hydra Life Hydration Rescue Intense Sorbet Creme,Dior,moisturizing-cream-oils-mists,69.0,Chamomile Extract: Calms irritation.,23,1885,1.7,0.0,https://www.sephora.com/product/hydra-life-hydration-rescue-intense-sorbet-creme-P430150?icid2=products%20grid:p430150,1.7,40.588235294117645
Dry Skin Saver,Kate Somerville,moisturizing-cream-oils-mists,48.0,"Caprylic/Capric Triglyceride, Petrolatum, Glycerin, Caprylyl Caprylate/Caprate, Stearyl Alcohol, Polyglyceryl2 Stearate, Glyceryl Stearate, Meadowfoam Estolide, Avena Sativa (Oat) Kernel Flour, Dimethicone, Squalane, Helianthus Annuus (Sunflower) Seed Oil Unsaponifiables, Ribes Nigrum (Black Currant) Seed Oil, Centipeda Cunninghamii Extract, Sea Whip Extract, Cardiospermum Halicacabum Flower/Leaf/Vine Extract, Helianthus Annuus (Sunflower) Seed Oil, Rosmarinus Officinalis (Rosemary) Leaf Extract, Undaria Pinnatifida Extract, Tocopherol, Ethyl Linoleate, Phenoxyethanol, Octyldodecanol, Xanthan Gum, Butylene Glycol, Ethylhexylglycerin, Disodium EDTA, Lecithin, BHT, Sodium Metabisulfite",68,7412,4.0,0.0,https://www.sephora.com/product/dry-skin-saver-P412117?icid2=products%20grid:p412117,4.0,12.0
Seaweed Night Cream,Mario Badescu,moisturizing-cream-oils-mists,22.0,"Glycerin, Isopropyl Myristate, Stearic Acid, Propylene Glycol, Cetyl Alcohol, Fucus Vesiculosus Extract, Hydrolyzed Elastin, Collagen, Sodium Hyaluronate, Glyceryl Acrylate/Acrylic Acid Copolymer, Carbomer, Fragrance, Sodium Chloride, Phenoxyethanol, Potassium Sorbate, Methylparaben, Propylparaben, Sodium Benzoate, Triethanolamine, Diazolidinyl Urea, Mica, CI 77891 (Titanium Dioxide), CI 19140 (Yellow 5), CI 42090 (Blue 1), CI 77288 (Chromium Oxide Green).",28,3677,1.0,0.0,https://www.sephora.com/product/mario-badescu-seaweed-night-cream-P440501?icid2=products%20grid:p440501,1.0,22.0
Volcanic Elixir Polynesian Beauty Oil,FARSÁLI,moisturizing-cream-oils-mists,39.0,Calophyllum Tacamahaca Seed oil.,676,25166,0.0,1.0,https://www.sephora.com/product/volcanic-elixir-P430714?icid2=products%20grid:p430714,1.0,39.0
GLOWSETTER™ Makeup Setting Spray,GLAMGLOW,moisturizing-cream-oils-mists,32.0,"Butylene Glycol, Glycerin, Camellia Sinensis (Green Tea) Leaf Extract, Aspalathus Linearis (Red Tea) Leaf Extract, Camellia Sinensis (White Tea) Leaf Extract, Camellia Sinensis (Yellow Tea) Leaf Extract, Caffeine, Dipotassium Glycyrrhizate, Sucrose, Disodium Phosphate, Saccharomyces Lysate Extract, Polysorbate 20, Fragrance, Limonene, Disodium Edta, Phenoxyethanol <iln43151></iln43151>",282,33137,0.0,3.7,https://www.sephora.com/product/glowsetter-makeup-setting-spray-P417865?icid2=products%20grid:p417865,3.7,8.648648648648647
Rosewater Mist with Witch Hazel,boscia,moisturizing-cream-oils-mists,24.0,"Glycerin, Rosa Damascena Flower Caprylyl Glycol, 1,2Hexanediol, Rose Flower Oil, Cymbopogon Martini Oil, Ocimum Basilicum (Basil) Oil, Eugenia Caryophyllus (Clove) Leaf Oil, Chamomile Recutita (Matricaria) Flower Oil, Pelargonium Graveolens Flower Oil, Aloe Barbadensis Leaf Juice Powder, Hamamelis Virginiana (Witch Hazel) Bark/Leaf/Twig Extract, Leuconostoc/Radish Root Ferment Filtrate, Butylene Glycol, Simmondsia Chinensis (Jojoba) Seed Extract, Epilobium Angustifolium Flower/Leaf/Stem.",65,8342,4.73,0.0,https://www.sephora.com/product/rosewater-mist-with-witch-hazel-P434359?icid2=products%20grid:p434359,4.73,5.07399577167019
Sound Sleep Cocoon Night Gel-Cream,Dermalogica,moisturizing-cream-oils-mists,82.0,"Dimethicone, Glycerin, Propanediol, Polymethylsilsesquioxane, Albizia Julibrissin Bark Extract, Dimethicone/PEG10/15 Crosspolymer, Sodium Chloride, Evodia Rutaecarpa Fruit Extract, Lavandula Hybrida Abrial Herb Oil, Tocopheryl Acetate, Terminalia Ferdinandiana Fruit Extract, Caprylhydroxamic Acid, Trisodium Ethylenediamine Disuccinate, Tamarindus Indica Seed Polysaccharide, Dipropylene Glycol, Lavandula Angustifolia (Lavender) Flower Extract, Ethylhexylglycerin, Fusanus Spicatus Wood Oil, Pogostemon Cablin Leaf Oil, Sodium Citrate, PEG10 Dimethicone, Hexanediol, Polyurethane Crosspolymer1, Limonene, Tocopherol, Citric Acid, Linalool, Phenoxyethanol.",124,2331,1.7,0.0,https://www.sephora.com/product/sound-sleep-cocoon-P443369?icid2=products%20grid:p443369,1.7,48.23529411764706
Photo Finish Primer Oil,Smashbox,moisturizing-cream-oils-mists,42.0,"Prunus Amygdalus Dulcis (Sweet Almond) Oil, Prunus Armeniaca (Apricot) Kernel Oil, Simmondsia Chinensis (Jojoba) Seed Oil, Helianthus Annuus (Sunflower) Seed Oil, Tocopheryl Acetate, Squalane, Tocopherol, Anogeissus Leiocarpus Bark Extract, Coffea Arabica (Coffee) Seed Extract, Hordeum Vulgare (Barley) Extract/Extrait D'Orge, Triticum Vulgare (Wheat) Germ Extract, Argania Spinosa Kernel Oil, Calophyllum Inophyllum (Tamanu) Seed Oil, Chamomilla Recutita (Matricaria) Flower Oil, Lavandula Angustifolia (Lavender) Oil, Oenothera Biennis (Evening Primrose) Oil, Rosa Canina (Rose) Fruit Oil, Rubus Idaeus (Raspberry) Seed Oil, Cholesterol, Polysorbate 60, Linoleic Acid, Linalool, Tetrahexyldecyl Ascorbate <iln42052></iln42052>",470,24558,1.0,0.0,https://www.sephora.com/product/photo-finish-primer-oil-P404235?icid2=products%20grid:p404235,1.0,42.0
Super Matte Moisturizer,SEPHORA COLLECTION,moisturizing-cream-oils-mists,17.0,"Aqua (Water), Glycerin : Humectant, Polymethyl Methacrylate, Squalane, Sodium Polyacrylate, PEG7 Glyceryl cocoate, Hydroxyacetophenone, 1,2Hexanediol, Caprylyl Glycol, Acrylates/C1030 Alkyl Acrylate Crosspolymer, Sodium Hyaluronate, Parfum (fragrance), Sodium Hydroxide, Citric Acid",52,4003,1.69,0.0,https://www.sephora.com/product/super-matte-moisturizer-P445444?icid2=products%20grid:p445444,1.69,10.059171597633137
Bio Retinoid™ Anti-Ageing Cream,REN Clean Skincare,moisturizing-cream-oils-mists,69.0,"Rosa Damascena Flower Rosa Rubiginosa Seed Oil, Cetearyl Alcohol, Glycerin, Caprylic/ Capric Triglyceride, Oryza Sativa (Rice) Germ Oil, Oleyl Alcohol, Myristyl Myristate, Cetearyl Glucoside, Gossypium Harbaceum (Cotton) Seed Oil, Dipalmitoyl Hydroxyproline, Triheptanoin, Lauryl Laurate, Phenoxyethanol, Hydroxypropyl Methylcellulose , Bidens Pilosa Extract, Bakuchiol, Oryzanol, Linum Usitatissimum (Linseed) Seed Oil, Pullulan, Kappaphycus Alvarezii Extract, Levan, Olea Europaea (Olive) Leaf Extract, Tocopherol, Sodium Hyaluronate, Xanthan Gum, Ethylhexylglycerin, Parfum (Fragrance), Decyl Glucoside, Porphyridium Cruentum Extract, Sodium Hydroxide, Zizyphus Jujuba Fruit Extract, Helianthus Annuus (Sunflower) Seed Oil, Linalool, Phenethyl Alcohol, BetaCarotene, Daucus Carota Sativa (Carrot) Root Extract, Daucus Carota Sativa (Carrot) Seed Oil, Ascorbyl Palmitate",58,5389,1.7,0.0,https://www.sephora.com/product/bio-retinoid-anti-ageing-cream-P380810?icid2=products%20grid:p380810,1.7,40.588235294117645
White Lucent Brightening Gel Cream,Shiseido,moisturizing-cream-oils-mists,70.0,"Butylene Glycol, Glycerin, Dimethicone, Sd Alcohol 40B (Alcohol Denat.), Triethylhexanoin, Peg/Ppg14/7 Dimethyl Ether, Hydrogenated Polydecene, Behenyl Alcohol, Stearyl Alcohol, Myristyl Myristate, Glyceryl Stearate Se, Trehalose, Potassium Methoxysalicylate, Phytosteryl Macadamiate, Methyl Methacrylate Crosspolymer, Polysorbate 60, Peg40 Stearate, Phenoxyethanol, Dimethylacrylamide/Sodium Acryloyldimethyltaurate Crosspolymer, Hydrogenated Palm Oil, Elaeis Guineensis (Palm) Kernel Oil, Elaeis Guineensis (Palm) Oil, Sorbitan Tristearate, Trisodium Edta, Erythritol, Peg/Ppg17/4 Dimethyl Ether, Sodium Citrate, Fragrance, Dipotassium Glycyrrhizate, 2OEthyl Ascorbic Acid, Alcohol, Silica, Xanthan Gum, Caffeine, Linalool, Citric Acid, Sodium Metaphosphate, Ppg3 Dipivalate, Hdi/Trimethylol Hexyllactone Crosspolymer, Tocopherol, Citronellol, Sodium Metabisulfite, Geraniol, Angelica Keiskei Leaf/Stem Extract, Limonene, Paeonia Albiflora Root Extract, Crataegus Monogyna Flower Extract, Acrylates/C1030 Alkyl Acrylate Crosspolymer, Fructose, Rehmannia Chinensis Root Extract, Iron Oxides (Ci 77491), Prunus Yedoensis Leaf Extract, Ziziphus Jujuba Fruit Extract, Pyrola Incarnata Extract, Potentilla Erecta Root Extract, Polyquaternium51, Benzoic Acid.",16,2299,1.7,0.0,https://www.sephora.com/product/white-lucent-brightening-gel-cream-P443375?icid2=products%20grid:p443375,1.7,41.1764705882353
Plant Stem Cell Day Cream SPF 30,SOBEL SKIN Rx,moisturizing-cream-oils-mists,75.0,"Purified Dimethicone, Hexyl Laurate, Stearic Acid, Malus Domestica Fruit Cell Culture Extract, Leontopodium Alapinum Callus Culture Extract, PEG10 Dimethicone, Polyhydroxystearic Acid, Cyclopentasiloxane, Squalane, Cetyl PEG/PPG10/1 Dimethicone, PEG/PPG18/18 Dimethicone, Tocopheryl Acetate, Polymethylsilsesquioxane, Triemthylsiloxysilicate, Isododecane, Disteardimonium, Hectorite, Propylene Carbonate, Butylene Glycol, Phenoxyethanol, Caprylyl Glycol, Potassium Sorbate, Hexylene Glycol, Polysorbate 20, Panthenol, Decyl Glucoside, Glycerin, Xanthan Gum, Lecithin, Hydrogenated, Phosphatidylcholine, Caprylic/Capric Triglyceride, Pentylene Glycol, Shea Butter, Ceramide III, Helianthus Annuus (Sunflower) Seed Oil, Persea Gratissima Oil, Macadamia Ternifolia Seed Oil, Rosa, Moschata Seed Oil, Rosmarinus Officinalis Leaf Extract",2,181,1.7,0.0,https://www.sephora.com/product/sobel-skin-rx-plant-stem-cell-day-cream-spf-30-P451747?icid2=products%20grid:p451747,1.7,44.11764705882353
DermalQuench Liquid Lift™ Advanced Wrinkle Treatment ,Kate Somerville,moisturizing-cream-oils-mists,95.0,"*Propellant is an IsobutanePropane blend that evaporates when product is expelled from container, and it dissipates prior to contact with skin.",121,6615,0.0,2.5,https://www.sephora.com/product/dermal-quench-liquid-lift-advanced-wrinkle-treatment-P306941?icid2=products%20grid:p306941,2.5,38.0
Multi-Biotic Balancing Moisturizer ,The INKEY List,moisturizing-cream-oils-mists,12.99,"Inulin, Glycerin, Isoamyl Laurate, Propanediol, Squalane, Cetearyl Olivate, Sorbitan Olivate, Avena Sativa (Oat) Kernel Oil, Phenoxyethanol, Yogurt Powder, Sodium Caproyl Prolinate, Carbomer, Isoamyl Cocoate, Benzyl Alcohol, Sodium Hyaluronate, Sodium Stearoyl Glutamate, Ethylhexylglycerin, Diglucosyl Gallic Acid, Trisodium Ethylenediamine Disuccinate, Dehydroacetic Acid Polysorbate 60, Dehydroacetic Acid, Citric Acid, Heptapeptide7, Lecithin, Potassium Sorbate, Propanediol, Sodium Benzoate, Xanthan Gum, Sorbitan Isostearate.",109,3632,1.0,0.0,https://www.sephora.com/product/multi-biotic-moisturizer-P443832?icid2=products%20grid:p443832,1.0,12.99
Powerful Wrinkle Reducing Cream,Kiehl's Since 1851,moisturizing-cream-oils-mists,60.0,"Cyclohexasiloxane, Glycerin, Apricot Kernel Oil, Cetyl Alcohol, Dimethicone, Corn Starch, Petrolatum, Glyceryl Stearate, Potassium Cetyl Phosphate, Peg40 Stearate, Sorbitan Tristearate, Beeswax, Butylene Glycol, Phenoxyethanol, Dimethiconol, Caprylyl Glycol, Palmitoyl Hydrolyzed Wheat Protein, Stearyl Alcohol, Myristyl Alcohol, Arginine PCA, Tocopherol, Calcium PCA, Ginkgo Biloba Leaf Extract, Adenosine, Hydrolyzed Soy Protein, Copper PCA, Alteromonas Ferment Extract, Corallina Officinalis Extract.",11,1934,0.0,1.7,https://www.sephora.com/product/powerful-wrinkle-reducing-cream-P422262?icid2=products%20grid:p422262,1.7,35.294117647058826
Hyaluronic Facial Cream,Dr. Brandt Skincare,moisturizing-cream-oils-mists,72.0,"Butyrospermum Parkii (Shea) Butter, Polymethyl Methacrylate, Dimethicone/Vinyl Dimethicone Crosspolymer, Sodium Acrylates Copolymer, Dimethylsilanol Hyaluronate, Phospholipids, Phenoxyethanol, Lecithin, Methylpropanediol, Xanthan Gum, Trehalose, Caprylyl Glycol, Chlorphenesin, Hyaluronic Acid, Silanetriol, Sodium Hyaluronate, Tocopherol, Silanediol Salicylate, Propanediol, Disodium Edta, Ethylhexylglycerin, Peg40 Stearate, Silica, Tromethamine, Helianthus Annuus (Sunflower) Seed Oil, Isoceteth10, Ornithine, Betaine, Diethylhexyl Adipate, Glycolic Acid, Lactic Acid, Palmitoyl Oligopeptide, Ricinus Communis (Castor) Seed Oil, Anthemis Nobilis Flower Oil, C1018 Triglycerides, Olea Europaea (Olive) Fruit Oil, Polyvinyl Alcohol, Methylsilanol Hydroxyproline Aspartate, Centella Asiatica Extract, Glycolipids, Pentylene Glycol, Glycerin, Salicylic Acid, Potassium Sorbate, Lavandula Angustifolia (Lavender) Flower Oil, Levulinic Acid, Panisic Acid, Sodium Hydroxide, Hydrolyzed Wheat Protein, Glyceryl Caprylate, Decapeptide22, Oligopeptide78, Palmitoyl Decapeptide21, Phenylpropanol, Zinc Palmitoyl Nonapeptide14, Linalool.",14,1239,1.7,0.0,https://www.sephora.com/product/hyaluronic-facial-cream-P442001?icid2=products%20grid:p442001,1.7,42.35294117647059
Face Cream Rich,Dr. Barbara Sturm,moisturizing-cream-oils-mists,230.0,"Water (Aqua), Octyldodecanol, Urea, Glycerin, Butyrospermum Parkii (Shea) Butter, Decyl Oleate, Zea Mays (Corn) Germ Oil, C12­15 Alkyl Benzoate, Cetearyl Alcohol, Hydrogenated Vegetable Glycerides, Vitis Vinifera (Grape) Seed Oil, Lactobacillus/Portulaca Oleracea Ferment Extract, Persea Gratissima (Avocado) Oil, Sorbitol, Propanediol, Potassium Cetyl Phosphate, Tocopheryl Acetate, Dimethicone, Phytosterols, Phenoxyethanol, Hydrogenated Palm Glycerides, Panthenol, Olea Europaea (Olive) Fruit Oil, Carbomer, Xanthan Gum, Ethylhexylglycerin, Potassium Sorbate, Alcohol, Leuconostoc/Radish Root Ferment Filtrate, Caprylic/Capric Triglyceride, Baicalin, Ascorbyl Palmitate, Pantolactone, Citric Acid, Ascorbic Acid.",2,586,1.69,0.0,https://www.sephora.com/product/dr-barbara-sturm-face-cream-rich-P448553?icid2=products%20grid:p448553,1.69,136.09467455621302
Chia Seed Moisture Cream,boscia,moisturizing-cream-oils-mists,38.0,"Glycerin, Butyrospermum Parkii (Shea) Butter, Cetyl Alcohol, Simmondsia Chinensis (Jojoba) Seed Oil, C1018 Triglycerides, Glyceryl Stearate Citrate, C1519 Alkane, Salvia Hispanica Seed Oil, Sambucus Nigra Fruit Juice, Sodium PCA, Sodium Hyaluronate, Simmondsia Chinensis (Jojoba) Seed Extract, Epilobium Angustifolium Flower/Leaf/Stem Extract, 1,2 Hexanediol, Caprylyl Glycol, Hydroxyacetophenone, Hydrogenated Lecithin, Lecithin, Butylene Glycol, Xanthan Gum, Carbomer, Ethanol, Polyglyceryl3 Stearate, Sodium Hy.",20,2181,1.61,0.0,https://www.sephora.com/product/chia-seed-moisture-cream-P449170?icid2=products%20grid:p449170,1.61,23.60248447204969
Repairwear Uplifting Firming Cream Broad Spectrum SPF 15,CLINIQUE,moisturizing-cream-oils-mists,66.0,"Octinoxate 7.50% , Octisalate 3.50% , Titanium Dioxide 1.70%Neopentyl Glycol Diheptanoate , Simmondsia Chinensis (Jojoba) Butter , Glycerin , Petrolatum , Octyldodecyl Neopentanoate , DiC1215 Alkyl Fumarate , Dimethicone , Hydrogenated Lecithin , Butylene Glycol , Hydrogenated Polyisobutene , Hexyldecyl Stearate , Sigesbeckia Orientalis (St. Paul'S Wort) Extract , Whey Protein/Lactis Protein/Proteine Du PetitLait , Salvia Sclarea (Clary) Extract , Chlorella Vulgaris Extract , Commiphora Mukul Resin Extract , Litchi Chinensis Seed Extract , Laminaria Digitata Extract , Cladosiphon Okamuranus Extract , Plankton Extract , Astrocaryum Murumuru Seed Butter , Acetyl Hexapeptide8 , Lecithin , Polyethylene , Pentylene Glycol , Potato Starch Modified , Ergothioneine , Glyceryl Stearate , Caffeine , Sorbitol , Behenyl Alcohol , Sodium Hyaluronate , Methicone , Tocopheryl Acetate , Peg100 Stearate , Pentaerythrityl Tetraethylhexanoate , Caprylyl Glycol , C1216 Alcohols , Cholesterol , Caprylic/Capric Triglyceride , Polysilicone11 , Dextrin , Palmitic Acid , Tetrahexyldecyl Ascorbate , Hexylene Glycol , Citric Acid , Xanthan Gum , Alumina , Ammonium Acryloyldimethyltaurate/Vp Copolymer , Sodium Hydroxide , Disodium Edta , Potassium Sorbate , Phenoxyethanol , Red 4 (Ci 14700) , Yellow 5 (Ci 19140) , Titanium Dioxide (Ci 77891) , Mica <iln39272></iln39272>",13,797,1.7,0.0,https://www.sephora.com/product/repairwear-uplifting-firming-cream-broad-spectrum-spf-15-P376946?icid2=products%20grid:p376946,1.7,38.82352941176471
Hemp Oil Moisturizer,The INKEY List,moisturizing-cream-oils-mists,12.99,"Glycerin, Cannabis Sativa Seed Oil, Isoamyl Laurate, Cocos Nucifera (Coconut) Oil, Betaine, Pentaerythrityl Distearate, Propanediol, Camellia Sinensis (Green Tea) Leaf Extract, Polyacrylate Crosspolymer6, Phenoxyethanol, Sodium Levulinate, Sodium Benzoate, Potassium Sorbate, Sodium Anisate, Sodium Stearoyl Glutamate, Xanthan Gum, Ethylhexylglycerin, Trisodium Ethylenediamine Disuccinate, Sodium Hydroxide, tButyl Alcohol.",20,4022,1.0,0.0,https://www.sephora.com/product/hemp-moisturizer-P443836?icid2=products%20grid:p443836,1.0,12.99
Orchid Youth-Enriched Cream,innisfree,moisturizing-cream-oils-mists,29.0,"Cyclopentasiloxane, Propanediol, Glycerin, Cyclohexasiloxane, Peg10 Dimethicone, Squalane, Niacinamide, Diphenylsiloxy Phenyl Trimethicone, Disteardimonium Hectorite, Sodium Chloride, 1,2Hexanediol, Lauryl Peg9 Polydimethylsiloxyethyl Dimethicone, Dimethicone, Polysilicone11, Fragrance/Parfum, Dimethicone/Vinyl Dimethicone Crosspolymer, Ethylhexylglycerin, Adenosine, Kaolin, Disodium EDTA, Hyaluronic Acid, Betaine, Glucose, Orchid Extract, Tocopherol, Arginine/Lysine Polypeptide.",508,2209,1.69,0.0,https://www.sephora.com/product/orchid-youth-enriched-cream-P449855?icid2=products%20grid:p449855,1.69,17.159763313609467
Seaberry Skin Nutrition Booster,Fresh,moisturizing-cream-oils-mists,47.0,"Camellia Oleifera Seed Oil, Prunus Armeniaca (Apricot) Kernel Oil, Hippophae Rhamnoides Oil, Solanum Lycopersicum (Tomato) Fruit/Leaf/Stem Extract, Bixa Orellana Seed Extract, Helianthus Annuus (Sunflower) Seed Oil, Rosmarinus Officinalis (Rosemary) Leaf Extract, Ascorbyl Tetraisopalmitate, Tocopherol, Caprylic/Capric Triglyceride, Bht",115,14171,0.5,0.0,https://www.sephora.com/product/seaberry-skin-nutrition-booster-P394924?icid2=products%20grid:p394924,0.5,94.0
WASO: Color-Smart Day Moisturizer SPF 30 Sunscreen,Shiseido,moisturizing-cream-oils-mists,38.0,"Dimethicone, Glycerin, Sd Alcohol 40B, Pentaerythrityl Tetraethylhexanoate, PEG9 Polydimethylsiloxyethyl Dimethicone, Triisostearin, Methyl Methacrylate Crosspolymer, Hydrogenated Polydecene, Dipropylene Glycol, Disteardimonium Hectorite, Erythritol, Silica, Trehalose, PEG6, PEG32, Caffeine, Betaine, PEG/PPG17/4 Dimethyl Ether, Dipeptide15, Phytosteryl/Octyldodecyl Lauroyl Glutamate, Paeonia Albiflora Root Extract, Lamium Album Flower/Leaf/Stem Extract, Daucus Carota Sativa (Carrot) Root Protoplasts, Citrus Junos Seed Extract, Ppg17, Aluminum Hydroxide, Stearic Acid, Isostearic Acid, Trisodium Edta, Butylene Glycol, Polyester1, Alcohol, Silica Dimethyl Silylate, BHT, Alumina, Triethoxycaprylylsilane, Sodium Metabisulfite, Tocopherol, Phenoxyethanol, Benzoic Acid, Fragrance, Titanium Dioxide, Iron Oxides, Mica.",48,4745,1.8,0.0,https://www.sephora.com/product/waso-color-smart-day-moisturizer-broad-spectrum-spf-30-P421770?icid2=products%20grid:p421770,1.8,21.11111111111111
"DayWear Advanced Multi-Protection Anti-Oxidant Creme, Normal/Combination",Estée Lauder,moisturizing-cream-oils-mists,34.0,"Dimethicone, Glycerin, Sd Alcohol 40B, Pentaerythrityl Tetraethylhexanoate, PEG9 Polydimethylsiloxyethyl Dimethicone, Triisostearin, Methyl Methacrylate Crosspolymer, Hydrogenated Polydecene, Dipropylene Glycol, Disteardimonium Hectorite, Erythritol, Silica, Trehalose, PEG6, PEG32, Caffeine, Betaine, PEG/PPG17/4 Dimethyl Ether, Dipeptide15, Phytosteryl/Octyldodecyl Lauroyl Glutamate, Paeonia Albiflora Root Extract, Lamium Album Flower/Leaf/Stem Extract, Daucus Carota Sativa (Carrot) Root Protoplasts, Citrus Junos Seed Extract, Ppg17, Aluminum Hydroxide, Stearic Acid, Isostearic Acid, Trisodium Edta, Butylene Glycol, Polyester1, Alcohol, Silica Dimethyl Silylate, BHT, Alumina, Triethoxycaprylylsilane, Sodium Metabisulfite, Tocopherol, Phenoxyethanol, Benzoic Acid, Fragrance, Titanium Dioxide, Iron Oxides, Mica.",46,3459,0.0,1.0,https://www.sephora.com/product/daywear-advanced-multi-protection-anti-oxidant-creme-broad-spectrum-spf-15-normal-combination-P380000?skuId=1468164&icid2=products%20grid:p380000,1.0,34.0
SEA Radiance Drops,tarte,moisturizing-cream-oils-mists,32.0,"Neopentyl Glycol Diheptanoate, Isododecane, Jojoba Esters, Mica, Glyceryl Caprylate, Fragrance, Passiflora Edulis (Passion Fruit) Seed Oil, Jojoba Oil/Macadamia Seed Oil Esters, Limonene, Squalene, Tocopherol, Cocos Nucifera (Coconut) Oil, Phytosteryl Macadamiate, Phytosterols, Algae Extract, Gardenia Taitensis Flower, Titanium Dioxide (CI 77891), Iron Oxides (CI 77491), Carmine (CI 75470).",322,46997,1.0,0.0,https://www.sephora.com/product/sea-radiance-drops-P420412?icid2=products%20grid:p420412,1.0,32.0
Firming Day Cream - Firm + Illuminate,SEPHORA COLLECTION,moisturizing-cream-oils-mists,17.0,"The ingredients that enter in the composition of this product are regularly updated. Before using this product, please read the ingredient list on its packaging to ensure that the ingredients are suitable for your personal use.",5,909,1.69,0.0,https://www.sephora.com/product/sephora-collection-firming-day-cream-firm-illuminate-P455216?icid2=products%20grid:p455216,1.69,10.059171597633137
Turmeric Brightening Moisturizer ,The INKEY List,moisturizing-cream-oils-mists,12.99,"Squalane, Cocos Nucifera (Coconut) Oil, C1216 Alcohols, Avena Sativa (Oat) Kernel Flour, Curcuma Longa Root (Turmeric) Root Extract, Avena Sativa (Oat) Kernel Oil, Palmitic Acid, Tocopheryl Acetate, Phenoxyethanol, Lecithin, Glycerin, Xanthan Gum, Sodium Levulinate, Sodium Anisate, Ethylhexylglycerin, Sodium Stearoyl Glutamate, Trisodium Ethylenediamine Disuccinate, Tocopherol.",116,3997,1.0,0.0,https://www.sephora.com/product/turmeric-moisturizer-P443835?icid2=products%20grid:p443835,1.0,12.99
Mini Magic Night 15ml Travel Size,Charlotte Tilbury,moisturizing-cream-oils-mists,45.0,"Glycerin, Ricinus Communis (Castor) Seed Oil, Caprylic/Capric Triglyceride, Sucrose Stearate, Ethylhexyl Stearate, Olus/Vegetable Oil/Huile Végétale, Dipentaerythrityl Hexacaprylate/Hexacaprate, Hydroxystearic/Linolenic/Oleic Polyglycerides, C2040 Alcohols, Isodecyl Neopentanoate, Butylene Glycol, Phenoxyethanol, Microcrystalline Cellulose, Cera Alba/Beeswax/Cire D'abeille, Polysorbate 20, Ethylhexylglycerin, Chlorphenesin, Cellulose Gum, Fragrance, Titanium Dioxide, Xanthan Gum, Hydroxypropyl Cyclodextrin, Chondrus Crispus Extract, Squalane, Helianthus Annuus (Sunflower) Seed Oil, Hexyl Cinnamal, Benzyl Benzoate, Peg8, Caramel, Tocopherol, Retinol, Linalool, Hydroxycitronellal, Cinnamyl Alcohol, Daphne Odora Callus Extract, Eugenol, Ascorbyl Palmitate, Nicotiana Sylvestris Leaf Cell Culture, Plumeria Rubra Flower Extract, Ubiquinone, Lecithin, Ascorbic Acid, Citric Acid, Ascorbyl Tetraisopalmitate, Benzoic Acid, Red 33 (Ci 17200), Yellow 6 (Ci 15985), Yellow 5 (Ci 19140).",0,870,0.5,0.0,https://www.sephora.com/product/mini-magic-night-15ml-travel-size-P451727?icid2=products%20grid:p451727,0.5,90.0
Hyaluronic Acid Gel Moisturizer,Tata Harper,moisturizing-cream-oils-mists,116.0,"Hordeum Vulgare Leaf Juice*, Glycerin, Propanediol, Cocos Nucifera (Coconut) Oil*, Shea Butter Ethyl Esters, Fructooligosaccharides, Polyglyceryl2 Stearate, Lavandula Angustifolia (Lavender) Flower/Leaf/Stem Water*, Rosa Damascena Flower Water*, Salvia Hispanica Seed Extract, Hyaluronic Acid, Sodium Hyaluronate, Musa Sapientum Flower Extract, Salicornia Herbacea Extract, Biosaccharide Gum1, Saccharide Isomerate, Carthamus Tinctorius (Safflower) Oleosomes, Camellia Oleifera Seed Oil*, Tremella Fuciformis Sporocarp Extract, Anigozanthos Flavidus Extract, Banksia Serrata Flower Extract, Grevillea Speciosa Flower Extract, Arnica Montana (Arnica) Extract*, Borago Officinalis (Borage) Leaf Extract*, Calendula Officinalis (Calendula) Flower Extract*, Medicago Sativa (Alfalfa) Extract*, Spiraea Ulmaria (Meadowsweet) Extract*, Magnolia Officinalis Bark Extract, Beet Root Extract, Squalane, Jojoba Esters, Sambucus Nigra Fruit Extract, Tocopherol, Myrica Cerifera Fruit Wax, Olea Europaea (Olive) Oil*, Helianthus Annuus Seed Oil, Glyceryl Caprylate, Glyceryl Stearate, Glyceryl Undecylenate, Stearyl Alcohol, Lysolecithin, Sodium Levulinate, Caprylic/Capric Triglyceride, Sodium Anisate, Xanthan Gum, Sclerotium Gum, Pullulan, Sodium Phytate, Phenethyl Alcohol, Sodium Citrate, Citric Acid, Silica, Alcohol, Aroma**, Linalool, Citronellol, Citral, Benzyl Benzoate, Benzyl Alcohol, Geraniol, Limonene, Eugenol. *Ingredients from organic farming. **Clinical grade essential oils blend.",12,1315,1.7,0.0,https://www.sephora.com/product/hyaluronic-acid-gel-moisturizer-P446919?icid2=products%20grid:p446919,1.7,68.23529411764706
Peptide 21™ Lift & Firm Moisturizer,Peter Thomas Roth,moisturizing-cream-oils-mists,78.0,"Glycerin, Dimethicone, Olive Oil Decylesters, Glycereth26, Squalane, Butylene Glycol, Behenyl Alcohol, Polysilicone11, Batyl Alcohol, Simmondsia Chinensis (Jojoba) Seed Oil, Hexapeptide11, Dipeptide Diaminobutyroyl Benzylamide Diacetate, Palmitoyl Tripeptide5, Tripeptide10 Citrulline, Acetyl Hexapeptide1, Acetyl Tetrapeptide11, Acetyl Hexapeptide8, Palmitoyl Hexapeptide12, Acetyl Tetrapeptide9, Palmitoyl Tetrapeptide7, Acetyl Tetrapeptide2, Acetyl Octapeptide3, Palmitoyl Hexapeptide19, Trifluoroacetyl Tripeptide2, Tripeptide1, Palmitoyl Oligopeptide, Palmitoyl Tripeptide1, Potassium Hydrolyzed PolygammaGlutamate, Sodium Polyglutamate, Squalene, Mica (Ci 77019), Sodium Hyaluronate, Sorbic Acid, Tocopherol, Cereus Grandiflorus (Cactus) Flower Extract, Pseudoalteromonas Ferment Extract, Leuconostoc/Radish Root Ferment Filtrate, Magnesium Chloride, Phenoxyethanol, Cetyl Alcohol, Stearyl Alcohol, Trehalose, Glyceryl Stearate, Silanetriol Trehalose Ether, Mannitol, Phytosterols, Acrylates/C1030 Alkyl Acrylate Crosspolymer, Caprylic/Capric Triglyceride, Hydrogenated Lecithin, Polyglyceryl10 Myristate, Polysorbate 20, Dimethyl Isosorbide, Sodium Benzoate, Potassium Sorbate, Caprylyl Glycol, Sodium Hydroxide, Laureth12, Hydrolyzed Wheat Protein, Lecithin, Disodium Phosphate, Hydrolyzed Soy Protein, Carbomer, Dextran, Ethylhexylglycerin, Sodium Lactate, Tetradecyl Aminobutyroylvalylaminobutyric Urea Trifluoroacetate, Sodium Phosphate, Xanthan Gum, Triethanolamine, Acrylates Copolymer.",481,2714,3.4,0.0,https://www.sephora.com/product/peptide-21-lift-firm-moisturizer-P442743?icid2=products%20grid:p442743,3.4,22.941176470588236
Multi Active Day Cream - All Skin Types,Clarins,moisturizing-cream-oils-mists,55.0,"Caprylic/Capric Triglyceride, Propanediol, Glycerin, Cetearyl Isononanoate, Cellulose, Hydroxyethyl Acrylate/Sodium Acryloyldimethyl Taurate Copolymer, Phenoxyethanol, Fragrance, Dipsacus Sylvestris Extract, Acrylates/C1030 Alkyl Acrylate Crosspolymer, Ci 77891/Titanium Dioxide, Synthetic Fluorphlogopite, Ethylhexylglycerin, Ppg5Ceteth20, Tocopheryl Acetate, Tromethamine, Sodium Hyaluronate, Citric Acid, Butylene Glycol, Diospyros Mespiliformis Leaf Extract, Maltodextrin, Disodium Edta, Sanicula Europaea Extract, Myrothamnus Flabellifolia Extract, Lapsanacommunis Flower/Leaf/Stem Extract, Furcellaria Lumbricalis Extract, Sodium Citrate, Potassium Sorbate, Ascorbic Acid, Ci 14700/Red 4, Glycolic Acid, Lactic Acid, Maris Sal/Sea Salt/Sel Marin, Polyvinyl Alcohol, Ci 17200/Red 33, Copper Palmitoyl Heptapeptide14, Heptapeptide15 Palmitate",18,2942,1.6,0.0,https://www.sephora.com/product/multi-active-jour-P406943?icid2=products%20grid:p406943,1.6,34.375
MOISTURETRIP™ Omega-Rich Face Moisturizer,GLAMGLOW,moisturizing-cream-oils-mists,54.0,"Caprylic/Capric Triglyceride, Dicaprylyl Carbonate, Cannabis Sativa Seed Oil, Glycerin, Glyceryl Stearate, Pentylene Glycol, Cetearyl Alcohol, Peg100 Stearate, Fuscoporia Obliqua Sclerotium Extract, Butyrospermum Parkii (Shea) Butter, Sodium Hyaluronate, Cetearyl Olivate, Sorbitan Olivate, Zingiber Officianle (Ginger) Root Extract, Linoleic Acid, Tocopheryl Acetate, Bisabolol, Ethylhexylglycerin, Ishoexadecane, Octyldodecanol, Cellulose, Polysorbate 80, Butylene Glycol, Caprylyl Glycol, Hexylene Glycol, Sodium Acrylate/Sodium Acryloyldimethyl Taurate Copolymer, BHT, Disodium EDTA, Phenoxythanol, Potassium Sorbate, Blue 1 (CI 42090, Yellow 5 (CI 19140).",71,5592,1.7,0.0,https://www.sephora.com/product/moisturetrip-omega-rich-cannabis-sativa-seed-moisturizer-P446114?icid2=products%20grid:p446114,1.7,31.764705882352942
Radiance Face Oil,Eve Lom,moisturizing-cream-oils-mists,80.0,"Cannabis Sativa Seed Oil, Triticum Vulgare (Wheat) Germ Oil, Triisostearin, Crambe Abyssinica Seed Oil, Persea Gratissima (Avocado) Oil, Phytosteryl/Octyldodecyl Lauroyl Glutamate, Ascorbyl Tetraisopalmitate, Rosa Canina Fruit Oil, Caprylic/Capric Triglyceride, Helianthus Annuus (Sunflower) Seed Oil, Argania Spinosa Kernel Oil, Borago Officinalis Seed Oil, Butyrospermum Parkii (Shea Butter) Oil, Trimethylpentanediol/Adipic Acid Copolymer, Tocopheryl Acetate, Spilanthes Acmella Flower Extract, Rosa Damascena Flower Oil, Rosmarinus Officinalis (Rosemary) Leaf Extract, Citronellol, Cedrus Atlantica (Cedarwood) Bark Oil, Geraniol, Santalum Album (Sandalwood) Oil, Elettaria Cardamomum Seed Oil, Glycine Soja (Soybean) Oil, Calendula Officinalis Extract, Linalool, Eugenol, Citral.",7,1757,1.0,0.0,https://www.sephora.com/product/radiance-face-oil-P428419?icid2=products%20grid:p428419,1.0,80.0
Omega Hydrating Oil,LANCER Skincare,moisturizing-cream-oils-mists,80.0,"Vitis Vinifera (Grape) Seed Oil, Simmondsia Chinensis (Jojoba) Seed Wax, Olea Europaea (Olive) Husk Oil, Helianthus Annuus (Sunflower) Seed Oil, Candida Bombicola/Glucose/Methyl Rapeseedate Ferment, Olea Europaea (Olive) Fruit Oil, Isosorbide Dicaprylate, Ethyl Linoleate, Angelica Gigas Root Extract, Lithospermum Erythrorhizon Root Extract, Glycyrrhiza Uralensis (Licorice) Root Extract, Argania Spinosa Kernel Oil, Linum Usitatissimum (Linseed) Seed Oil, Tetrahexyldecyl Ascorbate, Curcuma Longa (Turmeric) Root Oil, Isopropyl Myristate, ChlorophyllinCopper Complex, Oryza Sativa (Rice) Bran Extract, Rosmarinus Officinalis (Rosemary) Leaf Extract, Helianthus Annuus (Sunflower) Seed Extract, Tocopherol.",327,3288,1.0,0.0,https://www.sephora.com/product/omega-hydrating-oil-P429666?icid2=products%20grid:p429666,1.0,80.0
Advanced Anti-Aging Repairing Oil,Algenist,moisturizing-cream-oils-mists,82.0,"Chlorella Protothecoides Oil, Cetearyl Ethylhexanoate, Isopropyl Isostearate, Caprylic/Capric Triglyceride, Ceramide 3, Alaria Esculenta Extract, Retinyl Palmitate, Tocopherol, Rosmarinus Officinalis Leaf Extract, Helianthus Annuus Seed Oil, Cymbopogon Martini Oil, Geraniol.",230,7840,1.0,0.0,https://www.sephora.com/product/advanced-anti-aging-repairing-oil-P379907?icid2=products%20grid:p379907,1.0,82.0
A Perfect World™ Antioxidant Moisturizer with White Tea,Origins,moisturizing-cream-oils-mists,47.0,"Caprylic/Capric Triglyceride, Dimethicone, Diethylhexyl Succinate, Cetyl Ethylhexanoate, Butylene Glycol, Glycerin, Peg100 Stearate, Simmondsia Chinensis (Jojoba) Seed Oil, Cetearyl Alcohol, Glyceryl Stearate, Citrus Aurantium Bergamia (Bergamot) Fruit Oil*, Citrus Limon (Lemon) Peel Oil*, Citrus Aurantium Dulcis (Orange) Oil*, Cinnamomum Camphora (Camphor) Bark Oil*, Mentha Viridis (Spearmint) Leaf Oil*, Magnolia Acuminata Flower Extract, Iris Pallida Root Extract, Rosa Damascena Extract, Citral, Linalool, Limonene, Behenyl Alcohol, Tribehenin, Pentylene Glycol, Camellia Sinensis (White Tea) Leaf Extract, Vaccinium Angustifolium (Blueberry) Fruit Extract, Vaccinium Macrocarpon (Cranberry) Fruit Extract, Solanum Tuberosum (Potato) Pulp Extract, Lycium Chinense (Wolfberry) Fruit Extract, Eriobotrya Japonica (Loquat) Leaf Extract, Betula Alba (Birch) Bark Extract, Leontopodium Alpinum Extract, Passiflora Incarnata Flower Extract, Lythrum Salicaria Extract, Thermus Thermophillus Ferment, Sigesbeckia Orientalis (St. Paul'S Wort) Extract, Boswellia Serrata Extract, Saccharomyces Lysate Extract, Sodium Hyaluronate, Yeast Extract/Faex/Extrait De Levure, Tocopheryl Acetate, Sorbitol, Trehalose, Oryzanol, Algae Extract, Ergothioneine, Urea, Lecithin, Polysilicone11, Cetearyl Glucoside, Caprylyl Glycol, Sodium Pca, Magnesium Ascorbyl Phosphate, Potassium Hydroxide, Xanthan Gum, Carbomer, Hexylene Glycol, Polyquaternium51, Pentaerythrityl TetraDiTButyl Hydroxyhydrocinnamate, Disodium Edta, Bht, Potassium Sorbate, Phenoxyethanol <iln43288>* Essential Oil",19,2959,1.7,0.0,https://www.sephora.com/product/a-perfect-world-antioxidant-moisturizer-with-white-tea-P417306?icid2=products%20grid:p417306,1.7,27.647058823529413
+Retinol Vitamin C Moisturizer,Kate Somerville,moisturizing-cream-oils-mists,90.0,"Neopentyl Glycol Diheptanoate, Caprylic/Capric Triglyceride, Propanediol, Cetearyl Alcohol, Cocoglycerides, Cetyl Esters, Parfum/Fragrance, Stearyl Alcohol, Glyceryl Stearate, Dimethicone, Tridecyl Neopentanoate, Ppg26Buteth26, Glycerin, BisStearyl Dimethicone, Retinol, Ascorbic Acid, Tocopheryl Acetate, Panthenol, Physalis Angulata Extract, Volcanic Soil, Tocopherol, Adenosine, Hyaluronic Acid, Ethylhexylglycerin, Amylopectin, Peg40 Stearate, Peg40 Hydrogenated Castor Oil, 1,2Hexanediol, Polyacrylate Crosspolymer6, Polysorbate 20, Ceteareth20, Polysilicone11, Caprylhydroxamic Acid, Arachidyl Alcohol, TButyl Alcohol, Bha, Citric Acid, Disodium Edta, Cetyl Alcohol, Bht, Linalool, Limonene.",128,2519,1.7,0.0,https://www.sephora.com/product/retinol-vitamin-c-moisturizer-P448932?icid2=products%20grid:p448932,1.7,52.94117647058824
Kinetin+ Hydrating Cream,Obagi Clinical,moisturizing-cream-oils-mists,55.0,"Glyceryl Stearate, Propylene Glycol, Octyldodecyl Myristate, Stearic Acid, Cetyl Alcohol, PEG12 Glyceryl Dimyristate, Stearyl Alcohol, Lactobacillus Ferment, Glycine Soja (Soybean) Sterols, Phenoxyethanol, Laureth23, Dimethicone, Carbomer, Tocopheryl Acetate, Ethoxydiglycol, Sodium Hydroxide, Ethylhexylglycerin, Kinetin, Zeatin, Pentaerythrityl TetraDiTButyl Hydroxyhydrocinnamate, Disodium EDTA, Panthenol, Citric Acid, Ascorbic Acid, Hydrolyzed Elastin, Soluble Collagen, Aloe Barbadensis Leaf Juice, Hydrochloric Acid.",125,1464,1.7,0.0,https://www.sephora.com/product/kinetin-hydrating-cream-P442751?icid2=products%20grid:p442751,1.7,32.35294117647059
Multi-Miracle Glow Cleansing Balm,Charlotte Tilbury,moisturizing-cream-oils-mists,60.0,"Glycerin, Caprylic/Capric Triglyceride, Cyclopentasiloxane, Sucrose Stearate, Phenyl Trimethicone, Phenoxyethanol, Microcrystalline Cellulose, Ethylhexylglycerin, Chlorphenesin, Cellulose Gum, Xanthan Gum, Fragrance (Parfum), Camellia Oleifera Seed Oil, Rosa Canina Fruit Oil, Peg8, Helianthus Annuus (Sunflower) Seed Oil, Tocopherol, Ascorbyl Tetraisopalmitate, Rubus Chamaemorus Seed Oil, Tocopheryl Acetate, Vaccinium Macrocarpon (Cranberry) Seed Oil, Retinyl Palmitate, Ascorbyl Palmitate, Ascorbic Acid, Citric Acid, Bht, Plumeria Rubra Flower Extract, Rosmarinus Officinalis (Rosemary) Leaf Extract, Hexyl Cinnamal, Benzyl Benzoate, Linalool, Hydroxycitronellal, Cinnamyl Alcohol, Red 40 (Ci 16035).",29,4404,3.4,0.0,https://www.sephora.com/product/multi-miracle-glow-P433524?icid2=products%20grid:p433524,3.4,17.647058823529413
Dr. Andrew Weil For Origins™ Mega-Mushroom Relief & Resilience Soothing Treatment Lotion,Origins,moisturizing-cream-oils-mists,20.0,"Butylene Glycol, PEG4, Citrus Aurantium Dulcis (Orange) Oil**, Lavandula Angustifolia (Lavender) Oil**, Pogostemon Cablin (Patchouli) Oil**, Citrus Nobilis (Mandarin Orange) Peel Oil**, Pelargonium Graveolens Flower Oil**, Boswellia Carterii (Olibanum) Oil***, Limonene, Linalool, Citronellol, Geraniol, Ganoderma Lucidum (Reishi Mushroom) Extract, Fuscoporia Obliqua Sclerotium Extract, Cordyceps Sinensis (Mushroom) Extract, Ergothioneine, Camelina Sativa Seed Oil, Lactobacillus Ferment, Hippophae Rhamnoides Extract*, Zingiber Officinale (Ginger) Root Extract*, Curcuma Longa (Turmeric) Root Extract*, Ocimum Sanctum (Holy Basil) Leaf Extract, Helianthus Annuus (Sunflower) Seed Oil*, Silybum Marianum Fruit Extract, Saccharomyces Lysate Extract, Centella Asiatica (Hydrocotyl) Extract, Hypnea Musciformis (Algae) Extract, Caffeine, Sucrose*, Salvia Sclarea (Clary) Extract, Saccharomyces Ferment Filtrate, PEG40 Hydrogenated Castor Oil, Gellidiella Acerosa Extract, Trideceth9, Glycerin, Glycereth26, Polysorbate 20, Sodium Hyaluronate, Tocopheryl Acetate, Maltodextrin, Pentylene Glycol, Sodium Hydroxide, Citric Acid, Potassium Sorbate, Phenoxyethanol. E6",63,5396,0.0,3.4,https://www.sephora.com/product/dr-andrew-weil-for-origins-tm-mega-mushroom-relief-resilience-soothing-treatment-lotion-P431524?icid2=products%20grid:p431524,3.4,5.882352941176471
Dark Spot Sun Defense Broad Spectrum SPF 50,Dr. Dennis Gross Skincare,moisturizing-cream-oils-mists,42.0,"Acrylates/Carbamate Copolymer, Aluminum Hydroxide, Ascorbyl Glucoside, Benzyl Alcohol, BHT, Bisethylhexyl Hydroxydimethoxy Benzylmalonate, Boerhavia Diffusa Root Extract, Butylene Glycol, C1215 Alkyl Benzoate, Caprylyl Glycol, Carbomer, Carthamus Tinctorius (Safflower) Seed Oil, Citric Acid, Citrus Aurantium Dulcis (Orange) Oil, Citrus Aurantium Dulcis (Orange) Peel Extract, CocoCaprylate/Caprate, Coconut Alkanes, Disodium EDTA, Echium Plantagineum Seed Oil, Glycerin, Glycolic Acid, Hydrogenated Lecithin, Hydroxyethyl Acrylate/Sodium Acryloyldimethyl Taurate Copolymer, Hydroxypropyl Cyclodextrin, Isohexadecane, Isononyl Isononanoate, Isopropyl Titanium Triisostearate, Magnesium Ascorbyl Phosphate, Melatonin, Nordihydroguaiaretic Acid, Oenothera Biennis (Evening Primrose) Oil, Olea Europaea (Olive) Fruit Oil, Oleanolic Acid, Oryza Sativa (Rice) Extract, Palmitoyl Tripeptide38, PEG60 Almond Glycerides, Pentylene Glycol, Phenoxyethanol, Phospholipids, Polyhydroxystearic Acid, Polysorbate 60, Potassium Sorbate, Propanediol , Saccharide Isomerate, Sodium Benzoate, Sodium Citrate, Sodium Hyaluronate, Sodium PCA, Sphingolipids, Stearic Acid, Tetrahexyldecyl Ascorbate, Tocopherol, Xanthan Gum, Zinc PCA.",107,6024,1.7,0.0,https://www.sephora.com/product/dark-spot-sun-defense-broad-spectrum-spf-50-P394353?icid2=products%20grid:p394353,1.7,24.705882352941178
Rose Milk Re-Hydrating Mist,Lancôme,moisturizing-cream-oils-mists,29.0,"Glycerin, Dimethicone, Caprylic/Capric Triglyceride, Microcrystalline Cellulose, Polyglyceryl6 Distearate, Rosa Damascena Flower Cetearyl Alcohol, Phenoxyethanol, Jojoba Esters, Chlorphenesin, Hydroxyacetophenone, Cellulose Gum, Cetearyl Glucoside, Polyglyceryl3 Beeswax, Cetyl Alcohol, Honey, Potassium Cetyl Phosphate, Sweet Almond Oil,  Tocopherol, Propanediol, Sodium Citrate, Hexyl Cinnamal, Citric Acid, AlphaIsomethyl Ionone, Arginine, Carob Gum, Xanthan Gum, Geraniol, Farnesol, Salicylic Acid, Sodium Hyaluronate, Fragrance.",7,2676,3.38,0.0,https://www.sephora.com/product/rose-milk-re-hydrating-mist-P447607?icid2=products%20grid:p447607,3.38,8.579881656804734
Abeille Royale Day Cream,Guerlain,moisturizing-cream-oils-mists,154.0,"Aqua (Water), Glycerin, Propanediol, C1519 Alkane, Isononyl Isononanoate, Mel (Honey), Jojoba Esters, Glyceryl Stearate, Peg100 Stearate, Cellulose, Ammonium Acryloyldimethyltaurate/Vp Copolymer, Cetyl Alcohol, Dimethicone, Stearyl Alcohol, Royal Jelly, Phenoxyethanol, Ascorbyl Glucoside, Caprylyl Glycol, Steareth21, Parfum (Fragrance), Butyrospermum Parkii (Shea) Butter, Acrylates/C1030 Alkyl Acrylate Crosspolymer, Avena Sativa (Oat) Kernel Extract, Tocopheryl Acetate, Xanthan Gum, Sodium Hydroxide, Tetrasodium Edta, Glyceryl Polymethacrylate, Centella Asiatica Leaf Extract, Sodium Hyaluronate, Glycyrrhiza Glabra (Licorice) Root Extract, Peg8, Tocopherol, Sodium Benzoate, Hyaluronic Acid, Butylene Glycol, Sodium Lactate, Zingiber Officinale (Ginger) Root Extract, Bht, Palmitoyl Hexapeptide12, Citric Acid.",3,402,1.6,0.0,https://www.sephora.com/product/abeille-royale-day-cream-P450934?icid2=products%20grid:p450934,1.6,96.25
Time Freeze Sleeping Mask,LANEIGE,moisturizing-cream-oils-mists,39.0,"Propanediol, Avena Sativa (Oat) Kernel Extract, Glycerin, Cyclopentasiloxane, Dimethicone, Squalane, Cyclohexasiloxane, Ceratonia Siliqua (Carob) Fruit Extract, Hibiscus Abelmoschus Seed Extract, Tillandsia Usneoides Extract, Adenosine, Hydrogenated Lecithin, C1216 Alcohols, Glyceryl Caprylate, Dextrin, Dimethicone / Vinyl Dimethicone Crosspolymer, Dipalmitoyl Hydroxyproline, Butylene Glycol, Cetearyl Glucoside, Cetearyl Alcohol, Ethylhexylglycerin, Xanthan Gum, Theobroma Cacao (Cocoa) Extract, Palmitic Acid, Polysorbate 20, PVP, PEG240 / HDI Copolymer BisDecyltetradeceth20 Ether, Hydroxyethyl Acrylate / Sodium Acryloyldimethyl Taurate Copolymer, Disodium EDTA, Phenoxyethanol, Fragrance.",65,16676,2.0,0.0,https://www.sephora.com/product/time-freeze-sleeping-mask-P420653?icid2=products%20grid:p420653,2.0,19.5
The Moisturizing Cool Gel Cream Mini,La Mer,moisturizing-cream-oils-mists,90.0,"Water\Aqua\Eau, Cyclopentasiloxane, Algae (Seaweed) Extract, Glycerin, Cyclohexasiloxane, Butylene Glycol, Dimethicone, Ammonium Acryloyldimethyltaurate/Vp Copolymer, Citrus Aurantifolia (Lime) Peel Extract, Octyldodecyl Stearoyl Stearate, Limnanthes Alba (Meadowfoam) Seed Oil, Sesamum Indicum (Sesame) Seed Oil, Medicago Sativa (Alfalfa) Seed Powder, Helianthus Annuus (Sunflower) Seedcake, Prunus Amygdalus Dulcis (Sweet Almond) Seed Meal, Eucalyptus Globulus (Eucalyptus) Leaf Oil, Sodium Gluconate, Copper Gluconate, Calcium Gluconate, Magnesium Gluconate, Zinc Gluconate, Tocopheryl Succinate, Niacin, Sesamum Indicum (Sesame) Seed Powder, Hypnea Musciformis (Algae) Extract, Sigesbeckia Orientalis (St. Paul's Wort) Extract, Acetyl Hexapeptide8, Sorbitol, Palmitoyl Hexapeptide12, Gellidiella Acerosa Extract, Chondrus Crispus (Carrageenan) Extract, Niacinamide, Sucrose, Laminaria Digitata Extract, Peg8, Sodium Hyaluronate, Squalane, Trehalose, Saccharide Isomerate, Oleth10, Tocopheryl Acetate, Caffeine, Glyceryl Polymethacrylate, Alcohol Denat., Hydrogenated Lecithin, Fragrance (Parfum), Disodium Edta, Bht, Linalool, Hydroxycitronellal, Citronellol, Geraniol, Limonene, Potassium Sorbate, Phenoxyethanol",6,783,0.0,0.5,https://www.sephora.com/product/the-moisturizing-cool-gel-cream-mini-P430405?icid2=products%20grid:p430405,0.5,180.0
WHITE Brightening Cream,Eve Lom,moisturizing-cream-oils-mists,110.0,"Dimethicone, Propanediol, Caprylic/Capric Triglyceride, Polyglyceryl6 Distearate, Crambe Abyssinica Seed Oil, Glycerin, Divinyldimethicone/Dimethicone Copolymer, Betaine, Phenoxyethanol, Cetearyl Olivate, Jojoba Esters, Astragalus Membranaceus Root Extract, Bupleurum Falcatum Root Extract, Sorbitan Olivate, Atractyloides Macrocephala Root Extract, Butyrospermum Parkii (Shea Butter), Glyceryl Stearate SE, Allantoin, Cetyl Alcohol, Polyglyceryl3 Beeswax, Sodium Acrylate/Sodium Acryloyldimethyl Taurate Copolymer, Glyceryl Dibehenate, Carbomer, Tribehenin, Sodium Hyaluronate, Isohexadecane, Ethylhexylglycerin, Tocopherol, Glyceryl Behenate, Sodium Hydroxide, Aloe Barbadensis Leaf Juice, Acrylates/C1030 Alkyl Acrylate Crosspolymer, Disodium EDTA, C1213 Pareth23, C1213 Pareth3, Polysorbate 80, Rosa Damascena Flower Oil, Citronellol, Methyl Undecenoyl Leucinate, Geraniol, Linalool, Eugenol",15,2893,1.7,0.0,https://www.sephora.com/product/white-brightening-cream-P416531?icid2=products%20grid:p416531,1.7,64.70588235294117
Confidence in a Neck Cream,IT Cosmetics,moisturizing-cream-oils-mists,52.0,"Glycerin, Mica, Dimethicone, Caprylic/Capric Triglyceride, Methylpropanediol, Glyceryl Stearate, Butyrospermum Parkii Butter/Shea Butter, 1,2Hexanediol, Pvp, Polyglyceryl3 Methylglucose Distearate, Peg100 Stearate, Stearic Acid, Hydrogenated Polyisobutene, Palmitic Acid, Sorbitan Olivate, Cetearyl Olivate, Aloe Barbadensis Leaf Extract, Cocos Nucifera Oil/Coconut Oil, Isopropyl Myristate, Citrus Aurantium Dulcis Peel Oil/Orange Peel Oil, Polyimide1, Butylene Glycol, Ammonium Acryloyldimethyltaurate/Vp Copolymer, Menthone Glycerin Acetal, Menthyl Lactate, Ci 77891/Titanium Dioxide, Hydrogenated Lecithin, Xanthan Gum, Allantoin, Portulaca Oleracea Extract, Citrus Paradisi Peel Oil/Grapefruit Peel Oil, Myristic Acid, Ethylhexylglycerin, Tocopheryl Acetate, Buteth3, Disodium Edta, Sodium Benzotriazolyl Butylphenol Sulfonate, Ci 15985/Yellow 6, Sodium Hyaluronate, Niacinamide, Phenoxyethanol, Citral, TButyl Alcohol, Tin Oxide, Tributyl Citrate, Hydrolyzed Collagen, Lactobacillus/Coconut Fruit Juice Ferment Filtrate, Ceramide Np, Copper Tripeptide1, Citrus Sinensis Peel Oil Expressed, Colloidal Oatmeal, Laminaria Digitata Extract, Tocopherol, Polysorbate 20, Carbomer, Panax Ginseng Callus Culture Extract, Rosa Damascena Callus Culture Extract, Daucus Carota Sativa (Carrot) Callus Culture Extract, Camellia Sinensis Callus Culture Extract, Leuconostoc/Radish Root Ferment Filtrate, Palmitoyl Pentapeptide4, Magnesium Pca, Asparagine, Aspartic Acid, Ceramide Ap, Ceramide Eop, Calcium Chloride, Leucine, Glucosamine Hcl, Glycine, 1Methylhydantoin2Imide, Threonine, Methionine, Arginine, Valine, Serine, Maris Sal/Sea Salt/Sel Marin, Lysine, Isoleucine, Proline, Formic Acid, Alanine, Phenylalanine, Magnesium Chloride, Magnesium Citrate, Dipotassium Phosphate, Tyrosine, Tryptophan, Sucrose, Hydrolyzed Elastin, Citrulline, Taurine, Cysteine, Histidine, Glutamic Acid, Glutamine, Usnea Barbata Extract/Lichen Extract, Pulsatilla Koreana Extract, Zanthoxylum Piperitum Fruit Extract, Astaxanthin, Lecithin.",0,171,2.6,0.0,https://www.sephora.com/product/it-cosmetics-confidence-in-neck-cream-P455610?icid2=products%20grid:p455610,2.6,20.0
Renergie Lift Multi-Action Ultra Firming and Dark Spot Correcting Moisturizer SPF 30,Lancôme,moisturizing-cream-oils-mists,109.0,"Glycerin, Dimethicone, Silica, Peg100 Stearate, Glyceryl Stearate, Glycolic Acid, Guanosine, Cyathea Medullaris Leaf Extract, TButyl Alcohol, Dicaprylyl Carbonate, Mica, Tocopherol, Ascorbyl Glucoside, Sodium Hydroxide, Sodium Hyaluronate, Hydrolyzed Linseed Extract, Sodium Benzoate, Sodium Levulinate, Stearic Acid, Phenoxyethanol, Steareth100, Phenylethyl Resorcinol, Palmitic Acid, Ammonium Polyacryloyldimethyl Taurate, Dimethicone/Vinyl Dimethicone Crosspolymer, Limonene, Xanthan Gum, Pentaerythrityl TetraDiTButyl Hydroxyhydrocinnamate, Benzyl Alcohol, Tin Oxide, Cinnamic Acid, Leontopodium Alpinum Extract, Caprylyl Glycol, Myristic Acid, Geraniol, Disodium EDTA, Titanium Dioxide, Retinyl Palmitate, Citric Acid, Potassium Sorbate, Levulinic Acid, Glyceryl Caprylate, Fragrance.",635,2491,1.7,0.0,https://www.sephora.com/product/renergie-lift-multi-action-ultra-firming-dark-spot-correcting-moisturizer-spf-30-P427428?icid2=products%20grid:p427428,1.7,64.11764705882354
Extra Repair Moisture Cream,Bobbi Brown,moisturizing-cream-oils-mists,102.0,"Butyrospermum Parkii (Shea Butter), Butylene Glycol, Hydrogenated Polyisobutene, Caprylic/Capric/Myristic/Stearic Triglyceride, Cetyl Alcohol, Ethylhexyl Stearate, Glyceryl Stearate, Peg40 Stearate, Glycerin, Olea Europaea (Olive) Fruit Extract, Salvia Sclarea (Clary) Extract, Rosmarinus Officinalis (Rosemary), Triticum Vulgare (Wheat) Bran Extract, Anthemis Nobilis (Chamomile), Brassica Campestris (Rapeseed) Seed Oil, Pelargonium Graveolens (Geranium) Flower Oil, Citrus Grandis (Grapefruit) Peel Oil, Oenothera Biennis (Evening Primrose) Oil, Persea Gratissima (Avocado) Oil, Prunus Armeniaca (Apricot) Kernel Oil, Triticum Vulgare (Wheat) Germ Oil, Simmondsia Chinensis (Jojoba) Seed Oil, Citrus Aurantium Amara (Bitter Orange) Oil, Vitis Vinifera (Grape) Seed Oil, Limnanthes Alba (Meadowfoam) Seed Oil, Rosa Canina (Rose) Fruit Oil, Sesamum Indicum (Sesame) Seed Oil, Olea Europaea (Olive) Fruit Oil, Dimethicone, Linoleic Acid, Cholesterol, Acetyl Glucosamine, Sucrose, Peg10 Dimethicone, Caprylyl Glycol, Hydroxyethyl Acrylate/Sodium Acryloyldimethyl Taurate Copolymer, Polyperfluoromethylisopropyl Ether, Sodium Hyaluronate, Caffeine, Acetyl Hexapeptide8, Tocopheryl Acetate, Squalane, Tetrahexyldecyl Ascorbate, Hydrogenated Lecithin, Carbomer, Polysorbate 60, Sodium Acrylates/Acrylonitrogens Copolymer, Hexylene Glycol, Oleic/Linoleic/Linolenic Polyglycerides, Tromethamine, Disodium Edta, Citral, Linalool, Geraniol, Limonene, Citronellol, Phenoxyethanol <iln40142></iln40142>",21,2285,1.7,0.0,https://www.sephora.com/product/extra-repair-moisture-cream-P395507?icid2=products%20grid:p395507,1.7,60.0
Orchid Youth-Enriched Gel Cream,innisfree,moisturizing-cream-oils-mists,29.0,"Water/Aqua, Butylene Glycol, Glycerin, Cyclopentasiloxane, Niacinamide, Cyclohexasiloxane, Squalane, Cetearyl Alcohol, Peg240/Hdi Copolymer BisDecyltetradeceth20 Ether, Vinyl Dimethicone/Methicone Silsesquioxane Crosspolymer, Propanediol, Hydroxyethyl Acrylate/Sodium Acryloyldimethyl Taurate Copolymer, Dimethicone Crosspolymer, Glyceryl Stearate, Cetearyl Glucoside, Stearic Acid, Hydrogenated Lecithin, Glyceryl Caprylate, Ethylhexylglycerin, Fragrance/Parfum, Polyglyceryl3 Methylglucose Distearate, Disodium EDTA, Adenosine, Kaolin, Sorbitan Isostearate, Hyaluronic Acid, BetaGlucan, Glucose, Betaine, Orchid Extract, Tocopherol.",6,2004,1.69,0.0,https://www.sephora.com/product/orchid-youth-enriched-gel-cream-P449856?icid2=products%20grid:p449856,1.69,17.159763313609467
Problem Solution Moisturizer,belif,moisturizing-cream-oils-mists,38.0,"Glycerin, Glyceryl Stearate, Cetyl Ethylhexanoate, 1,2Hexanediol, PEG40 Stearate, Melaleuca Alternifolia (Tea Tree) Leaf Oil, Calendula Officinalis Flower Extract*, Nepeta Cataria Extract*, Avena Sativa (Oat) Kernel Extract*, Rubus Idaeus (Raspberry) Leaf Extract*, Stellaria Media (Chickweed) Extract*, Baptisia Tinctoria Root Extract*, Echinacea Angustifolia Extract+, Arctium Lappa Root Extract+, Lavandula Angustifolia (Lavender) Flower Extract+, Rosmarinus Officinalis (Rosemary) Leaf Extract+, Glycine Soja (Soybean) Sprout Extract, Magnolia Kobus Bark Extract, Centella Asiatica Extract, Polygonum Cuspidatum Root Extract, Scutellaria Baicalensis Root Extract, Glycyrrhiza Glabra (Licorice) Root Extract, Camellia Sinensis Leaf Extract, Chamomilla Recutita (Matricaria) Flower Extract, Cetearyl Alcohol, Squalane, Triethylhexanoin, Panthenol, Dimethicone, Sorbitan Stearate, Butylene Glycol, Tromethamine, Betaine, Carbomer, Acrylates/C1030 Alkyl Acrylate Crosspolymer, Glyceryl Acrylate/Acrylic Acid Copolymer, Trisodium EDTA, Citrus Aurantium Bergamia (Bergamot) Fruit Oil, Eucalyptus Globulus Leaf Oil, Rosmarinus Officinalis (Rosemary) Leaf Oil, Fragrance**, Citronellol, Limonene, Linalool",55,5985,4.22,0.0,https://www.sephora.com/product/problem-solution-moisturizer-P410818?icid2=products%20grid:p410818,4.22,9.004739336492891
Coconut Face Cream,Kopari,moisturizing-cream-oils-mists,38.0,"Cocos Nucifera (Organic Coconut) Oil, Helianthus Annuus (Organic Sunflower) Oil, CocoCaprylate/Caprate, Glycerin, Propanediol ""Zemea"", Cetearyl Alcohol, Polyglyceryl6 Distearate, Jojoba Esters, Polyglyceryl3 Beeswax, Behenyl Alcohol, Cetyl Alcohol, Sodium Carbomer, Tocopherol, Butyrospermum Parkii (Shea Butter) Extract, Phenoxyethanol, Caprylic/Capric Triglyceride, Aloe Barbadensis (Organic) Aloe Vera Leaf Juice, Ethylhexylglycerin, Hydrolyzed Soy Fiber, Coconut Nucifera (Coconut) Extract, Chamomilla Recutita Flower/Leaf (Organic Chamomile) Extract, Camellia Sinensis (Organic Green Tea) Extract, Argania Spinosa Kernal (Organic Argan) Oil, Cocos Nucifera (Coconut) Fruit Extract, Pyrus Malus (Apple) Fruit Extract, Coffea Arabica (Coffee) Extract, Butter Extract, Santalum Album (Sandalwood/Iliahi) Wood Extract, Musa Sapientum (Banana) Fruit Extract, Vaccinium Macrocapon (Cranberry) Fruit Extract, Cucumis Melo (Melon) Fruit Extract, Vanilla Planifolia (Vanilla Bean) Fruit Extract, Prunus Armeniaca (Apricot) Fruit Extract",98,7147,2.5,0.0,https://www.sephora.com/product/coconut-face-cream-P416143?icid2=products%20grid:p416143,2.5,15.2
Lotus Youth Preserve Radiance Lotion,Fresh,moisturizing-cream-oils-mists,33.0,"Cocos Nucifera (Organic Coconut) Oil, Helianthus Annuus (Organic Sunflower) Oil, CocoCaprylate/Caprate, Glycerin, Propanediol ""Zemea"", Cetearyl Alcohol, Polyglyceryl6 Distearate, Jojoba Esters, Polyglyceryl3 Beeswax, Behenyl Alcohol, Cetyl Alcohol, Sodium Carbomer, Tocopherol, Butyrospermum Parkii (Shea Butter) Extract, Phenoxyethanol, Caprylic/Capric Triglyceride, Aloe Barbadensis (Organic) Aloe Vera Leaf Juice, Ethylhexylglycerin, Hydrolyzed Soy Fiber, Coconut Nucifera (Coconut) Extract, Chamomilla Recutita Flower/Leaf (Organic Chamomile) Extract, Camellia Sinensis (Organic Green Tea) Extract, Argania Spinosa Kernal (Organic Argan) Oil, Cocos Nucifera (Coconut) Fruit Extract, Pyrus Malus (Apple) Fruit Extract, Coffea Arabica (Coffee) Extract, Butter Extract, Santalum Album (Sandalwood/Iliahi) Wood Extract, Musa Sapientum (Banana) Fruit Extract, Vaccinium Macrocapon (Cranberry) Fruit Extract, Cucumis Melo (Melon) Fruit Extract, Vanilla Planifolia (Vanilla Bean) Fruit Extract, Prunus Armeniaca (Apricot) Fruit Extract",120,9348,1.0,0.0,https://www.sephora.com/product/lotus-youth-preserve-radiance-lotion-P385043?icid2=products%20grid:p385043,1.0,33.0
Beauty Oil,rms beauty,moisturizing-cream-oils-mists,78.0,*Certified Organic,69,10605,1.0,0.0,https://www.sephora.com/product/beauty-oil-P408968?icid2=products%20grid:p408968,1.0,78.0
Facial Treatment Cleansing Oil,SK-II,moisturizing-cream-oils-mists,70.0,"Sodium Lauroyl Glutamate, Propylene Glycol, PEG150 Stearate, Galactomyces Ferment Filtrate (Pitera), Sodium PCA, Glycol Stearate, Butylene Glycol, Cocamide MEA, Rosa Canina Fruit Oil, Stearamide AMP, Pentylene Glycol, Salix Alba Bark Extract/Salix Alba (Willow) Bark Extract, Dipotassium Glycyrrhizate, Hydroxyphenyl Propamidobenzoic Acid, Ascorbyl Palmitate, BHT, Phenethyl Alcohol, Methylparaben, Propylparaben.",98,4903,8.4,0.0,https://www.sephora.com/product/facial-treatment-cleansing-oil-P375851?icid2=products%20grid:p375851,8.4,8.333333333333332
Oil Free Moisturizer Broad Spectrum SPF 30,Mario Badescu,moisturizing-cream-oils-mists,28.0,"Glycerin, Aluminum Starch Octenylsuccinate, Dimethicone, Cetearyl Alcohol, Ethylhexyl Methoxycrylene, PPG2 Myristyl Ether Propionate, C1215 Alkyl Benzoate, Ceteareth20, Sorbitan Oleate, Aloe Barbadensis Leaf Juice, Camellia Oleifera Leaf Extract, Hypericum Perforatum Extract, Ethylhexylglycerin, Tetrasodium Glutamate Diacetate, PEG100 Stearate, Caprylyl Glycol, Carbomer, Fragrance, Phenoxyethanol, Sodium Hydroxide.",14,2817,2.0,0.0,https://www.sephora.com/product/mario-badescu-oil-free-moisturizer-broad-spectrum-spf-30-P440493?icid2=products%20grid:p440493,2.0,14.0
Glow Formula Skin Hydrator,Kiehl's Since 1851,moisturizing-cream-oils-mists,38.0,"Dicaprylyl Carbonate,Octyldodecanol, Glycerin, Caprylic/Capric Triglyceride,Squalane, Glyceryl Stearate, Propanediol, Salix Alba Bark Extract/Willow Bark Extract, Mica, Arachidyl Alcohol, CI 77891/Titanium Dioxide,Cetearyl Alcohol, Tocopherol, Behenyl Alcohol,Parfum/Fragrance**, Citric Acid, Sodium Hydroxide,Arachidyl Glucoside, Limonene, Caprylyl Glycol, XanthanGum, CI 77491/Iron Oxides, Potassium Sorbate, MalusDomestica Fruit Cell Culture Extract, Glycine SojaOil/Soybean Oil, Phytic Acid, Citral, Sodium Benzoate,Linalool, Punica Granatum Fruit Extract, MalpighiaPunicifolia Fruit Extract/Acerola Fruit Extract.",86,9707,1.7,0.0,https://www.sephora.com/product/glow-formula-skin-hydrator-P431731?icid2=products%20grid:p431731,1.7,22.35294117647059
Clearing Defense SPF 30 Moisturizer,Dermalogica,moisturizing-cream-oils-mists,28.0,"Homosalate, Octocrylene, Ethylhexyl Salicylate, Butylene Glycol, Silica, Butyl Methoxydibenzoylmethane, Caprylyl Methicone, C1215 Alkyl Benzoate,VP/Eicosene Copolymer, Dimethyl Capramide, Polyglyceryl2 Stearate, Saccharide Isomerate, Tapioca Starch, Coriandrum Sativum (Coriander) Fruit Oil, Camellia Sinensis Leaf Extract, Sodium Ascorbyl Phosphate, Salix Alba (Willow) Leaf Extract, Terpineol, Thymol, Citrus Aurantium Dulcis (Orange) Peel Oil, Dipotassium Glycyrrhizate, Tocopherol, Potassium CetylPhosphate, Arachidyl Alcohol,  Glyceryl Stearate SE, PEG100 Stearate, Behenyl Alcohol, Benzyl Alcohol, Xanthan Gum, Acrylates/C1030 Alkyl Acrylate Crosspolymer, Arachidyl Glucoside, Ethylhexylglycerin,TocopherylAcetate, Trisodium Ethylenediamine Disuccinate, Citric Acid, Sodium Citrate, Sodium Hydroxide, Linalool, Limonene, Geraniol, Citronellol, Phenoxyethanol.",440,1808,2.0,0.0,https://www.sephora.com/product/clearing-defense-spf-30-moisturizer-P443371?icid2=products%20grid:p443371,2.0,14.0
Dramatically Different™ Moisturizing BB-gel,CLINIQUE,moisturizing-cream-oils-mists,14.5,"Water\Aqua\Eau, Dimethicone, Isododecane, Butylene Glycol, BisPeg18 Methyl Ether Dimethyl Silane, Glycerin, Saccharomyces Lysate Extract, Laminaria Saccharina Extract, Polygonum Cuspidatum Root Extract, Lactobacillus Ferment, Cucumis Sativus (Cucumber) Fruit Extract, Oleth10, Helianthus Annuus (Sunflower) Seedcake, Hordeum Vulgare (Barley) Extract\Extrait D'orge, Polysilicone11, Tocopheryl Acetate, Sodium Hyaluronate, Caffeine, Trehalose, Ammonium Acryloyldimethyltaurate/Vp Copolymer, Acrylates/Ammonium Methacrylate Copolymer, Propylene Glycol Dicaprate, Tromethamine, Propylene Glycol Stearate, Hexylene Glycol, Magnesium Stearate, Laureth23, Carbomer, Laureth4, Silica, Caprylyl Glycol, Cellulose Acetate, Disodium Edta, Bht, Sodium Benzoate, Phenoxyethanol, Iron Oxides (Ci 77491), Iron Oxides (Ci 77492), Iron Oxides (Ci 77499), Titanium Dioxide (Ci 77891).",16,2089,1.7,0.0,https://www.sephora.com/product/clinique-dramatically-different-moisturizing-bb-gel-P454398?icid2=products%20grid:p454398,1.7,8.529411764705882
Super Multi-Corrective Cream Sunscreen Broad Spectrum SPF 30,Kiehl's Since 1851,moisturizing-cream-oils-mists,85.0,"Glycerin, Dimethicone, Glyceryl Stearate, Hydroxypropyl Tetrahydropyrantriol, Silica, Peg100 Stearate, Propylene Glycol, Euphorbia Cerifera (Candelilla) Wax, Phenoxyethanol, Ammonium Polyacryloyldimethyl Taurate, Stearic Acid, Dicaprylyl Carbonate, Cetyl Alcohol, Palmitic Acid, Capryloyl Salicylic Acid, Caprylyl Glycol, Xanthan Gum, Dimethicone/Vinyl Dimethicone Crosspolymer, Fragrance, Disodium EDTA, Tocopherol, Sodium Hyaluronate, Adenosine, Linalool, Sodium Hydroxide, Jasminum Officinale (Jasmine) Flower Extract, Citronellol, Geraniol, Citral, Benzyl Alcohol, Citric Acid.",8,1419,0.0,2.5,https://www.sephora.com/product/super-multi-corrective-cream-sunscreen-broad-spectrum-spf-30-P422260?icid2=products%20grid:p422260,2.5,34.0
Future Solution LX Universal Defense Broad Spectrum SPF 50+,Shiseido,moisturizing-cream-oils-mists,100.0,"Octisalate 5%, Octocrylene 7%, and Zinc Oxide 15.4%,  Isododecane, Caprylyl Methicone, Sd Alcohol 40B, Butylene Glycol, Glycerin, Dimethicone, Peg60 Hydrogenated Castor Oil, Tocopheryl Acetate, 2OEthyl Ascorbic Acid, Prunus Speciosa Leaf Extract, Angelica Acutiloba Root Extract, Scutellaria Baicalensis Root Extract, Rubus Idaeus (Raspberry) Fruit Extract, Sodium Acetylated Hyaluronate, Isodonis Japonicus Leaf/Stalk Extract, Camellia Sinensis Leaf Extract, Rosa Roxburghii Fruit Extract, Polyquaternium51, Polymethyl Methacrylate, Ppg17, Hdi/Trimethylol Hexyllactone Crosspolymer, Isostearic Acid, Peg100 Hydrogenated Castor Oil, C3045 Alkyl Methicone, Dimethylacrylamide/Sodium Acryloyldimethyltaurate Crosspolymer, C3045 Olefin, Sorbitan Sesquiisostearate, Hydrogen Dimethicone, Triethoxycaprylylsilane, Cellulose Gum, Sodium Metaphosphate, Succinoglycan, Citric Acid, Alcohol, Silica, Bht, Tocopherol, Disodium Edta, Hydroxypropyl Methylcellulose Stearoxy Ether, Alumina, Sodium Metabisulfite, Sodium Citrate, Talc, Peg12 Dimethicone, Disodium Phosphate, Barium Sulfate, Ergothioneine, Sodium Phosphate, Phenoxyethanol, Fragrance, Titanium Dioxide, Mica, Iron Oxides.",0,140,1.7,0.0,https://www.sephora.com/product/shiseido-future-solution-lx-universal-defense-broad-spectrum-spf-50-P455231?icid2=products%20grid:p455231,1.7,58.82352941176471
Prisma Protect SPF 30 Moisturizer,Dermalogica,moisturizing-cream-oils-mists,65.0,"Homosalate, Octocrylene, Silica, Butylene Glycol, Ethylhexyl Salicylate, Butyl Methoxydibenzoylmethane, Coconut Alkanes, Dimethicone, Glycerin, Dimethyl Capramide, Polyglyceryl2 Stearate, VP/Eicosene Copolymer, Chlorella Vulgaris Extract, Palmitoyl Oligopeptide, Saccharide Isomerate, Zingiber Officinale (Ginger) Root Oil, Sclareolide, Tocopherol, Camellia Sinensis Leaf Extract, TocopherylAcetate, CocoCaprylate/Caprate, Glyceryl Stearate SE, PEG100 Stearate, Potassium Cetyl Phosphate, Arachidyl Alcohol, Dimethicone Crosspolymer, Behenyl Alcohol, Benzyl Alcohol, Caprylic/Capric Triglyceride, Xanthan Gum, Acrylates/C1030 Alkyl Acrylate Crosspolymer, Arachidyl Glucoside, Ethylhexylglycerin, Methicone, Sodium Hydroxide, Trisodium Ethylenediamine Disuccinate, Citric Acid, Sodium Citrate, CaprylylGlycol, Propanediol, Geraniol, Limonene, Citral, Polyvinyl Alcohol, Sodium Benzoate, Potassium Sorbate, 1,2Hexanediol, Phenoxyethanol.",116,2839,1.7,0.0,https://www.sephora.com/product/prisma-protect-spf-30-moisturizer-P443366?icid2=products%20grid:p443366,1.7,38.23529411764706
Revitalizing Supreme+ Night Intensive Restorative Crème,Estée Lauder,moisturizing-cream-oils-mists,88.0,"Glycine Soja (Soybean) Oil, Caprylic/Capric/Myristic/Stearic Triglyceride, Glycerin, Prunus Amygdalus Dulcis (Sweet Almond) Oil, Dimethicone, Stearyl Alcohol, Butylene Glycol, Steareth2, Cocos Nucifera (Coconut) Oil, Vitis Vinifera (Grape) Seed Oil, Glyceryl Stearate, Niacinamide, Propanediol, Steareth21, Moringa Oleifera Seed Extract, Limonium Vulgare Flower/Leaf/Stem Extract, Sodium Hyaluronate, Acetyl Hexapeptide8, Laminaria Digitata Extract, Whey Protein\Lactis Protein\Proteine Du PetitLait, Acetyl Glucosamine, Opuntia Tuna Extract, Tocopheryl Acetate, Citrullus Lanatus (Watermelon) Fruit Extract, Persea Gratissima (Avocado) Oil, Mangifera Indica (Mango) Seed Oil, Aminopropyl Ascorbyl Phosphate, Algae Extract, Caffeine, Cucumis Sativus (Cucumber) Fruit Extract, Pyrus Malus (Apple) Fruit Extract, Narcissus Tazetta Bulb Extract, Sigesbeckia Orientalis (St. Paul'S Wort) Extract, Butyrospermum Parkii (Shea Butter), Lens Esculenta (Lentil) Fruit Extract, Silybum Marianum Seed Oil, Limnanthes Alba (Meadowfoam) Seed Oil, Hordeum Vulgare (Barley) Extract\Extrait D'Orge, Simmondsia Chinensis (Jojoba) Seed Oil, Macadamia Integrifolia Seed Oil, Olea Europaea (Olive) Fruit Oil, Dextrin Palmitate, Sodium Hydroxide, Carbomer, Behenyl Alcohol, Caprylyl Glycol, Hydroxyethyl Urea, Propylene Glycol Dicaprate, Cholesterol, Isoceteth20, Lactoperoxidase, Helianthus Annuus (Sunflower) Seedcake, Sodium Polyaspartate, Sorbitol, Glucose, Cetyl Alcohol, Myristyl Alcohol, Sodium Lactate, Citric Acid, Sodium Pca, Glucose Oxidase, Potassium Phosphate, Sodium Chloride, Fragrance (Parfum), Disodium Edta, Bht, Potassium Sorbate, Sodium Benzoate, Phenoxyethanol, Yellow 5 (Ci 19140), Red 4 (Ci 14700), Iron Oxides (Ci 77491), Iron Oxides (Ci 77492).",5,839,1.7,0.0,https://www.sephora.com/product/revitalizing-supreme-night-intensive-restorative-creme-P448175?icid2=products%20grid:p448175,1.7,51.76470588235294
Hydrating Oil Stick,MILK MAKEUP,moisturizing-cream-oils-mists,26.0,"VC1215 Alkyl Benzoate, Octyldodecanol, Phenyl Trimethicone, Simmondsia Chinensis (Jojoba) Seed Oil, Dibutyl Lauroyl Glutamide, Dibutyl Ethylhexanoyl Glutamide, Vitis Vinifera (Grape) Seed Oil, Persea Gratissima (Avocado) Oil, Prunus Armeniaca (Apricot) Kernel Oil, Citrus Aurantium Dulcis (Orange) Peel Oil, Citrus Limon (Lemon) Peel Oil, Tocopheryl Acetate",204,28274,1.0,0.0,https://www.sephora.com/product/hydrating-oil-P404794?icid2=products%20grid:p404794,1.0,26.0
Skin Perfecting BB Cream Broad Spectrum SPF 30,boscia,moisturizing-cream-oils-mists,38.0,"Isododecane, Cyclopentasiloxane, Caprylic/Capric Triglyceride, Dimethicone, Octyldodecanol, Polymethylsilsesquioxane, Heptyl Undecylenate, Cetyl PEG/PPG10/1 Dimethicone, Neopentyl Glycol Diheptanoate, Butylene Glycol, Boron Nitride, PEG/PPG18/18 Dimethicone, Ozokerite, Disteardimonium Hectorite, Phenyl Trimethicone, Simmondsia Chinensis (Jojoba) Seed Extract, Epilobium Angustifolium Flower/Leaf/Stem Extract, Curcuma Longa (Turmeric) Root Extract, Colocasia Esculenta Root Extract, Jojoba Esters, Aloe Barbadensis Leaf Juice, Chenopodium Quinoa Seed Oil, Glycerin, Rosmarinyl Glucoside, Caffeyl Glucoside, Glycine Soja (Soybean) Oil, Oryza Sativa (Rice) Germ Extract, Oryza Sativa (Rice) Extract, Gallyl Glucoside, Lavandula Angustifolia (Lavender) Oil, Pelargonium Graveolens Flower Oil, Silica, Mica, Leuconostoc/Radish Root Ferment Filtrate, 1,2Hexanediol, Caprylyl Glycol, Isostearic Acid, Stearic Acid, Alumina, Polyglyceryl3 Diisostearate, Lecithin, Trimethylsiloxysilicate, Trihydroxystearin, Polyhydroxystearic Acid, Polyglyceryl3 Polyricinoleate, Propylene Carbonate, Polysilicone11, C2428 Alkyl Methicone, Iron Oxides (CI 77491, 77492, 77499), Titanium Dioxide (CI 77891).",97,3749,1.7,0.0,https://www.sephora.com/product/skin-perfecting-bb-cream-broad-spectrum-spf-30-P443379?icid2=products%20grid:p443379,1.7,22.35294117647059
Cicapair™ Tiger Grass Calming Mist,Dr. Jart+,moisturizing-cream-oils-mists,23.0,"Dipropylene Glycol, Butylene Glycol, Eryngium Maritimum Callus Culture Filtrate, Niacinamide, Pentylene Glycol, Houttuynia Cordata Extract, Ilex Aquifolium (Holly) Leaf Extract, Achillea Millefolium Oil, 1,2Hexanediol, Erythritol, Chondrus Crispus Extract, C1214 Pareth12, Saccharum Officinarum (Sugarcane) Extract/Extrait de canne à sucre, Streptococcus Thermophilus Ferment, Panthenol, Caprylyl Glycol, Ethylhexylglycerin, Lavandula Angustifolia (Lavender) Oil, Adenosine, Glycerin, DNA, Diphenyl Dimethicone, Citrus Aurantium Bergamia (Bergamot) Fruit Oil, Carbomer, Triethylhexanoin, Tromethamine, Disodium EDTA, Melia Azadirachta Leaf Extract, Hydrogenated Lecithin, Hedera Helix (Ivy) Extract, Melia Azadirachta Flower Extract, Madecassoside, Asiatic Acid, Asiaticoside, Madecassic Acid, Calcium Chloride, Centella Asiatica Extract, Magnesium Sulfate.",485,4536,1.69,0.0,https://www.sephora.com/product/cicapair-tiger-grass-calming-mist-P448184?icid2=products%20grid:p448184,1.69,13.609467455621303
Intensive Night Treatment with Hylaplex® and Marula Oil,LANCER Skincare,moisturizing-cream-oils-mists,155.0,"Caprylic/Capric Triglyceride, Octyldodecanol, Butyrospermum Parkii (Shea) Butter, Glycerin, Pentylene Glycol, Squalane, Cetearyl Alcohol, Sorbitan Stearate, Glyceryl Stearate, PEG100 Stearate, Tropaeolum Majus Extract, Glycine Soja (Soybean) Extract, Yeast Amino Acids, Orbignya Oleifera Seed Oil, Sclerocarya Birrea Seed Oil, Hexapeptide48 HCl, Taurine, Trehalose, Urea, Sodium Hyaluronate, Sodium Hyaluronate Crosspolymer, Acrylates/C1030 Alkyl Acrylate Crosspolymer, Raspberry Seed Oil / Tocopheryl Succinate Aminopropanediol Esters, Polyglyceryl4 Diisostearate/Polyhydroxystearate/Sebacate, Sodium Isostearate, Ethylhexyl Stearate, Betaine, Inositol, Disodium EDTA, Aminomethyl Propanol, Chlorphenesin, Caprylyl Glycol, Ethylhexylglycerin, Phenoxyethanol, Potassium Sorbate, Fragrance, Citronellol, Geraniol, Hexyl Cinnamal, Limonene, Linalool, Benzyl Salicylate, Benzyl Benzoate, Butylphenyl Methylpropional.",7,1527,1.7,0.0,https://www.sephora.com/product/intensive-night-treatment-hylaplex-marula-oil-P399747?icid2=products%20grid:p399747,1.7,91.17647058823529
Do Not Age with Dr. Brandt Time Reversing Cream,Dr. Brandt Skincare,moisturizing-cream-oils-mists,132.0,"Caprylic/Capric Triglycerides, Cetyl Babassuate, Dibutyl Adipate, Macadamia Ternifolia Seed Oil, Shea Butter, Glycerin, Cyclopentasiloxane, Glyceryl Stearate, Sodium Acrylates Copolymer, Cetearyl Alcohol, Stearic Acid, Sodium Cocoyl Glutamate, Bht, Disodium Edta, Tocopherol, Phenoxyethanol, Caprylyl Glycol, Chlorphenesin, Alaria Esculenta Extract, Dextran, Trifluoroacetyl Tripeptide2, Zinc Ricinoleate, Juniperus Virginiana Oil, Geranium Maculatum Oil, Lavandin Oil, Patchouli Oil, Vetiveria Zizanoides Root Oil, Linseed Seed Extract, Glucosyl Ceramide, Camellia Sinensis Leaf Extract, Grape Seed Extract, Grape Seed Oil, Phospholipids, Carbomer",73,2087,1.7,0.0,https://www.sephora.com/product/do-not-age-with-dr-brandt-time-reversing-cream-P383051?icid2=products%20grid:p383051,1.7,77.64705882352942
Repairing Tint & Radiance Moisturizer SPF 30,Algenist,moisturizing-cream-oils-mists,42.0,"Neopentyl Glycol Dicaprate, Butylene Glycol, Butyloctyl Salicylate, C2040 Pareth3, Zea Mays (Corn) Starch, Steareth21, Stearyl Alcohol, Stearic Acid, Dipropylene Glycol, Caprylyl Methicone, Polymethyl Methacrylate, Algae Exopolysaccharides, Glycerin, PEG8 Dimethicone, Chlorella Protothecoides Oil, Haematococcus Pluvialis Extract, Potassium Cetyl Phosphate, Hydroxyethyl Acrylate/Sodium Acryloyldimethyl Taurate Copolymer, Dimethicone, Caprylyl Glycol, Hydrolyzed Wheat Protein/PVP Crosspolymer, VP/Eicosene Copolymer, Tocopherol, Isohexadecane, Decylene Glycol, ChlorophyllinCopper Complex, BetaCarotene, PEG10 Dimethicone, Steareth2, Tocopheryl Acetate, Polyhydroxystearic Acid, Silica, Alumina, Allantoin, Xanthan Gum, Disodium EDTA, Polysorbate 60, Cetyl Alcohol, Sodium Chloride, Dipotassium Glycyrrhizate, Sorbitan Isostearate, Ethylhexylglycerin, Glycine Soja (Soybean) Oil, Arachidyl Alcohol, Soluble Collagen, EDTA, Potassium Sorbate, Aminomethyl Propanol, Ammonium Polyacrylate, BHT, Raphanus Sativus (Radish) Root Extract, Capric Acid, Caprylic/Capric Triglyceride, Polyglyceryl10 Oleate, Sodium Hyaluronate, Polyglyceryl10 Stearate, Lysolecithin, Daucus Carota Sativa (Carrot) Root Extract, Phenoxyethanol, Fragrance, Coumarin, Iron Oxides (CI 77491, CI 77492, CI 77499), Titanium Dioxide (CI 77891).",108,3994,0.0,0.0,https://www.sephora.com/product/repairing-tint-radiance-moisturizer-spf-30-P395382?icid2=products%20grid:p395382,2.0673014048531417,20.316340859345384
Green Tea Hydrating Sleeping Mask,innisfree,moisturizing-cream-oils-mists,20.0,"Water / Aqua / Eau, Butylene Glycol, Propanediol, Glycerin, Dimethicone, Betaine, Trisiloxane, Hydrogenated Poly(C614 Olefin), 1,2Hexanediol, Ammonium Acryloyldimethyltaurate/Beheneth25 Methacrylate Crosspolymer, Acrylates/C1030 Alkyl Acrylate Crosspolymer, Glyceryl Caprylate, Fragrance / Parfum, Trehalose, Ethylhexylglycerin, Disodium Edta, Camellia Sinensis Leaf Extract, Lactobacillus Ferment Lysate.",4,2125,2.7,0.0,https://www.sephora.com/product/green-tea-hydrating-sleeping-mask-P449847?icid2=products%20grid:p449847,2.7,7.4074074074074066
Capture Dreamskin Fresh & Perfect Cushion Broad Spectrum SPF 50 Refill,Dior,moisturizing-cream-oils-mists,42.0,Biomimetic Mica and Softfocus Optical Effect Powders: Blur imperfections.,23,4647,0.5,0.0,https://www.sephora.com/product/capture-dreamskin-fresh-perfect-cushion-broad-spectrum-spf-50-refill-P435807?skuId=2145381&icid2=products%20grid:p435807,0.5,84.0
Premieres Vendanges Moisturizing Cream,Caudalie,moisturizing-cream-oils-mists,35.0,Biomimetic Mica and Softfocus Optical Effect Powders: Blur imperfections.,230,5844,1.35,0.0,https://www.sephora.com/product/premieres-vendanges-moisturizing-cream-P6022?icid2=products%20grid:p6022,1.35,25.925925925925924
Milky Hydra Balancing Moisturizer ,belif,moisturizing-cream-oils-mists,38.0,"Dipropylene Glycol, Glycerin, Triethylhexanoin, Hexyldecyl Ethylhexanoate, Pentaerythrityl Tetraethylhexanoate, 1,2Hexanediol, Glyceryl Stearate, Cyclopentasiloxane, PEG100 Stearate, Salvia Officinalis (Sage) Leaf Extract, *Avena Sativa (Oat) Kernel Extract, *Calendula Officinalis Flower Extract, *Nepeta Cataria Extract, *Rubus Idaeus (Raspberry) Leaf Extract, *Baptisia Tinctoria Root Extract, *Stellaria Media (Chickweed) Extract, **Alchemilla Vulgaris Leaf Extract, **Viola Tricolor Extract, **Rosa Damascena Flower Extract, **Spiraea Ulmaria Flower Extract, **Althaea Officinalis Root Extract, Corchorus Oiltorius Leaf Extract, Monarda Didyma Leaf Extract, C1422 Alcohols, C1220 Alkyl Glucoside, Cetearyl Alcohol, Dimethicone, Panthenol, PEG5 Glyceryl Stearate, Carbomer, Tromethamine, Mica, Titanium Dioxide, Iron Oxides(CI 77491), Xanthan Gum, Trisodium EDTA, ***Fragrance, Citronellol, Limonene. *Napiers Original Formula. **Napiers Moisture Formula. ***Fragrances of Natural Origin.",62,5716,4.22,0.0,https://www.sephora.com/product/milky-hydra-balancing-moisturizer-P394637?icid2=products%20grid:p394637,4.22,9.004739336492891
Original Skin™ Essence Lotion with Dual Ferment Complex,Origins,moisturizing-cream-oils-mists,31.0,"Alcohol Denat., Butylene Glycol, Glycereth26, Peg75, Polysorbate 20, Citrus Grandis (Grapefruit) Peel Oil*, Lavandula Angustifolia (Lavender) Oil*, Pelargonium Graveolens Flower Oil*, Amyris Balsamifera Bark Oil*, Salvia Sclarea (Clary) Oil*, Anthemis Nobilis Flower Oil*, Rosa Centifolia Flower Extract, Limonene, Linalool, Methyl Gluceth20, Laminaria Saccharina Extract, Epilobium Angustifolium Flower/Leaf/Stem Extract, Castanea Sativa (Chestnut) Seed Extract, Albizia Julibrissin Bark Extract, Salicylic Acid, Caffeine, Ethylhexylglycerin, Glycerin, Molasses Extract/Saccharum Officinarum/Extrait De Melasse, Phytosphingosine, Caprylyl Glycol, Carbomer, Sodium Hyaluronate, Magnesium Ascorbyl Phosphate, Silica, Tromethamine, Yeast Extract/Faex/Extrait De Levure, Hexylene Glycol, Disodium Edta, Phenoxyethanol, Mica, Titanium Dioxide (Ci 77891), Iron Oxides (Ci 77491) <iln42511>* Essential Oil",112,8573,5.0,0.0,https://www.sephora.com/product/original-skin-essence-lotion-with-dual-ferment-complex-P409770?icid2=products%20grid:p409770,5.0,6.2
Green Tea Moisturizer,Proactiv,moisturizing-cream-oils-mists,40.0,"Glycerin, Butylene Glycol, Dimethicone, Sodium Polyacrylate, Iris Florentina Root Extract, Macadamia Ternifolia Seed Oil, Epigallocatechin Gallate, Hydrogenated Polydecene, Trideceth6, Zinc Sulfate, Retinyl Palmitate, Sodium Hyaluronate, Squalane, Caprylic/Capric Triglyceride, Ethylhexyl Palmitate, PPG2 Myristyl Ether Propionate, Alcohol, Allantoin, Propanediol, C1215 Alkyl Lactate, Polyquaternium11, Disodium EDTA, Ethylparaben, Methylparaben, Propylparaben, Phenoxyethanol, Fragrance (Parfum), AlphaIsomethyl Ionone, Butylphenyl Methylpropional, Citronellol, Hexyl Cinnamal, Hydroxycitronellal, Linalool, Geraniol.",46,1010,3.0,0.0,https://www.sephora.com/product/green-tea-moisturizer-P440056?icid2=products%20grid:p440056,3.0,13.333333333333334
Green Releaf Therapeutic Sleep Cream,Peter Thomas Roth,moisturizing-cream-oils-mists,65.0,"Propanediol, Glycerin, C912 Alkane, Butylene Glycol, Hydrogenated Polyisobutene, Melatonin, Dicaprylyl Ether, Dimethyl Isosorbide, Behenyl Alcohol, Stearic Acid, Polyglyceryl2 Stearate, Caprylic/Capric Triglyceride, Phenoxyethanol, Polyglyceryl6 Distearate, Octyldodecyl Oleate, Glyceryl Stearate, Stearyl Alcohol, Carbomer, CocoCaprylate/Caprate, Daucus Carota Sativa (Carrot) Extract, Octyldodecyl Stearoyl Stearate, Xanthan Gum, Disodium EDTA, Hydroxypinacolone Retinoate, Plantago Lanceolata Leaf Extract, Jojoba Esters, Leuconostoc/Radish Root Ferment Filtrate, Adansonia Digitata Seed Oil, Allantoin, Butyrospermum Parkii (Shea) Butter, Cannabis Sativa Seed Oil, Corylus Avellana (Hazelnut) Seed Oil, Helianthus Annuus (Sunflower) Seed Oil, Melia Azadirachta Leaf Extract, Mica, Sorbitol, Vitis Vinifera (Grape) Seed Oil, Bisabolol, Cetyl Alcohol, Polyglyceryl3 Beeswax, Sodium Hydroxide, Polyhydroxystearic Acid, Laminaria Digitata Extract, Octyldodecanol, Potassium Sorbate, Sodium Benzoate, Lecithin, Centella Asiatica Leaf Extract, Ceramide NP, Caprylyl Glycol, Gluconolactone, Avena Sativa (Oat) Kernel Extract, Diatomaceous Earth, Tocopherol Acetate, Glyceryl Caprylate, Zingiber Officinale (Ginger) Root Extract, Tocopherol, Yellow 5 (CI 19140), Blue 1 (CI 42090), Red 33 (CI 17200), Red 4 (CI 14700).",541,7220,1.7,0.0,https://www.sephora.com/product/green-releaf-therapeutic-sleep-cream-P439097?icid2=products%20grid:p439097,1.7,38.23529411764706
Repairwear Sculpting Night Cream,CLINIQUE,moisturizing-cream-oils-mists,68.0,"Cyclopentasiloxane , Glycerin , Dipropylene Glycol , Alcohol Denat. , Peg10 Dimethicone , Aspalathus Linearis (Red Tea) Leaf Extract , Camellia Sinensis (Yellow Tea) Leaf Extract , Betula Alba (Birch) Bark Extract , Polygonum Cuspidatum Root Extract , Camellia Sinensis (White Tea) Leaf Extract , Saccharomyces Lysate Extract , Cucumis Melo (Melon) Fruit Extract , Coleus Barbatus Extract , Persea Gratissima (Avocado) Oil , Centella Asiatica (Hydrocotyl) Extract , Adenosine Phosphate , Acetyl Hexapeptide8 , Creatine , Astrocaryum Murumuru Seed Butter , Sigesbeckia Orientalis (St. Paul'S Wort) Extract , Jojoba Esters , Glycine Soja (Soybean) Protein , Decarboxy Carnosine Hcl , Dimethicone , Acetyl Carnitine Hcl , Sodium Hyaluronate , Cholesterol , Whey Protein/Lactis Protein/Proteine Du PetitLait , Tocopheryl Acetate , Butylene Glycol , Propylene Glycol Dicaprylate , Caffeine , Sea Whip Extract , Linoleic Acid , Phytantriol , Sodium Rna , Disteardimonium Hectorite , Yeast Extract/Faex/Extrait De Levure , Peg150 , Tetrahexyldecyl Ascorbate , Polyquaternium51 , Potassium Sulfate , Citric Acid , Sodium Hexametaphosphate , Sodium Citrate , Disodium Edta , Phenoxyethanol <iln41010></iln41010>",33,1832,1.7,0.0,https://www.sephora.com/product/repairwear-sculpting-night-cream-P392241?icid2=products%20grid:p392241,1.7,40.0
PRE:EMPT SERIES™ Oil-Free Hydrating Cream,Perricone MD,moisturizing-cream-oils-mists,59.0,"Ethylhexyl Palmitate, Glycerin, Caprylic/Capric Triglyceride, Butyrospermum Parkii (Shea) Butter, Hexylene Glycol, Cetearyl Olivate, Glyceryl Stearate, Squalane, Dimethyl MEA, Tetrahexyldecyl Ascorbate, Lepidium Sativum Sprout Extract, Tetrahydrodiferuloylmethane, Olea Europaea (Olive) Leaf Extract, Tetrahydrodemethoxydiferuloylmethane, Epigallocatechin Gallatyl Glucoside, Sodium Hyaluronate, Gluconolactone, Tetrahydrobisdemethoxydiferuloylmethane, Chondrus Crispus Extract, Acetyl Tyrosine, Panthenol, Lecithin, Ethylhexylglycerin, Sclerotium Gum, Sodium Stearoyl Lactylate, Sorbitan Olivate, Sodium Acrylates Copolymer, Cetearyl Alcohol, Sodium Benzoate, Phenoxyethanol, Fragrance, Amyl Cinnamal, Hydroxycitronellal, Linalool.",76,4538,2.0,0.0,https://www.sephora.com/product/pre-empt-series-oil-free-hydrating-cream-P408540?icid2=products%20grid:p408540,2.0,29.5
Rènergie Lift Multi-Action Ultra Double-Wrapping Cream Face Mask,Lancôme,moisturizing-cream-oils-mists,68.0,"Aqua/Glycerin, Dimethicone, Butyrospermum Parkii Butter/Shea Butter, Pentylene Glycol, Octyldodecanol, Cetyl Alcohol, Peg100 Stearate, Glyceryl Stearate, 3OEthyl Ascorbic Acid, Tocopheryl Acetate, Stearic Acid, Hydroxypropyl Tetrahydropyrantriol, Palmitic Acid, Propylene Glycol, Polyacrylamide, C1314 Isoparaffin, Poloxamer 338, Phenoxyethanol, Citric Acid, Sodium Citrate, 2Oleamido1,3Octadecanediol, Chlorphenesin, Acrylates/C1030 Alkyl Acrylate Crosspolymer, Xanthan Gum, Potassium Hydroxide, Vaccinium Myrtillus Fruit Extract, Hydrolyzed Linseed Extract, Laureth7, Adenosine, Hydrolyzed Lupine Protein, Disodium Edta, Leontopodium Alpinum Flower/Leaf Extract, Pentaerythrityl TetraDiTButyl Hydroxyhydrocinnamate, Saccharum Officinarum Extract/Sugarcane Extract, Myristic Acid, Biosaccharide Gum1, Citrus Aurantium Dulcis Fruit Extract/Orange Fruit Extract, Citrus Limon Fruit Extract / Lemon Fruit Extract, Sodium Benzoate, Guanosine, Acer Saccharum Extract/ Sugar Maple Extract, Hexyl Cinnamal, AlphaIsomethyl Ionone, Limonene, Benzyl Alcohol, Cyathea Medullaris Leaf Extract, Geraniol, Potassium Sorbate, Glyceryl Caprylate, Cinnamic Acid, Levulinic Acid, Bht, Sodium Levulinate, Parfum/Fragrance.",2,377,0.0,0.0,https://www.sephora.com/product/lancome-renergie-lift-multi-action-ultra-double-wrapping-cream-face-mask-P454029?icid2=products%20grid:p454029,2.0673014048531417,32.893123296083004
Hydra Zen Anti-Stress Moisturizing Beauty Facial Essence,Lancôme,moisturizing-cream-oils-mists,42.0,"Propylene Glycol, Glycerin, Alcohol Denat., Butylene Glycol, Peg20, Peg8, BisPeg18 Methyl Ether Dimethyl Silane, Phenoxyethanol, Peg60 Hydrogenated Castor Oil, Ethylhexylglycerin, Carbomer, Potassium Hydroxide, Ophiopogon Japonicus Root Extract, Rosa Gallica Flower Extract, Jasmine Flower Extract, Paeonia Suffruticosa Extract/Paeonia Suffruticosa Root Extract, Theobroma Cacao Extract/Cocoa Extract, Moringa Pterygosperma Seed Extract, Alteromonas Ferment Extract, Fragrance.",24,3612,6.7,0.0,https://www.sephora.com/product/hydra-zen-anti-stress-moisturizing-beauty-facial-essence-P422431?icid2=products%20grid:p422431,6.7,6.26865671641791
Crème Riche Anti-Aging Peptide Night Cream,Tata Harper,moisturizing-cream-oils-mists,195.0,"Hordeum Vulgare Leaf Juice*, Cetyl Alcohol, Glycerin, Cetearyl Alcohol, Glyceryl Stearate SE, Jojoba Esters, Simmondsia Chinensis (Jojoba) Seed Oil, Linoleic Acid, Shea Butter Ethyl Esters, Propanediol, Candelilla Cera/Euphorbia Cerifera (Candelilla) Wax/Cire De Candelilla, Astrocaryum Murumuru Seed Butter*, Caprylic/Capric Triglyceride, Cetearyl Glucoside, Leuconostoc Ferment Filtrate, Beta Vulgaris/Beet Root Extract/Extrait De Racine De Betterave, Hydrolyzed Avocado Protein, Magnolia Officinalis Bark Extract, Caesalpinia Spinosa Fruit Extract, Cassia Alata Leaf Extract, Carthamus Tinctorius (Safflower) Oleosomes, Calcium Ketogluconate, Sodium Hyaluronate, Kappaphycus Alvarezii Extract, Hyaluronic Acid, Jania Rubens Extract, Lavandula Stoechas (Spanish Lavender) Extract, Linolenic Acid, Salicornia Herbacea Extract, Acer Rubrum Bark Extract, Dunaliella Salince (Algae) Extract, Saccharide Isomerate, Sodium Anisate, Camellia Oleifera Seed Oil*, Camellia Sinensis (Green Tea) Seed Oil*, Salix Alba (Willow) Bark Extract, Arnica Montana (Arnica) Extract*, Borago Officinalis (Borage) Leaf Extract*, Calendula Officinalis (Calendula) Flower Extract*, Medicago Sativa (Alfalfa) Extract*, Spiraea Ulmaria (Meadowsweet) Extract*, Tocopherol, Sambucus Nigra Fruit Extract, Glyceryl Undecylenate, Gaultheria Procumbens (Wintergreen) Leaf Extract, Sodium Levulinate, Acacia Senegal Gum, Xanthan Gum, Olea Europaea (Olive) Oil*, Sodium Citrate, Maltodextrin, PAnisic Acid, Glyceryl Caprylate, Hydrolyzed Corn Starch, Aroma**, Squalane, Citric Acid, Citral, Citronellol, Eugenol, Limonene, Linalool, Geraniol. *Ingredients from organic farming. **Clinical grade essential oils blend.",13,1196,1.7,0.0,https://www.sephora.com/product/creme-riche-velvet-moisturizing-cream-P422848?icid2=products%20grid:p422848,1.7,114.70588235294117
Rosa Centifolia™ No.1 Purity Cleansing Balm,REN Clean Skincare,moisturizing-cream-oils-mists,32.0,"Prunus Amygdalus Dulcis (Sweet Almond) Oil, Cetearyl Ethylhexanoate, Glyceryl Cocoate, Caprylic/Capric Triglyceride, Glyceryl Stearate, Glyceryl Dibehenate, Tribehenin, Glyceryl Behenate, Butyrospermum Parkii (Shea Butter), Sodium Cocoyl Glutamate, Parfum (Fragrance), Rosa Centifolia Flower Extract, Cymbopogon Martini Oil, Viola Odorata Extract, Anthemis Nobilis (Chamomile) Flower Oil, Lecithin, Benzyl Alcohol, Oryzanol, Tocopherol, Citronellol, Geraniol, Eugenol, Linalool",298,9013,0.0,3.3,https://www.sephora.com/product/rosa-centifolia-no-1-purity-cleansing-balm-P306884?icid2=products%20grid:p306884,3.3,9.696969696969697
Botanical Radiance Oil,AMOREPACIFIC,moisturizing-cream-oils-mists,105.0,"Camellia Sinensis Leaf Glycerin, Dipropylene Glycol, Alcohol, Methyl Gluceth20, Butylene Glycol, Peg60 Hydrogenated Castor Oil, 1,2Hexanediol, Xanthan Gum, Octyldodeceth16, Parfum, Ethylhexylglycerin, Disodium Edta, Brassica Campestris (Rapeseed) Seed Oil, Camellia Sinensis Seed Oil, Camellia Sinensis Leaf Extract, Caprylyl Glycol, Tocopherol.",56,2130,1.0,0.0,https://www.sephora.com/product/botanical-radiance-oil-P429238?icid2=products%20grid:p429238,1.0,105.0
STARPOTION™ Liquid Charcoal Clarifying Oil,GLAMGLOW,moisturizing-cream-oils-mists,54.0,"Helianthus Annuus (Sunflower) Seed Oil, Heptyl Undecylenate, Isostearyl Linoleate, Dextrin Palmitate, Isodecyl Salicylate, Charcoal Powder, Argania Spinosa Kernel Oil, Curcuma Longa (Turmeric) Root Extract, Salicylic Acid, Tetrahexyldecyl Ascorbate, Calendula Officinalis Extract, Rosmarinus Officinalis (Rosemary) Leaf Extract, Sesamum Indicum (Sesame) Seed Oil, Citrus Aurantium Dulcis (Orange) Peel Oil, Lavandula Angustifolia (Lavender) Oil, Pelargonium Graveolens Flower Oil, Aloe Barbadensis Leaf Extract, Tocopherol, Bisabolol, Diisopropyl Adipate, Limonene, Linalool, Bht, Iron Oxides (Ci 77499).",225,8837,1.0,0.0,https://www.sephora.com/product/starpotion-tm-liquid-charcoal-clarifying-oil-P435802?icid2=products%20grid:p435802,1.0,54.0
Plantscription™ Retinol Night Moisturizer,Origins,moisturizing-cream-oils-mists,64.0,"caprylic/capric triglyceride, glycerin, ppg15 stearyl ether, c1220 acid peg8 ester, phenyl trimethicone, niacinamide,  caprylic/capric/myristic/stearic triglyceride, hydroxyethyl urea, dimethicone, cetyl alcohol, butylene glycol, retinol, linum alpinum flower/leaf/stem extract,  illicium verum (anise) fruit/seed oil*, citrus aurantium bergamia (bergamot) fruit oil*, palargonium graveolens flower oil*, lavandula angustifolia (lavender) oil*, citrus limon (lemon) peel oil*, litsea cubeba fruit oil*, citrus nobilis (mandarin orange) peel oil*, myristica fragrans (nutmeg) kernel oil*, citrus aurantium dulcis (orange) peel oil*, rosa damascena flower oil*, carthamus tinctorius (safflower) seed oil,  hibiscus abelmoschus extract, limonene, linalool, citronellol, geraniol, citral, hordeum vulgare (barley) extract\extrait d'orge, anogeissus leiocarpus bark extract, cynara scolymus (artichoke) leaf extract, triticum vulgare (wheat) germ extract, theobroma grandiflorum seed butter, caffeine, linoleic acid, algae extract, sigesbeckia orientalis (st. paul's wort) extract, coffea arabica (coffee) seed oil , gelidiella acerosa extract, acetyl hexapeptide8,  squalane, hypnea musciformis (algae) extract, sorbitol, tocopheryl acetate, trehalose,  tocopherol, sodium pca,  ammonium acryloyldimethyltaurate/vp copolymer, sodium hyaluronate, urea, behenyl alcohol, caprylyl glycol, peg100 stearate, glyceryl stearate, potassium cetyl phosphate, acrylates/c1030 alkyl acrylate crosspolymer, ascorbic acid, citric acid,  xanthan gum,  carbomer, sodium metabisulfite, polyquaternium51, sodium hydroxide, disodium edta, bht, phenoxyethanol. * essential oil",13,2726,1.0,0.0,https://www.sephora.com/product/plantscription-retinol-moisturizer-with-alpine-flower-P442745?icid2=products%20grid:p442745,1.0,64.0
Glow Daily Vitamin C Gel Cream,REN Clean Skincare,moisturizing-cream-oils-mists,48.0,"REN does not use skinunfriendly ingredients. All products are free from synthetic fragrance, poreblocking petrochemicals, sulfate detergents, silicones, synthetic colors, animal ingredients and parabens. In addition, REN products do not contain potential irritants including: glycols and diglycols (such as propylene glycol), PEG's, PPGs, urea, D.E.A, T.E.A, PABA, and other synthetic sunscreens, aliphatic alcohols/hydrocarbons, phthalates, fumarates, amines, alkanolamines, synthetic AHAs/BHAs, polyacrylamide, metacrylate, elastomer, poloxamer, styrene, vinyl, polyquaternium, synthetic chelating agents, nylon, nitriles, nitrates, nitrosamine releasers, bromates, fluor, aluminum, and alumina.",31,5034,1.7,0.0,https://www.sephora.com/product/glow-daily-vitamin-c-gel-cream-P441060?icid2=products%20grid:p441060,1.7,28.235294117647058
Peptide K8™ Power Cream,Kate Somerville,moisturizing-cream-oils-mists,150.0,"Stearic Acid, Cetearyl Alcohol, Ceteareth20, Glycerin, Isopropyl Myristate, Isocetyl Stearoyl Stearate, Dimethicone, Cyclopentasiloxane, C1215 Alkyl Benzoate, Caprylic/Capric Triglyceride, Orbignya Oleifera Seed Oil, Cannabis Sativa Seed Oil, Squalane, Cholesterol, Urea, Sodium PCA, Cetearyl Alcohol, Macadamia Ternifolia Seed Oil, Simmondsia Chinensis (Jojoba) Seed Oil, Silk Powder, Tribehenin, Triethanolamine, Xanthan Gum, Butylene Glycol, Tocopheryl Acetate, Allantoin, Trehalose, Citrus Grandis (Grapefruit) Peel Oil, Ascorbyl Palmitate, Ceramide 2, PEG10 Rapeseed Sterol, Triacetin, Copper PCA, Polyquaternium51, Sodium Hyaluronate, Palmitoyl Oligopeptide, Disodium EDTA, Citric Acid, Sodium Benzoate, Potassium Sorbate, Chlorphenesin, Fragrance, Hexyl Cinnamal, Butylphenyl Methyl Propional, Limonene.",76,4239,1.0,0.0,https://www.sephora.com/product/deep-tissue-repair-cream-with-peptide-k8-P232918?icid2=products%20grid:p232918,1.0,150.0
Pore Refining Solutions Stay-Matte Hydrator,CLINIQUE,moisturizing-cream-oils-mists,39.5,"Dimethicone , Glycerin , Alcohol Denat. , Polymethyl Methacrylate , Silica , Talc , Butylene Glycol , Trisiloxane , Hydrogenated Polyisobutene , Hydrogenated Lecithin , Sigesbeckia Orientalis (St. Paul'S Wort) Extract , Triticum Vulgare (Wheat) Germ Extract , Hordeum Vulgare (Barley) Extract/Extrait D'Orge , Laminaria Saccharina Extract , Cholesterol , Glycine Soja (Soybean) Protein , Sucrose , Linoleic Acid , Squalane , Diethylhexyl Succinate , Polyethylene , Acetyl Glucosamine , Polydodecanamideaminium Triazadiphenylethenesulfonate , Ethylene/Methacrylate Copolymer , Phospholipids , Hexylene Glycol , Tocopheryl Acetate , Isopropyl Titanium Triisostearate , Caprylyl Glycol , Polyvinylalcohol Crosspolymer , Sodium Carbomer , Ammonium Acryloyldimethyltaurate/Vp Copolymer , Chlorphenesin , Phenoxyethanol , Mica , Titanium Dioxide (Ci 77891) <iln37804></iln37804>",85,6586,1.7,0.0,https://www.sephora.com/product/pore-refining-solutions-stay-matte-hydrator-P374115?icid2=products%20grid:p374115,1.7,23.235294117647058
Resilience Multi-Effect Tri-Peptide Face and Neck Crème,Estée Lauder,moisturizing-cream-oils-mists,95.0,"Dimethicone , Glycerin , Alcohol Denat. , Polymethyl Methacrylate , Silica , Talc , Butylene Glycol , Trisiloxane , Hydrogenated Polyisobutene , Hydrogenated Lecithin , Sigesbeckia Orientalis (St. Paul'S Wort) Extract , Triticum Vulgare (Wheat) Germ Extract , Hordeum Vulgare (Barley) Extract/Extrait D'Orge , Laminaria Saccharina Extract , Cholesterol , Glycine Soja (Soybean) Protein , Sucrose , Linoleic Acid , Squalane , Diethylhexyl Succinate , Polyethylene , Acetyl Glucosamine , Polydodecanamideaminium Triazadiphenylethenesulfonate , Ethylene/Methacrylate Copolymer , Phospholipids , Hexylene Glycol , Tocopheryl Acetate , Isopropyl Titanium Triisostearate , Caprylyl Glycol , Polyvinylalcohol Crosspolymer , Sodium Carbomer , Ammonium Acryloyldimethyltaurate/Vp Copolymer , Chlorphenesin , Phenoxyethanol , Mica , Titanium Dioxide (Ci 77891) <iln37804></iln37804>",20,5115,1.7,0.0,https://www.sephora.com/product/resilience-lift-firming-sculpting-face-neck-creme-broad-spectrum-spf-15-normal-combination-P380012?icid2=products%20grid:p380012,1.7,55.88235294117647
Repairwear Uplifting Firming Cream,CLINIQUE,moisturizing-cream-oils-mists,66.0,"Neopentyl Glycol Diheptanoate , Jojoba Esters , C1220 Acid Peg8 Ester , Glycerin , Butylene Glycol , Polymethyl Methacrylate , Cetyl Alcohol , Peg100 Stearate , Behenyl Alcohol , Pentylene Glycol , Sigesbeckia Orientalis (St. Paul'S Wort) Extract , Salvia Sclarea (Clary) Extract , Centella Asiatica (Hydrocotyl) Extract , Chlorella Vulgaris Extract , Rosmarinus Officinalis (Rosemary) Leaf Extract , Commiphora Mukul Resin Extract , Laminaria Digitata Extract , Whey Protein/Lactis Protein/Proteine Du PetitLait , Chamomilla Recutita (Matricaria) , Caffeine , Micrococcus Lysate , Acetyl Hexapeptide8 , Glycine Soja (Soybean) Protein , Ergothioneine , Lecithin , Dimethicone , Glyceryl Stearate , Potassium Cetyl Phosphate , Tocopheryl Acetate , Phytosterols , Caprylyl Glycol , Caprylic/Capric Triglyceride , Astrocaryum Murumuru Seed Butter , Acrylates/C1030 Alkyl Acrylate Crosspolymer , Xanthan Gum , Trehalose , Sodium Hyaluronate , Tetrahexyldecyl Ascorbate , Carbomer , Sodium Hydroxide , Citric Acid , Disodium Edta , Phenoxyethanol , Titanium Dioxide (Ci 77891) , Mica <iln38240></iln38240>",39,1875,0.0,1.7,https://www.sephora.com/product/repairwear-uplifting-firming-cream-P309409?icid2=products%20grid:p309409,1.7,38.82352941176471
Premier Cru Anti-Aging Precious Oil,Caudalie,moisturizing-cream-oils-mists,89.0,"CocoCaprylate*, Isoamyl Cocoate*, Coriandrum Sativum (Coriander) Seed Oil*, Simmondsia Chinensis (Jojoba) Seed Oil*, Opuntia FicusIndica Seed Oil*, Oleic/Linoleic/Linolenic Polyglycerides*, Santalum Album (Sandalwood) Seed Oil*, Tocopheryl Acetate*, Tocopherol*, Helianthus Annuus (Sunflower) Seed Oil*, Vitis Vinifera (Grape) Seed Oil*, Palmitoyl Grapevine Shoot Extract*, Palmitoyl Grape Seed Extract*, Padina Pavonica Thallus Extract*, Fragrance, Geraniol, Citronellol, Coumarin, Linalool (155/025) *Plant origin.",36,3376,1.0,0.0,https://www.sephora.com/product/premier-cru-precious-oil-P428106?icid2=products%20grid:p428106,1.0,89.0
Hydrating Essence Toner,Algenist,moisturizing-cream-oils-mists,25.0,"Butylene Glycol, Sodium PCA, Hamamelis Virginiana (Witch Hazel) Algae Exopolysaccharides, Palmitoyl Oligopeptide, Palmitoyl Tetrapeptide7, Ascorbyl Glucoside, Aloe Barbadensis Leaf Extract, Camellia Oleifera Leaf Extract, Chamomilla Recutita (Matricaria) Flower Extract, Cucumis Sativus (Cucumber) Fruit Extract, Verbena Officinalis Extract, Tocopheryl Acetate, Glycerin, 1,2Hexanediol, Caprylyl Glycol, Carbomer, Polysorbate 20, Ethylhexyglycerin, Benzoic Acid, Disodium EDTA, Phenoxyethanol, Fragrance",156,9634,5.0,0.0,https://www.sephora.com/product/hydrating-essence-toner-P386910?icid2=products%20grid:p386910,5.0,5.0
Hydra-Essentiel Rich Cream - Very Dry Skin,Clarins,moisturizing-cream-oils-mists,48.0,"Glycerin, Caprylic/Capric Triglyceride, Squalane, CocoCaprylate/ Caprate, Butyrospermum Parkii (Shea) Butter, Hydrogenated CocoGlycerides, Propanediol, Theobroma Grandiflorum Seed Butter, Dimethicone, Cetearyl Alcohol, Glyceryl Stearate, Peg100 Stearate,  Caprylyl Glycol, Sodium Polyacrylate, Xylitylglucoside, Cetearyl Glucoside, Fragrance, Anhydroxylitol, Acrylates/C1030 Alkyl Acrylate Crosspolymer, Ethylhexylglycerin, Dimethiconol, Xylitol, Butylene Glycol, Decylene Glycol, Sodium Hydroxide, Diospyros Mespiliformis Leaf Extract, Glucose, Maltodextrin, Kalanchoe Pinnata Leaf Extract, Tocopherol, Sanicula Europaea Extract, Citric Acid, Phenoxyethanol, Lapsana Communis Flower/ Leaf/Stem Extract, Furcellaria Lumbricalis Extract, Sodium Benzoate, Potassium Sorbate, Sea Salt, Callicarpa Japonica Fruit Extract, [V2899A].",21,1839,1.8,0.0,https://www.sephora.com/product/hydra-essentiel-rich-cream-very-dry-skin-P415623?icid2=products%20grid:p415623,1.8,26.666666666666664
anti-wrinkle miracle worker night+ line-correcting overnight cream,philosophy,moisturizing-cream-oils-mists,68.0,"Glycerin, Dicaprylyl Carbonate, Hydrogenated Polyisobutene, Octyldodecanol, Cyclopentasiloxane, Cetyl Alcohol, Cetyl Stearate, Hydroxyethyl Acrylate/Sodium Acryloyldimethyl Taurate Copolymer, 3OEthyl Ascorbic Acid, Isostearyl Isostearate, Potassium Cetyl Phosphate, Squalane, Gluconolactone, Glyceryl Stearate, Peg100 Stearate, Magnesium Aluminum Silicate, Bisabolol, Butylene Glycol, Chlorphenesin, Sodium Benzoate, Xanthan Gum, Allantoin, Stearalkonium Hectorite, Dimethicone/Vinyl Dimethicone Crosspolymer, Polysorbate 60, Isopropyl Palmitate, Tocopheryl Acetate, Propanediol, Sodium Hydroxide, Parfum/Fragrance, Cyclohexasiloxane, Peg8, Albizia Julibrissin Bark Extract, Ascorbyl Glucoside, Propylene Carbonate, Stearic Acid, Disodium Edta, Lecithin, Tocopherol, Citrus Aurantium Dulcis (Orange) Fruit Extract, Maltodextrin, Phenoxyethanol, BetaGlucan, Calcium Gluconate, Carbomer, Ascorbyl Palmitate, Polysorbate 20, Saponins, Hyaluronic Acid, Citric Acid, Silanetriol, Swertia Chirata Extract, Limonene, Benzyl Salicylate, Mineral Salts, Sorbic Acid, Benzoic Acid, Anogeissus Leiocarpus Bark Extract, Ascorbic Acid, Dehydroacetic Acid, Farnesol, Ethylhexylglycerin, Palmitoyl Tripeptide1, Palmitoyl Tetrapeptide7.",5,671,2.0,0.0,https://www.sephora.com/product/anti-wrinkle-miracle-worker-night-line-correcting-overnight-cream-P440473?icid2=products%20grid:p440473,2.0,34.0
Peony Brightening Night Treatment Mask,Fresh,moisturizing-cream-oils-mists,84.0,"WaterGlycerin, Caprylic/Capric Triglyceride, Ethylhexyl Isononanoate, Ascorbyl Glucoside, Pentylene Glycol, Butylene Glycol, Dipalmitoyl Hydroxyproline, Steareth2, Paeonia Suffruticosa Root Extract,Cucumis Sativus (Cucumber) Fruit ExtractGlycyrrhiza Glabra (Licorice) Root Extract, Citrus Limon (Lemon) Peel Oil, Adenosine, Sodium Hyaluronate, Tocopheryl Acetate, Tocopherol, Cetyl Alcohol, Stearyl Alcohol, Hydrogenated CocoGlycerides, Steareth21, Polymethylsilsesquioxane, Polyacrylamide, Acrylates/C1030 Alkyl Acrylate CrosspolymerSodium Hydroxide, C1314 Isoparaffin, Caprylyl Glycol, Dimethicone, Laureth7, Bht, Limonene, Citral, Phenoxyethanol",140,13750,0.0,3.3,https://www.sephora.com/product/peony-brightening-night-treatment-mask-P385045?icid2=products%20grid:p385045,3.3,25.454545454545457
Beauty Flash Balm,Clarins,moisturizing-cream-oils-mists,48.0,"Propylene Glycol, Octyldodecanol, Oryza Sativa (Rice) Starch, Glycerin, Polysorbate 60, Sorbitan Stearate, Olea Europaea (Olive) Leaf Extract, Carbomer, Phenoxyethanol, Bisabolol, Sodium Hydroxide, Parfum/Fragrance, Butylene Glycol, Potassium Sorbate, Sodium Citrate, Hamamelis Virginiana (Witch Hazel) Leaf Extract, Algae Extract, Hexyl Cinnamal, Linalool, Coumarin, Benzyl Salicylate, Hydroxyisohexyl 3Cyclohexene Carboxaldehyde, Butylphenyl Methylpropional, Hydroxycitronellal, Citronellol, Geraniol, AlphaIsomethyl Ionone, Eugenol, Limonene, Isoeugenol, Ci 15985/Yellow 6E.",258,11081,1.7,0.0,https://www.sephora.com/product/beauty-flash-balm-P95044?icid2=products%20grid:p95044,1.7,28.235294117647058
Clearly Corrective™ Brightening and Smoothing Moisture Treatment,Kiehl's Since 1851,moisturizing-cream-oils-mists,60.0,"Propylene Glycol, Octyldodecanol, Oryza Sativa (Rice) Starch, Glycerin, Polysorbate 60, Sorbitan Stearate, Olea Europaea (Olive) Leaf Extract, Carbomer, Phenoxyethanol, Bisabolol, Sodium Hydroxide, Parfum/Fragrance, Butylene Glycol, Potassium Sorbate, Sodium Citrate, Hamamelis Virginiana (Witch Hazel) Leaf Extract, Algae Extract, Hexyl Cinnamal, Linalool, Coumarin, Benzyl Salicylate, Hydroxyisohexyl 3Cyclohexene Carboxaldehyde, Butylphenyl Methylpropional, Hydroxycitronellal, Citronellol, Geraniol, AlphaIsomethyl Ionone, Eugenol, Limonene, Isoeugenol, Ci 15985/Yellow 6E.",31,7807,1.7,0.0,https://www.sephora.com/product/clearly-corrective-brightening-smoothing-moisture-treatment-P422486?icid2=products%20grid:p422486,1.7,35.294117647058826
Daily Dew Hydrating Essence Mist,Saturday Skin,moisturizing-cream-oils-mists,34.0," Dipropylene Glyco,l Alcohol Denat., Glycerin, Pyrus Malus (Apple) Fruit Citrus Limon (Lemon) Peel Oil, Ananas Sativus (Pineapple) Fruit Extract, Pyrus Malus (Apple) Fruit Extract, Actinidia Chinensis (Kiwi) Fruit Extract, Fragaria Vesca (Strawberry) Fruit Extract, Prunus Persica (Peach) Fruit Extract, Vitis Vinifera (Grape) Fruit Extract, Juniperus Mexicana Oil, Citrus Aurantium Dulcis (Orange) Peel Oi,l Citrus Grandis (Grapefruit) Peel Oil, Eucalyptus Globulus Leaf Oil, Lavandula Angustifolia (Lavender) Oil, Rosmarinus Officinalis (Rosemary) Leaf Oil, Hydrolyzed Avocado Protein, Pentylene Glycol, Dimethicone, BisPEG18 Methyl Ether Dimethyl Silane, Butylene Glycol, Propanediol, PEG60 Hydrogenated Castor Oil, Lecithin, Octyldodeceth16, Tromethamine 1,2Hexanediol, Hydrogenated Lecithin, Cholesterol, PEG800, Maltodextrin, Polysorbate 20, Saccharide Hydrolysate, Polyglutamic Acid, Sodium Hyaluronate, shOligopeptide1, shPolypeptide1, shOligopeptide2, shPolypeptide22, shPolypeptide45, shPolypeptide8, shPolypeptide9, Carbomer, Disodium EDTA, Phenoxyethanol.F13",178,12873,4.39,0.0,https://www.sephora.com/product/daily-dew-hydrating-essence-mist-P423679?icid2=products%20grid:p423679,4.39,7.744874715261959
Rose Hydrating Gel Cream,Fresh,moisturizing-cream-oils-mists,40.0,"Glycerin, Methyl Trimethicone, Dimethicone/Vinyl Dimethicone Crosspolymer, Hydroxyethyl Acrylate/Sodium Acryloyldimethyl Taurate Copolymer, Dimethicone, Simmondsia Chinensis (Jojoba) Seed Oil, Maris Aqua (Sea Water), Rosa Damascena Flower Aloe Barbadensis Leaf Extract, Cucumis Sativus (Cucumber) Fruit Extract, Angelica Keiskei Extract, Porphyridium Cruentum Extract, Rosa Damascena Flower Oil, Faex (Yeast Extract), Rhodiola Crenulata Root Extract, Sodium Hyaluronate, Tocopheryl Acetate,Glyceryl Oleate Citrate, Butylene Glycol, Caprylic/Capric Triglyceride, Polysorbate 60,Sorbitan Isostearate, Sodium Citrate, Tetrasodium Edta, Citric Acid, C1214 Pareth12, Ci 19140 (Yellow 5), Ci 14700 (Red 4), Ci 15985 (Yellow 6), Citronellol, Geraniol, Phenoxyethanol.",247,13442,1.6,0.0,https://www.sephora.com/product/rose-hydrating-gel-cream-P378335?icid2=products%20grid:p378335,1.6,25.0
Balancing Moisturiser,Omorovicza,moisturizing-cream-oils-mists,140.0,"Hungarian Thermal Glycerin, Cetearyl Ethylhexanoate, Squalane, Corundum, Stearyl Heptanoate, Cetearyl Olivate, Apricot Kernel Oil, Saccharomyces (Hungarian Thermal Water) Ferment Extract, Phenoxyethanol, Sorbitan Olivate, Carbomer, Mangifera Indica (Mango) Pulp Extract, Prunus Domestica (Plum) Seed Extract, Spondias Mombin Pulp Extract, Fragrance, Xanthan Gum, Disodium EDTA, Pyrus Malus (Apple) Fruit Extract, Sodium Hydroxide, Malpighia Punicifolia (Acerola) Fruit Extract, Musa Sapientum (Banana) Pulp Extract, Tocopherol, Ethylhexylglycerin, Mannitol, Phospholipids, Chlorella Vulgaris/Lupinus Albus Protein Ferment, Pectin, Yeast Extract, Benzyl Alcohol, Potassium Sorbate, Linalool, Limonene, Geraniol.",37,3471,1.7,0.0,https://www.sephora.com/product/balancing-moisturiser-P309208?icid2=products%20grid:p309208,1.7,82.3529411764706
SOS Save.Our.Skin Daily Rescue Facial Spray Mini,Tower 28 Beauty,moisturizing-cream-oils-mists,12.0,"Sodium Chloride, Hypochlorous Acid.",15,2296,0.0,1.0,https://www.sephora.com/product/sos-save-our-skin-daily-rescue-facial-spray-mini-P448853?icid2=products%20grid:p448853,1.0,12.0
Hydrating Face Mist,Dr. Barbara Sturm,moisturizing-cream-oils-mists,95.0,"Lactobacillus/Portulaca Oleracea Ferment Extract, Propanediol, Glycerin, Panthenol, Ethylhexylglycerin Phenoxyethanol, Allantoin, Aloe Barbadensis Leaf Extract, Carbomer, Opuntia FicusIndica Stem Extract, Sodium Hyaluronate, Leuconostoc/Radish Root Ferment Filtrate, Bioflavonoids, Brassica Oleracea Italica (Broccoli) Extract, Sodium Hydroxide, Pantolactone, Citric Acid.",2,707,1.7,0.0,https://www.sephora.com/product/dr-barbara-sturm-hydrating-face-mist-P449602?icid2=products%20grid:p449602,1.7,55.88235294117647
Brumisateur® Natural Mineral Water Facial Spray Travel Duo,Evian,moisturizing-cream-oils-mists,16.0,"Pure, Natural evian® Mineral Water: Propelled by safe nitrogen (the air we breathe is 80 percent nitrogen) with a neutral 7.2 pH.",1000,21525,1.7,0.0,https://www.sephora.com/product/mineral-water-spray-duo-to-go-P230538?icid2=products%20grid:p230538,1.7,9.411764705882353
Repairwear Laser Focus Line Smoothing Cream Broad Spectrum SPF 15 for Very Dry to Dry Combination Skin,CLINIQUE,moisturizing-cream-oils-mists,51.0,"Octinoxate 7.5% , Octisalate 3.5% , Titanium Dioxide 1.7%Neopentyl Glycol Diheptanoate , Simmondsia Chinensis (Jojoba) Butter , Glycerin , Petrolatum , Octyldodecyl Neopentanoate , DiC1215 Alkyl Fumarate , Dimethicone , Hydrogenated Lecithin , Butylene Glycol , Hydrogenated Polyisobutene , Pentaerythrityl Tetraethylhexanoate , Hexyldecyl Stearate , Polyethylene , Pentylene Glycol , Potato Starch Modified , Citrus Reticulata (Tangerine) Peel Extract , Saccharomyces Lysate Extract , Polygonum Cuspidatum Root Extract , Algae Extract , Coffea Robusta Seed Extract , Astrocaryum Murumuru Seed Butter , Padina Pavonica Thallus Extract , Betula Alba (Birch) Bark Extract , Creatine , Adenosine Phosphate , Laurdimonium Hydroxypropyl Hydrolyzed Soy Protein , Linoleic Acid , Hydrolyzed Rice Extract , Hydroxyproline , Triticum Vulgare (Wheat) Germ Extract , Hordeum Vulgare (Barley) Extract/Extrait D'Orge , Sigesbeckia Orientalis (St. Paul'S Wort) Extract , Coleus Barbatus Extract , Acetyl Hexapeptide8 , Sodium Dna , Caffeine , Cholesterol , Ethylhexyl Stearate , Sorbitol , Ethylhexyl Palmitate , Decarboxy Carnosine Hcl , Phytosphingosine , Propylene Glycol Dicaprate , Tocopheryl Acetate , Peg100 Stearate , Disodium Nadh , Caprylyl Glycol , Acrylates Copolymer , C1216 Alcohols , Polysilicone11 , Squalane , Palmitic Acid , Trehalose , Glyceryl Stearate , Sodium Rna , Dipalmitoyl Hydroxyproline , Proline , Citric Acid , Potassium Sorbate , Aminopropyl Ascorbyl Phosphate , Behenyl Alcohol , Methicone , Ammonium Acryloyldimethyltaurate/Vp Copolymer , Hexylene Glycol , Xanthan Gum , Sodium Hydroxide , Sodium Hyaluronate , Aluminum Hydroxide , Potassium Sulfate , Glycine , Lecithin , Carbomer , Disodium Edta , Phenoxyethanol <iln41738></iln41738>",7,1045,1.7,0.0,https://www.sephora.com/product/repairwear-laser-focus-line-smoothing-cream-broad-spectrum-spf-15-for-very-dry-to-dry-combination-skin-P405825?icid2=products%20grid:p405825,1.7,30.0
Illuminating Anti-Aging Moisturizer,Tata Harper,moisturizing-cream-oils-mists,85.0,"Aloe Barbadensis Leaf Juice*, Lactobacillus/Arundinaria Gigantea Ferment Filtrate, Shea Butter Ethyl Esters, Carthamus Tinctorius (Safflower) Oleosomes*, Caprylic/Capric Triglyceride, Glycerin, Mangifera Indica (Mango) Seed Butter,  Mica, Rosa Damascena Flower Water*, Simmondsia Chinensis (Jojoba) Seed Oil*, Olea Europaea (Olive) Oil*, Cetearyl Olivate, Oryza Sativa (Rice) Extract*, Mel/Honey/Miel, Leuconostoc Ferment Filtrate, Theobroma Cacao (Cocoa) Seed Butter, Hyaluronic Acid, Sodium Hyaluronate, Salix Alba (Willow) Bark Extract, Diamond Powder, Lavandula Stoechas (Spanish Lavender) Extract, Arnica Montana (Arnica) Extract*, Borago Officinalis (Borage) Leaf Extract*, Medicago Sativa (Alfalfa) Extract*, Spiraea Ulmaria (Meadowsweet) Extract*, Calendula Officinalis (Calendula) Flower Extract*, Sambucus Nigra Fruit Extract, Menyanthes Trifoliata Leaf Extract, Propanediol, Sclerotium Gum, Aroma**, Cetyl Palmitate, Sorbitan Olivate, Alcohol, Sodium Phytate, Sorbitan Palmitate, Sorbitan Olivate, C.I. 77491, Iron Oxide (C.I. 77891), Citral, Citronellol, Eugenol, Geraniol, Limonene, Linalool. *Ingredients from organic farming. **Clinical grade essential oils blend.",88,3835,1.0,0.0,https://www.sephora.com/product/illuminating-moisturizer-P410727?icid2=products%20grid:p410727,1.0,85.0
Splash Hydrating Setting Mist,Algenist,moisturizing-cream-oils-mists,35.0,"Pentylene Glycol, Parachlorella Beijerinckii Exopolysaccharides, Codium Fragile Extract, Coccoloba Uvifera Fruit Extract, Porphyridium Cruentum Extract, Nannochloropsis Oculata Extract, Enteromorpha Compressa Extract, Pullulan, Sea Water (Maris Aqua), Citrullus Lanatus (Watermelon) Fruit Extract, PEG40 Hydrogenated Castor Oil, Lens Esculenta (Lentil) Fruit Extract, Pyrus Malus (Apple) Fruit Extract, Magnesium Aspartate, Zinc Gluconate, Copper Gluconate, Adenosine, Sodium Lactate, Biosaccharide Gum4, Butylene Glycol, Sodium PCA, Glycerin, Propanediol, Ethylhexylglycerin, Hexylene Glycol, Caprylyl Glycol, Potassium Sorbate, Sodium Benzoate, Chlorphenesin, Phenoxyethanol, Fragrance.",64,8192,4.0,0.0,https://www.sephora.com/product/splash-hydrating-setting-mist-P416103?icid2=products%20grid:p416103,4.0,8.75
Essential Energy Day Cream SPF 20,Shiseido,moisturizing-cream-oils-mists,48.0,"Dipropylene Glycol, Betaine, Butylene Glycol, Glycerin, Behenyl Alcohol, SD Alcohol 40B, Dimethicone, Isododecane, Isohexadecane, Beheneth20, Silica, Myristyl Myristate, Phytosteryl Macadamiate, Erythritol, Xanthan Gum, Tocopheryl Acetate, PEG/PPG14/7 Dimethyl Ether, PEG/PPG17/4 Dimethyl Ether, Caffeine, Scutellaria Baicalensis Root Extract, Angelica Keiskei Leaf/Stem Extract, Sodium Acetylated Hyaluronate, Camellia Sinensis Leaf Extract, Citrus Unshiu Peel Extract, Zingiber Aromaticus Extract, Hydrolyzed Conchiolin Protein, Polyquaternium51, Pyrola Incarnata Extract, Panax Ginseng Root Extract, PPG17, Stearyl Alcohol, Beheneth30, Alcohol, Disodium EDTA, Carbomer, Cellulose Gum, BHT, Sodium Metaphosphate, Potassium Hydroxide, Sodium Metabisulfite, Tocopherol, HDI/Trimethylol Hexyllactone Crosspolymer, Cinnamomum Cassia Bark Extract, Phenoxyethanol, Fragrance, Iron Oxides.",20,2315,1.7,0.0,https://www.sephora.com/product/essential-energy-day-cream-spf-20-P428091?icid2=products%20grid:p428091,1.7,28.235294117647058
Peony Brightening Moisture Face Cream,Fresh,moisturizing-cream-oils-mists,73.0,"Glycerin, Isotridecyl Isononanoate, Hydrogenated Polyisobutene, Pentylene Glycol, Isononyl Isononanoate, Steareth21, Ascorbyl Glucoside, Dimethicone, Tromethamine, Myristyl Myristate, Jojoba Esters, Xanthan Gum, Glycyrrhiza Glabra (Licorice) Root Extract, Butyrospermum Parkii (Shea) Seedcake Extract, Paeonia Suffruticosa Root Extract, Tocopheryl Acetate, Tocopherol, Behenyl Alcohol, Cetyl Alcohol, Glyceryl Stearate, Stearyl Alcohol, Silica, Polymethylsilsesquioxane, Sodium Polyacrylate, Sodium Citrate, Butylene Glycol, Acrylates/C1030 Alkyl Acrylate Crosspolymer, Caprylyl Glycol, Fragrance, Tetrasodium EDTA, Sodium Hyaluronate, Dimethiconol, Citric Acid, BHT, Prolinamidoethyl Imidazole, Diamond Powder, Limonene, Linalool, Citral, Phenoxyethanol.",13,2213,1.6,0.0,https://www.sephora.com/product/peony-brightening-moisturizing-face-cream-P409127?icid2=products%20grid:p409127,1.6,45.625
Shea Light Comforting Cream,L'Occitane,moisturizing-cream-oils-mists,29.0,"Dicaprylyl Ether, Butyrospermum Parkii (Shea) Butter, Octyldodecyl Myristate, Glycerin, Potassium Cetyl Phosphate, Helianthus Annuus (Sunflower) Seed Oil, Cetearyl Alcohol, Sodium Stearoyl Glutamate, Xanthan Gum, Hydrogenated Palm Glycerides, Corn Starch Modified, Carbomer, Phenoxyethanol, Chlorophenesin, Tocopherol, Fragrance, Benzyl Alcohol, Benzyl Benzoate, Linalool, Citronellol, Coumarin, Hexyl Cinnamal, Limonene, Geraniol",109,4260,1.7,0.0,https://www.sephora.com/product/shea-light-comforting-cream-P395521?icid2=products%20grid:p395521,1.7,17.058823529411764
Pep-Start HydroBlur Moisturizer,CLINIQUE,moisturizing-cream-oils-mists,30.5,"Glycerin , Sodium Polyacrylate Crosspolymer1 , Acetylated Glycol Stearate , Myristyl Myristate , Dimethicone/Vinyl Dimethicone Crosspolymer , Dimethicone , Butyrospermum Parkii (Shea Butter) , Mangifera Indica (Mango) Seed Butter , Hypnea Musciformis (Algae) Extract , Vinyl Dimethicone/Methicone Silsesquioxane Crosspolymer , Gellidiela Acerosa (Algae) Extract , Sigesbeckia Orientalis (St. Paul'S Wort) Extract , Alcaligenes Polysaccharides , Algae Extract , Laminaria Saccharina Extract , Squalane , Ceramide Np , Beeswax/Cera Alba/Cire D'Abeille , Acetyl Hexapeptide8 , Caffeine , Sodium Hyaluronate , Tocopheryl Acetate , Trehalose , Sodium Stearoyl Glutamate , Butylene Glycol , Caprylyl Glycol , Dimethicone Crosspolymer , Hydrogenated Polyisobutene , Hydrogenated Lecithin , Sodium Polyacrylate Starch , Pentylene Glycol , Laureth9 , Laureth23 , Silica , Silica Silylate , Disodium Edta , Phenoxyethanol , Sodium Benzoate , Red 4 (Ci 14700) , Yellow 5 (Ci 19140) <iln42612></iln42612>",573,19820,0.0,1.7,https://www.sephora.com/product/pep-start-hydroblur-moisturizer-P409146?icid2=products%20grid:p409146,1.7,17.941176470588236
Magic Moisture Mist,Omorovicza,moisturizing-cream-oils-mists,95.0,"Caprylic/Capric Triglyceride, Glycerin, Macadamia Integrifolia Seed Oil, Rosa Canina Fruit Oil, Triticum Vulgare (Wheat) Germ Oil, Sodium Benzoate, Benzyl Alcohol, Borago Officinalis Seed Oil, Carthamus Tinctorius (Safflower) Seed Oil, Helianthus Annuus (Sunflower) Seed Oil, Oenothera Biennis (Evening Primrose) Oil, Olea Europaea (Olive) Fruit Oil, Prunus Amygdalus Dulcis (Sweet Almond) Oil, Prunus Armeniaca (Apricot) Kernel Oil, Simmondsia Chinensis (Jojoba) Seed Oil, Persea Gratissima (Avocado) Oil, Sodium Levulinate, Yeast Extract, Citric Acid, Caprylyl/Capryl Glucoside, Limonene, Citrus Aurantium Dulcis (Orange) Peel Oil, Lavandula Angustifolia (Lavender) Oil, Pelargonium Graveolens Flower Oil, Sodium Anisate, Linalool, Citronellol, Citrus Aurantium Amara (Bitter Orange) Flower Oil, Geraniol, Eucalyptus Globulus Leaf Oil, Mentha Piperita (Peppermint) Oil, Phospholipids, Leuconostoc/Radish Root Ferment Filtrate, Solanum Lycopersicum (Tomato) Leaf Cell Culture Extract, Citral, Farnesol, Rosmarinus Officinalis (Rosemary) Leaf Extract, 4Terpineol, Anthemis Nobilis Flower Oil, Tocopherol, Ascorbyl Palmitate.",6,1023,1.7,0.0,https://www.sephora.com/product/magic-moisture-mist-P431421?icid2=products%20grid:p431421,1.7,55.88235294117647
WASO: Hydrating Gel Beauty Sleeping Mask,Shiseido,moisturizing-cream-oils-mists,38.0,"Dipropylene Glycol, Glycerin, Alcohol, Pentaerythrityl Tetraethylhexanoate, Maltitol, Dimethicone, Trehalose, Euphorbia Cerifera (Candelilla) Wax(Candelilla Cera/Cire De Candelilla), Phenoxyethanol, Peg240/Hdi Copolymer BisDecyltetradeceth20 Ether, Carbomer, Fragrance (Parfum), Potassium Hydroxide, Saccharide Isomerate, Talc, Dipotassium Glycyrrhizate, Dextrin Palmitate, Sodium Metaphosphate, Butylene Glycol, Disodium Edta, Acrylates/C1030 Alkyl Acrylate Crosspolymer, Carthamus Tinctorius (Safflower) Seed Oil, Serine, Butylphenyl Methylpropional, Limonene, Hexyl Cinnamal, Linalool, Benzyl Benzoate, Calcium Stearate, Iron Oxides (Ci 77492), Citric Acid, Sodium Citrate, Citronellol, Paeonia Suffruticosa Root Extract, Geraniol, Daucus Carota Sativa (Carrot) Root Protoplasts, Citrus Junos Seed Extract, Peg30 Phytosterol, Hydrogenated Lecithin, Triisostearin, Panax Ginseng Root Extract, Bht, Trimethylolpropane Triethylhexanoate, Plankton Extract, Sodium Phosphate, Trisodium Edta, Polysilicone2, Tocopherol,",17,3136,2.8,0.0,https://www.sephora.com/product/waso-beauty-sleeping-mask-P445460?icid2=products%20grid:p445460,2.8,13.571428571428573
Extra Repair Moisturizing Balm SPF 25,Bobbi Brown,moisturizing-cream-oils-mists,102.0,"Octinoxate 7.50%, Homosalate 5.00%, Oxybenzone 3.00%, Avobenzone 2.00%Ingredients",24,2603,1.7,0.0,https://www.sephora.com/product/extra-repair-moisturizing-balm-spf-25-P305143?icid2=products%20grid:p305143,1.7,60.0
Skin Soothing Hydrating Lotion,Dermalogica,moisturizing-cream-oils-mists,22.0,"Squalane, C1422 Alcohols, Butylene Glycol, Naringenin, Saccharide Isomerate, Sodium Hyaluronate, Panthenyl Triacetate, Salicylic Acid, Zingiber Officinale (Ginger) Root Oil, Citrus Aurantium Dulcis (Orange) Peel Oil, Citrus Grandis (Grapefruit) Peel Oil, Triethyl Citrate, Maltodextrin, Glyceryl Caprylate, C1220 Alkyl Glucoside, Acrylates/C1030 Alkyl Acrylate Crosspolymer, Aminomethyl Propanol, Xanthan Gum, Benzoic Acid, Sodium Citrate, Citric Acid, Caprylhydroxamic Acid, Ethylhexylglycerin, Methylpropanediol, Limonene, Polysorbate 20, Caprylic/Capric Triglyceride per SA.",7,1728,2.0,0.0,https://www.sephora.com/product/skin-soothing-hydrating-lotion-P443368?icid2=products%20grid:p443368,2.0,11.0
Visionnaire Skin Solutions Pure 0.2% Retinol Correcting Night Concentrate,Lancôme,moisturizing-cream-oils-mists,75.0,"Glycerin, Dicaprylyl Ether, Isopropyl Isostearate, Octyldodecanol, Sodium Tetrahydrojasmonate, Cetyl Alcohol, Glycine Soja Oil / Soybean Oil, Behenyl Alcohol, Dipropylene Glycol, Ci 61570 / Green 5, Tocopherol, Sodium Hyaluronate, SodiumHydroxide, Phenoxyethanol, Adenosine, Peg100Stearate, Chlorphenesin, AmmoniumPolyacryloyldimethyl Taurate, Limonene, Linalool, Caprylyl Glycol, Carbomer, Cetearyl Alcohol, Methyldihydrojasmonate, Retinol, CetearylGlucoside, Citronellol, Bht, Fragrance.",213,778,1.0,0.0,https://www.sephora.com/product/visionnaire-skin-solutions-pure-0-2-retinol-correcting-night-concentrate-P440304?icid2=products%20grid:p440304,1.0,75.0
White Lucent Overnight Cream & Mask,Shiseido,moisturizing-cream-oils-mists,105.0,"Water,Dimethicone,Dipropylene Glycol,Glycerin,Sd Alcohol 40B (Alcohol Denat.),Hydrogenated Polydecene,Peg10 Dimethicone,Sorbitol,Peg150,Peg400,Diisostearyl Malate,Peg9 Polydimethylsiloxyethyl Dimethicone,Disteardimonium Hectorite,Peg20,Trehalose,Potassium Methoxysalicylate,Phenoxyethanol,Polyvinyl Alcohol,Hydroxyethylcellulose,Butylene Glycol,Trisodium Edta,Hdi/Trimethylol Hexyllactone Crosspolymer,Sodium Citrate,Dipotassium Glycyrrhizate,2OEthyl Ascorbic Acid,Alcohol,Fragrance (Parfum),Caffeine,Citric Acid,Sodium Metaphosphate,Peg/Ppg14/7 Dimethyl Ether,Ppg3 Dipivalate,Linalool,Tocopherol,Citronellol,Sodium Metabisulfite,Geraniol,Paeonia Albiflora Root Extract,Silica,Iron Oxides (Ci 77491),Angelica Keiskei Leaf/Stem Extract,Limonene,Crataegus Monogyna Flower Extract,Rehmannia Chinensis Root Extract,Prunus Yedoensis Leaf Extract,Ziziphus Jujuba Fruit Extract,Pyrola Incarnata Extract,Potentilla Erecta Root Extract,Achillea Millefolium Extract,Benzoic Acid.",9,755,2.6,0.0,https://www.sephora.com/product/white-lucent-overnight-cream-mask-P443376?icid2=products%20grid:p443376,2.6,40.38461538461538
Lotus Face Treatment Oil,Clarins,moisturizing-cream-oils-mists,60.0,"Corylus Avellana (Hazel) Seed Oil, Pelargonium Graveolens Flower Oil, Parfum/Fragrance, Rosmarinus Officinalis (Rosemary) Leaf Oil, Helianthus Annuus (Sunflower) Seed Oil, Anthemis Nobilis Flower Oil, Salvia Sclarea (Clary) Oil, Belumbium Speciosum Flower Extract, Tocopherol, Citronellol, Linalool, Geraniol, Limonene, Citral, Coumarin, Benzyl Benzoate",126,6338,1.0,0.0,https://www.sephora.com/product/lotus-face-treatment-oil-P379064?icid2=products%20grid:p379064,1.0,60.0
Make A Difference™ Plus + Rejuvenating Moisturizer,Origins,moisturizing-cream-oils-mists,47.5,* Essential Oil,101,4649,1.7,0.0,https://www.sephora.com/product/make-a-difference-trade-plus-43-rejuvenating-moisturizer-P376634?icid2=products%20grid:p376634,1.7,27.941176470588236
And Now to Sleep Pillow Spray,REN Clean Skincare,moisturizing-cream-oils-mists,25.0,"Polyglyceryl4 Caprate, Propanediol, Parfum* (Fragrance), Juniperus Mexicana (Cedarwood) Oil, Boswellia Carterii (Frankincense) Oil, Lavandula Angustifolia Oil, Pelargonium Graveolens Oil, Cananga Odorata Macrophylla (Ylang Ylang) Flower Extract, Humulus Lupulus Oil, Sodium Benzoate, Potassium Sorbate, Lactic Acid, Benzyl Benzoate, Citral, Citronellol, Geraniol, Limonene, Linalool.",87,9571,2.5,0.0,https://www.sephora.com/product/and-now-to-sleep-pillow-spray-P428420?icid2=products%20grid:p428420,2.5,10.0
Dramatically Different Hydrating Jelly Mini,CLINIQUE,moisturizing-cream-oils-mists,5.0,"BisPeg18 Methyl Ether Dimethyl Silane, Butylene Glycol, Glycerin, Cucumis Sativus (Cucumber) Fruit Extract, Hypnea Musciformis (Algae) Extract, Gelidiella Acerosa Extract, Hordeum Vulgare (Barley) Extract/Extrait D'orge, Padina Pavonica Thallus Extract, Helianthus Annuus (Sunflower) Seedcake, Sucrose, Caffeine, Sodium Hyaluronate, Hydroxyethyl Urea, Hydrolyzed Rice Extract, Sorbitol, Sodium Polyaspartate, Ppg6Decyltetradeceth30, Ethylhexylglycerin, Propylene Glycol Dicaprate, Caprylyl Glycol, Trehalose, Polysorbate 80, Carbomer, Sodium Hydroxide, Hexylene Glycol, Citric Acid, Sodium Citrate, Disodium Edta, Phenoxyethanol",18,0,0.0,0.5,https://www.sephora.com/product/dramatically-different-hydrating-jelly-P432828?icid2=products%20grid:p432828,0.5,10.0
Prebiotic 3-in-1 MultiMist,Murad,moisturizing-cream-oils-mists,32.0,"Glycerin, Propanediol, Niacinamide, Hydrolyzed Yeast Protein, Caesalpinia Spinosa Fruit Extract, Kappaphycus Alvarezii Extract, Saccharide Isomerate, Xylitylglucoside, Anhydroxylitol, Xylitol, Zinc Gluconate, Caffeine, Hydroxyethyl Urea, Urea, Yeast Amino Acids, Trehalose, Inositol, Taurine, Betaine, Butylene Glycol, Pentylene Glycol, Caprylhydroxamic Acid, 1,2 Hexanediol, Divinyldimethicone/Dimethicone Copolymer, Acrylates/Polytrimethylsiloxymethacrylate Copolymer, C1213 Pareth3, C1213 Pareth23, Laureth1 Phosphate, Polysorbate 20, Fragrance.",23,2977,3.4,0.0,https://www.sephora.com/product/prebiotic-3-in-1-multimist-P443557?icid2=products%20grid:p443557,3.4,9.411764705882353
WASO: Giga-Hydrating Rich Cream,Shiseido,moisturizing-cream-oils-mists,38.0,"Water (Aqua/Eau), Cetyl Ethylhexanoate, Hydrogenated Polydecene, Butylene Glycol, Dimethicone, Xylitol, Glycerin, Silica, Squalane, Peg60 Glyceryl Isostearate, Alcohol, Stearyl Alcohol, Butyrospermum Parkii (Shea) Butter, Dipeptide15, Glyceryl Stearate, Erythritol, Behenyl Alcohol, Trehalose, Titanium Dioxide (Ci 77891), Isostearic Acid, Phenoxyethanol, Hydrogenated Palm Oil, Mica, Elaeis Guineensis (Palm) Kernel Oil, Elaeis Guineensis (Palm) Oil, Chlorphenesin, Fragrance (Parfum), Glyceryl Diisostearate, Peg/Ppg17/4 Dimethyl Ether, Caffeine, Xanthan Gum, Phytosteryl Macadamiate, Acrylates/C1030 Alkyl Acrylate Crosspolymer, Disodium Edta, Sodium Polyacrylate, Tin Oxide, Limonene, Betaine, Phytosteryl/Octyldodecyl Lauroyl Glutamate, Hexyl Cinnamal, Butylphenyl Methylpropional, Benzyl Benzoate, Linalool, Tocopherol, Paeonia Albiflora Root Extract, Citronellol, Lamium Album Flower/Leaf/Stem Extract, Daucus Carota Sativa (Carrot) Root Protoplasts, Citrus Junos Seed Extract, Potassium Hydroxide, Artemisia Princeps Leaf Extract, Benzoic Acid, Natto Gum, Citric Acid.",1,128,1.7,0.0,https://www.sephora.com/product/shiseido-waso-giga-hydrating-rich-cream-P454788?icid2=products%20grid:p454788,1.7,22.35294117647059
C + Collagen Perfect Skin Set & Refresh Mist,Dr. Dennis Gross Skincare,moisturizing-cream-oils-mists,30.0,"Propylene Glycol, Polysorbate 20, 3OEthyl Ascorbic Acid, Ascorbic Acid, Collagen Amino Acids, Niacinamide, Panthenol, Superoxide Dismutase, Ubiquinone, Sodium Hyaluronate, Phytic Acid, Phospholipids, Sphingolipids, Colloidal Oatmeal, Carnitine HCI, Ascorbyl Palmitate, Tocopheryl Acetate, Soy Isoflavones, Aloe Barbadensis Leaf Juice , Camellia Sinensis Leaf Extract, Cucumis Sativus (Cucumber) Fruit Extract, Chamomilla Recutita (Matricaria) Extract, Sodium PCA, Glycerin, Butylene Glycol, Acrylates/Carbamate Copolymer, Glycolic Acid, Citric Acid, Tetrasodium EDTA, Ethylhexylglycerin, Rubus Idaeus (Raspberry) Fruit Extract, Pyrus Malus (Apple) Fruit Extract, Elettaria Cardamomum Seed Extract, Santalum Album (Sandalwood) Wood Extract, Salvia Officinalis (Sage) Leaf Extract, Rosmarinus Officinalis (Rosemary) Leaf Extract, Rose Extract, Jasminum Officinale (Jasmine) Flower Extract, Fucus Vesiculosus Extract, Cupressus Sempervirens Leaf/Stem Extract, Cucumis Melo (Melon) Fruit Extract, Coffea Arabica (Coffee) Seed Extract, Citrus Aurantium Amara (Bitter Orange) Flower Extract, Polysorbate 80, Biosaccharide Gum4, Cananga Odorata Flower Extract, Citrus Auranitum Bergamia (Bergamot) Fruit Extract, Lavandula Angustifolia (Lavender) Flower/Leaf/Stem Extract, Triethyl Citrate, Linalool, Potassium Sorbate, Phenoxyethanol.",43,6309,3.0,0.0,https://www.sephora.com/product/c-collagen-perfect-skin-set-refresh-mist-P411361?icid2=products%20grid:p411361,3.0,10.0
Crème du Nil Pore-Refining Moisture Veil,LXMI,moisturizing-cream-oils-mists,58.0,*Natural.,172,4323,0.0,0.0,https://www.sephora.com/product/creme-du-nil-pore-refining-moisture-veil-P411869?icid2=products%20grid:p411869,2.0673014048531417,28.055899281953153
Nutritious Super-Pomegranate Radiant Energy Moisture Crème,Estée Lauder,moisturizing-cream-oils-mists,70.0,"Precisioncrafted Blend of Eight Potent Ingredients: Masterfully crafted complex is infused with the pure essence of Mediterranean pomegranate, plus a patented superberry ferment, essential vitamins, and minerals.",32,5369,0.0,0.0,https://www.sephora.com/product/nutritious-vitality8-radiant-moisture-creme-P392892?icid2=products%20grid:p392892,2.0673014048531417,33.86056809890898
Powerful Wrinkle Reducing Cream Sunscreen Broad Spectrum SPF 30,Kiehl's Since 1851,moisturizing-cream-oils-mists,76.0,"WaterGlycerin,Cetearyl Alcohol,Isohexadecane,Glyceryl Stearate,Cyclohexasiloxane,Isononyl Isononanoate,Shea Butter,Peg100 Stearate,Ceteareth20,Phenoxyethanol,Butylene Glycol,Ammonium Polyacryloyldimethyl Taurate,Caprylyl Glycol,Tocopherol,Chlorphenesin,Xanthan Gum,Disodium Edta,PAnisic Acid,Calcium Pca,Adenosine,Copper Pca,Alteromonas Ferment Extract,Corallina Officinalis Extract,Citric Acid,Sodium Hydroxide.",9,1582,0.0,2.5,https://www.sephora.com/product/powerful-wrinkle-reducing-cream-sunscreen-broad-spectrum-spf-30-P422265?icid2=products%20grid:p422265,2.5,30.4
Rose O12 Moisture Defence Oil,REN Clean Skincare,moisturizing-cream-oils-mists,80.0,"WaterGlycerin,Cetearyl Alcohol,Isohexadecane,Glyceryl Stearate,Cyclohexasiloxane,Isononyl Isononanoate,Shea Butter,Peg100 Stearate,Ceteareth20,Phenoxyethanol,Butylene Glycol,Ammonium Polyacryloyldimethyl Taurate,Caprylyl Glycol,Tocopherol,Chlorphenesin,Xanthan Gum,Disodium Edta,PAnisic Acid,Calcium Pca,Adenosine,Copper Pca,Alteromonas Ferment Extract,Corallina Officinalis Extract,Citric Acid,Sodium Hydroxide.",98,2449,1.02,0.0,https://www.sephora.com/product/rose-o12-moisture-defence-oil-P228404?icid2=products%20grid:p228404,1.02,78.43137254901961
B-PERKY Lift & Firm Breast Mask,MAELYS Cosmetics,moisturizing-cream-oils-mists,39.0,"Water (Aqua), Isopropyl Myristate, Glycerin, C1215 Alkyl Benzoate, Cetyl Alcohol, Steareth2, Cetearyl Ethylhexanoate, Ethoxydiglycol, Kaolin, Panthenol, Steareth21, Ethylhexyl Methoxycinnamate, Propylene Glycol, Phenoxyethanol, Palmitoyl Isoleucine, Fragrance (Parfum), Dimethicone, Polyacrylate Crosspolymer6, Glyceryl Caprylate, Allantoin, Chlorphenesin, Zinc Oxide, Tocopheryl Acetate, Simmondsia Chinensis (Jojoba) Seed Oil, Butyrospermum Parkii (Shea) Butter, Hydrogenated Coconut Oil, Disodium Edta, Caprylyl Glycol, Sodium Hyaluronate, Linalool, Benzyl Salicylate, Kigelia Africana (Sausage Tree) Fruit Extract, Limonene, Geraniol, AlphaIsomethyl Ionone, Fd&amp;C Yellow No.6 (CI 15985), Acid Yellow 3 (CI 47005).",9,975,3.38,0.0,https://www.sephora.com/product/b-perky-lift-firm-breast-mask-P448714?icid2=products%20grid:p448714,3.38,11.538461538461538
Rosehip Omega Face Oil,boscia,moisturizing-cream-oils-mists,42.0,"Persea Gratissima (Avocado) Oil, Cetyl Ethylhexanoate, Disiloxane, Rosa Canina Fruit Oil, Pyrus Malus (Apple) Seed Oil, Rose Flower Oil, Rosa Damascena Flower Oil, Citrus Aurantium Dulcis (Orange) Peel Oil, Simmondsia Chinensis (Jojoba) Seed Oil, Camellia Oleifera Seed Oil, Nigella Sativa Seed Oil, Punica Granatum Seed Oil, Moringa Oleifera Seed Oil, Melia Azadirachta Leaf Extract, Eclipta Prostrata Extract, Bisabolol, Caprylic/Capric Triglyceride, Dimer Dilinoleyl Dimer Dilinoleate, Glyceryl Caprylate, Pentaerythrityl TetraDiTButyl Hydroxyhydrocinnamate, Tetrahexyldecyl Ascorbate, Tocopherol.",24,2845,0.95,0.0,https://www.sephora.com/product/rosehip-omega-face-oil-P440323?icid2=products%20grid:p440323,0.95,44.21052631578947
Pure Argan Oil,Moroccanoil,moisturizing-cream-oils-mists,52.0,Argania Spinosa (Argan) Kernel Oil.,19,5908,1.7,0.0,https://www.sephora.com/product/pure-argan-oil-P412114?icid2=products%20grid:p412114,1.7,30.58823529411765
Illuminating Moisturiser,Omorovicza,moisturizing-cream-oils-mists,150.0,"Hungarian Thermal Glycerin, Cetearyl Ethylhexanoate, Simmondsia Chinensis (Jojoba) Seed Oil, Squalane, Caprylic/Capric Triglyceride, Cetearyl Olivate, Stearyl Heptanoate, Butyrospermum Parkii (Shea Butter), Corundum (Pro Ruby Crystal), Sorbitan Olivate, Cetearyl Alcohol, Saccharomyces (Hungarian Thermal Water) Ferment Extract, Mannitol, Phenoxyethanol, Malpighia Punicifolia (Acerola) Fruit Extract, Prunus Armeniaca (Apricot) Kernel Oil, Prunus Domestica Seed Extract, Pyrus Malus (Apple) Fruit Extract, Fragrance, Tocopherol, Xanthan Gum, Ethylhexylglycerin, Linalool, Phospholipids, Yeast Extract, Chlorella Vulgaris/Lupinus Albus Protein Ferment, Pectin, Limonene, Geraniol.",21,1279,1.7,0.0,https://www.sephora.com/product/illuminating-moisturiser-P309209?icid2=products%20grid:p309209,1.7,88.23529411764706
Rosa Arctica Lightweight Cream,Kiehl's Since 1851,moisturizing-cream-oils-mists,60.0,"Aqua/Glycerin, Caprylic/Capric Triglyceride, Propylene Glycol, Dimethicone, Beta, Vulgaris/Beet Root Extract, Neopentyl Glycol Dicaprate, Butylene Glycol, Cetyl Alcohol, PEG100 Stearate, Glyceryl, Stearate, 3OEthyl Ascorbic Acid, Cera Alba/Beeswax, Tocopheryl, Acetate, Stearic Acid, Hydroxypropyl Tetrahydropyrantriol, Palmitic Acid, Polyacrylamide, Phenoxyethanol, C1314 Isoparaffin, Sodium Citrate, 2Oleamido1, 3 Octadecanediol, Chlorphenesin, Citric Acid, Lavandula Angustifolia Oil/Lavender Oil, Xanthan Gum, Mica, Acrylates/C1030 Alkyl Acrylate Crosspolymer, Laureth7, Linalool, CI 77891/Titanium Dioxide, Disodium EDTA, Adenosine, Potassium Hydroxide, Faex Extract/Yeast Extract, Citral, Limonene, Geraniol, Haberlea Rhodopensis / Haberlea, Rhodopensis Leaf Extract.",3,819,1.7,0.0,https://www.sephora.com/product/kiehls-rosa-arctica-lightweight-cream-P452917?icid2=products%20grid:p452917,1.7,35.294117647058826
Crystal Luminizer,KORA Organics,moisturizing-cream-oils-mists,28.0,"Ricinus Communis (Castor) Seed Oil*, Dicaprylyl Carbonate, Copernicia Cerifera (Carnauba) Wax*, Mica (and) CI 77891, Hydrogenated Palm Oil*, Butyrospermum Parkii (Shea) Butter, Cocos Nucifera (Coconut) Oil*, Simmondsia Chinensis (Jojoba) Seed Oil*,  Helianthus Annuus (Sunflower) Seed Oil*, Morinda Citrifolia Fruit Extract*, Rosa Canina Fruit Oil*, Tocopherol, Iron Oxides (CI 77491), Quartz.",48,9398,0.0,0.0,https://www.sephora.com/product/rose-quartz-luminizer-P427727?icid2=products%20grid:p427727,2.0673014048531417,13.54422723956359
Brumisateur® Natural Mineral Water Facial Spray Travel Trio,Evian,moisturizing-cream-oils-mists,22.5,"Pure, Natural evian® Mineral Water: Propelled by safe nitrogen (the air we breathe is 80 percent nitrogen) with a neutral 7.2 ph.",79,7147,1.7,0.0,https://www.sephora.com/product/travel-trio-P2046?icid2=products%20grid:p2046,1.7,13.23529411764706
Sports BB SPF 50+,Shiseido,moisturizing-cream-oils-mists,38.0,"Purpose Octinoxate 4.9%, Titanium Dioxide 15.0%, Silica, BisPeg18 Methyl Ether Dimethyl Silane, Isododecane, Trimethylsiloxysilicate, Sd Alcohol 40B, Trimethylsiloxysilicate/Dimethiconol Crosspolymer, Isopropyl Myristate, Aluminum Hydroxide, Peg9 Polydimethylsiloxyethyl Dimethicone, Stearic Acid, Isostearic Acid, Dextrin Palmitate, Disteardimonium Hectorite, BisButyldimethicone Polyglyceryl3, Lauroyl Lysine, Peg/Ppg14/7 Dimethyl Ether, Pca Dimethicone, Phytosteryl/Octyldodecyl Lauroyl Glutamate, Phytosteryl Macadamiate, Lecithin, Glycyrrhiza Glabra (Licorice) Root Extract, Sucrose Tetrastearate Triacetate, Polymethylsilsesquioxane, Talc, Methyl Methacrylate Crosspolymer, Alumina, Polysilicone2, Triethoxycaprylylsilane, Hydrogen Dimethicone, Tocopherol, Bht, Ethylparaben, Fragrance, Titanium Dioxide, Iron Oxides, Mica.",21,3225,1.0,0.0,https://www.sephora.com/product/sports-bb-spf-50-P442732?icid2=products%20grid:p442732,1.0,38.0
Even Better Skin Tone Correcting Lotion Broad Spectrum SPF 20,CLINIQUE,moisturizing-cream-oils-mists,50.0,"Octisalate 5.00% , Avobenzone 3.00% , Octocrylene 2.70%Dimethicone , Yeast Extract/Faex/Extrait De Levure , Butyloctyl Salicylate , Peg100 Stearate , Trisiloxane , Butylene Glycol , Hdi/Trimethylol Hexyllactone Crosspolymer , Ascorbyl Glucoside , CocoCaprylate/Caprate , Polyethylene , Glyceryl Stearate , Peg6 , Glycerin , Olea Europaea (Olive) Fruit Extract , Citrus Grandis (Grapefruit) Peel Extract , Triticum Vulgare (Wheat Bran) Extract , Laminaria Saccharina Extract , Trametes Versicolor Extract , Cucumis Sativus (Cucumber) Fruit Extract , Pyrus Malus (Apple) Fruit Extract , Scutellaria Baicalensis Root Extract , Punica Granatum (Pomegranate) Fruit Juice , Oryza Sativa (Rice) Bran Extract , Salicylic Acid , Caffeine , Linoleic Acid , Cholesterol , Acetyl Glucosamine , Sodium Rna , Dipotassium Glycyrrhizate , Steareth21 , Sucrose , Tromethamine , DiC1218 Alkyl Dimonium Chloride , Sodium Hyaluronate , Cetyl Alcohol , Ammonium Acryloyldimethyltaurate/Vp Copolymer , Lauryl Peg9 Polydimethylsiloxyethyl Dimethicone , Caprylyl Glycol , Dimethiconol , Trehalose , Tocopheryl Acetate , Hexylene Glycol , Silica , Sodium Hydroxide , Xanthan Gum , Disodium Edta , Phenoxyethanol <iln38585></iln38585>",56,3557,1.7,0.0,https://www.sephora.com/product/even-better-skin-tone-correcting-lotion-broad-spectrum-spf-20-P309226?icid2=products%20grid:p309226,1.7,29.411764705882355
Take a Deep Breath Oil-Free Oxygenating Gel Cream,philosophy,moisturizing-cream-oils-mists,37.0,"BisPeg18 Methyl Ether Dimethyl Silane, Cyclopentasiloxane, Caprylic/Capric Triglyceride, Glycerin, Isododecane, Cyclohexasiloxane, Butylene Glycol, Polyacrylamide, Pentylene Glycol, Phenoxyethanol, Dimethicone, Octyldodecyl Neopentanoate, C1314 Isoparaffin, Hydrogenated Lecithin, Cetyl Alcohol, Methyl Gluceth20, Polysorbate 80, Bisabolol, Hydrolyzed Soy Protein, Ammonium Acryloyldimethyltaurate/Vp Copolymer, Carbomer, Caffeine, Tocopheryl Acetate, Laureth7, Parfum/Fragrance, Sodium Hydroxide, Disodium Edta, Adenosine, Faex/Yeast Extract/Extrait De Levure, Ectoin, OCymen5Ol, Benzyl Salicylate, Limonene, Glucosyl Hesperidin, Lecithin, Alcohol, Alteromonas Ferment Extract, Hordeum Vulgare/Hordeum Vulgare Extract/Extrait D'orge, Bht, Camellia Sinensis Leaf Extract, Coffea Arabica (Coffee) Seed Extract, Ethylhexylglycerin, Pongamia Pinnata Seed Extract, Citronellol, Citral, Angelica Archangelica Root Extract, Citrus Aurantium Amara (Bitter Orange) Peel Extract, Maltodextrin, Rosmarinus Officinalis (Rosemary) Leaf Extract, Magnesium Aluminum Silicate, Xanthan Gum, Peg8, Sorbic Acid, Farnesol, Caprylyl Glycol, Citric Acid, Sclerotium Gum, Tocopherol, Ascorbyl Palmitate, Ascorbic Acid, Fd&amp;C Yellow No. 5 (Ci 19140), Fd&amp;C Blue No. 1 (Ci 42090).",143,5296,0.0,2.0,https://www.sephora.com/product/take-deep-breath-oil-free-oxygenating-gel-cream-P406758?icid2=products%20grid:p406758,2.0,18.5
Smart Night Custom-Repair Moisturizer -Combination Oily to Oily,CLINIQUE,moisturizing-cream-oils-mists,58.0,"Dimethicone , Isohexadecane , Glycerin , Butylene Glycol , BisPeg18 Methyl Ether Dimethyl Silane , Peg10 Dimethicone , Pentylene Glycol , Disteardimonium Hectorite , Laminaria Saccharina Extract , Tamarindus Indica Seed Extract , Biotin , Ergothioneine , Centaurium Erythraea (Centaury) Extract , Sigesbeckia Orientalis (St. Paul'S Wort) Extract , Caffeine , Whey Protein/Lactis Protein/Proteine Du PetitLait , Glycine Soja (Soybean) Protein , Hydrolyzed Soy Protein , Algae Extract , Saccharomyces Ferment Filtrate , Acetyl Hexapeptide8 , Micrococcus Lysate , Ethylhexylglycerin , Lecithin , Yeast Extract/Faex/Extrait De Levure , Soy Amino Acids , Camellia Sinensis Leaf Extract , Astrocaryum Murumuru Seed Butter , Tocopheryl Acetate , Acetyl Glucosamine , Polysilicone11 , Propylene Carbonate , Isododecane , Sodium Hyaluronate , Sodium Benzoate , Citric Acid , Polyethylene , Aminopropyl Ascorbyl Phosphate , Hydroxyethylcellulose , Sodium Citrate , Disodium Edta , Phenoxyethanol <iln41449></iln41449>",15,1669,1.7,0.0,https://www.sephora.com/product/smart-night-custom-repair-moisturizer-combination-oily-to-oily-P404016?icid2=products%20grid:p404016,1.7,34.11764705882353
RetAsphere™ 2-in-1 Retinol Night Cream ,Kate Somerville,moisturizing-cream-oils-mists,85.0,"Ethylhexyl Palmitate, Diethylhexyl Carbonate, Diisopropyl Dimer Dilinoleate, Stearyl Alcohol, Cetearyl Alcohol, Propanediol, Jojoba Esters, Glycerin, Glyceryl Stearate, Caprylic/Capric Triglyceride, PEG40 Stearate,Tocopheryl Acetate,  PPG12/SMDI Copolymer, Butylene Glycol, Pentylene Glycol, Polyacrylate13, Ceteareth20, Retinol, Polyisobutene, Chondrus Crispus (Carrageenan) Extract, Polysorbate 20, Cyperus Esculentus Tuber Extract, Lavandula Angustifolia (Lavender) Oil, Disodium EDTA, Prunus Armeniaca (Apricot) Fruit Extract, Cucumis Melo Cantalupensis Fruit Extract, Daucus Carota Sativa (Carrot) Root Extract, Mangifera Indica (Mango) Fruit Extract, Prunus Domestica Fruit Extract, Dioscorea Villosa (Wild Yam) Root Extract, Hydroxyphenyl Propamidobenzoic Acid, Cetyl Palmitate, Hydrolyzed Chondrus Crispus Extract, Ethylhexylglycerin, Triethanolamine, Ceramide 3, Sodium Hyaluronate, Phenoxyethanol, Linalool.",168,12356,1.0,0.0,https://www.sephora.com/product/retasphere-2-in-1-retinol-night-cream-P377369?icid2=products%20grid:p377369,1.0,85.0
Glow Ahead Illuminating Face Oil,Wander Beauty,moisturizing-cream-oils-mists,42.0,"Ethylhexyl Palmitate, Diethylhexyl Carbonate, Diisopropyl Dimer Dilinoleate, Stearyl Alcohol, Cetearyl Alcohol, Propanediol, Jojoba Esters, Glycerin, Glyceryl Stearate, Caprylic/Capric Triglyceride, PEG40 Stearate,Tocopheryl Acetate,  PPG12/SMDI Copolymer, Butylene Glycol, Pentylene Glycol, Polyacrylate13, Ceteareth20, Retinol, Polyisobutene, Chondrus Crispus (Carrageenan) Extract, Polysorbate 20, Cyperus Esculentus Tuber Extract, Lavandula Angustifolia (Lavender) Oil, Disodium EDTA, Prunus Armeniaca (Apricot) Fruit Extract, Cucumis Melo Cantalupensis Fruit Extract, Daucus Carota Sativa (Carrot) Root Extract, Mangifera Indica (Mango) Fruit Extract, Prunus Domestica Fruit Extract, Dioscorea Villosa (Wild Yam) Root Extract, Hydroxyphenyl Propamidobenzoic Acid, Cetyl Palmitate, Hydrolyzed Chondrus Crispus Extract, Ethylhexylglycerin, Triethanolamine, Ceramide 3, Sodium Hyaluronate, Phenoxyethanol, Linalool.",55,1368,0.84,0.0,https://www.sephora.com/product/glow-ahead-illuminating-face-oil-P448150?icid2=products%20grid:p448150,0.84,50.0
Plantscription™ Powerful Lifting Cream,Origins,moisturizing-cream-oils-mists,65.0,* Essential Oil,18,2208,1.7,0.0,https://www.sephora.com/product/plantscription-tm-powerful-lifting-cream-P384965?icid2=products%20grid:p384965,1.7,38.23529411764706
Cosmic Cream™ Collagen Protecting Moisturizer,Moon Juice,moisturizing-cream-oils-mists,58.0,"Coco Caprylate, Glycerin, Vitis Vinifera (Grape) Seed Oil, Prunus Armeniaca (Apricot) Kernel Oil, Simmonsia Chinensis (Jojoba) Seed Oil, Glyceryl Stearate Citrate, Cetearyl Alcohol, Butyrospermum Parkii (Shea) Butter, Lactobacillus, Polyglyceryl2 Stearate, Citric Acid, Sclerotium Gum, Cocos Nucifera (Coconut) Fruit Extract, Aloe Barbadensis Leaf Juice, Phytic Acid, Schisandra Chinensis Fruit Extract, Glyceryl Caprylate, Hydrolyzed Hyaluronic Acid, Tremella Fuciformis Sporocarp Extract, Sodium Hyaluronate, Ganoderma Lucidum (Mushroom) Extract, Withania Somnifera Root Extract, Rosmarinus Officinalis (Rosemary) Leaf Extract, Oryza Sativa (Rice) Bran Oil, Tocopherol, Tocotrienols, Helianthus Annuus (Sunflower) Seed Oil, Polyglyceryl10 Oleate, Geraniol, Pogostemon Cablin Oil, Phenethyl Alcohol, Rose Centifolia Flower Extract, Fusanus Spicatus Wood Oil, Lonicera Caprifolium (Honeysuckle) Flower Extract, Lonicera Japonica (Honeysuckle) Flower Extract",5,1775,1.7,0.0,https://www.sephora.com/product/moon-juice-cosmic-cream-collagen-protecting-moisturizer-P454090?icid2=products%20grid:p454090,1.7,34.11764705882353
Water Bank Dual Layer Face Oil,LANEIGE,moisturizing-cream-oils-mists,38.0,"Caprylic/Capric Triglyceride, Squalane, Vitis Vinifera (Grape) Seed Oil, Decyl Cocoate, Dicaprylyl Carbonate, Triethylhexanoin, Glycerin, Passiflora Incarnata Seed Oil, Macadamia Ternifolia Seed Oil, Chenopodium Quinoa Seed Extract, Magnesium Sulfate, Zinc Sulfate, Manganese Sulfate, Tocopherol, Calcium Chloride, Sodium Chloride, Alcohol, Xanthan Gum, Ascorbyl Glucoside, Disodium Edta, Phenoxyethanol, Ethylhexylglycerin, Fragrance.",21,3904,1.6,0.0,https://www.sephora.com/product/water-bank-dual-layer-face-oil-P436919?icid2=products%20grid:p436919,1.6,23.75
NightWear Plus Anti-Oxidant Night Detox Creme,Estée Lauder,moisturizing-cream-oils-mists,56.0,"Nightwear Detox Night Cream   Division: El (Estee Lauder)Ingredients: Dimethicone , Glycerin , Polysorbate 60 , Butyrospermum Parkii (Shea Butter) , Hydrogenated Polydecene , Propanediol , Squalane , Sorbitan Stearate , Cetyl Palmitate , Tridecyl Stearate , Laminaria Saccharina Extract , Laminaria Ochroleuca Extract , Gentiana Lutea (Gentian) Root Extract , Hydrolyzed Rice Bran Extract , Citrus Reticulata (Tangerine) Peel Extract , Psidium Guajava (Guava) Fruit Extract , Hydrolyzed Rice Extract , Citrus Limon (Lemon) Fruit Extract , Fumaria Officinalis Flower/Leaf/Stem Extract , Triticum Vulgare (Wheat) Germ Extract , Hordeum Vulgare (Barley) Extract/Extrait D'Orge , Polygonum Cuspidatum Root Extract , Thermus Thermophillus Ferment , Coffea Arabica (Coffee) Seed Extract , Vitis Vinifera (Grape) Seed Extract , Saccharomyces Lysate Extract , Limonium Vulgare Flower/Leaf/Stem Extract , Ethylbisiminomethylguaiacol Manganese Chloride , Palmitoyl Hydroxypropyltrimonium Amylopectin/Glycerin Crosspolymer , Artemia Extract , Cholesterol , Algae Extract , Linoleic Acid , Dimethiconol , Isohexadecane , Sodium Hyaluronate , Lecithin , Tridecyl Trimellitate , Lauryl Alcohol , Glycyrrhetinic Acid , Trehalose , Sucrose , Ergothioneine , Acrylates/C1030 Alkyl Acrylate Crosspolymer , Dipentaerythrityl Hexacaprylate/Hexacaprate , Acetyl Glucosamine , Ethylhexylglycerin , Butylene Glycol , Glyceryl Stearate , Behenyl Alcohol , Caffeine , Palmitic Acid , Sodium Pca , Stearic Acid , Urea , Caprylic/Capric Triglyceride , Acrylamide/Sodium Acryloyldimethyltaurate Copolymer , Tocopheryl Acetate , Tetrahexyldecyl Ascorbate , Cetyl Alcohol , Myristyl Alcohol , Polyquaternium51 , Citric Acid , Sodium Hydroxide , Polysorbate 80 , Sodium Benzoate , Fumaric Acid , Cyclodextrin , Fragrance , Disodium Edta , Bht , Phenoxyethanol , Chlorphenesin , Linalool , Butylphenyl Methylpropional , Hydroxyisohexyl 3Cyclohexene Carboxaldehyde , Benzyl Salicylate , Blue 1 (Ci 42090) , Yellow 5 (Ci 19140) <iln41390></iln41390>",40,5943,1.7,0.0,https://www.sephora.com/product/nightwear-plus-anti-oxidant-night-detox-creme-P399934?icid2=products%20grid:p399934,1.7,32.94117647058824
Aqua Reotier Ultra Thirst-Quenching Cream Moisturizer,L'Occitane,moisturizing-cream-oils-mists,29.0,"Octyldodecanol, Glycerin, Propanediol, Cococaprylate/Caprate, Corn Starch Modified, Hydroxyethyl Acrylate/Sodium Acryloyldimethyl Taurate Copolymer, Helianthus Annuus (Sunflower) Seed Oil, Sodium Hyaluronate, Arachidyl Alcohol, Behenyl Alcohol, Xylitylglucoside, Anhydroxylitol, Arachidyl Glucoside, Ethylhexylglycerin, Xylitol, Disodium EDTA, Xanthan Gum, Sorbitan Isostearate, Polysorbate 60, Sodium Hydroxide, Citric Acid, Tocopherol, Phenoxyethanol, Sodium Benzoate, Fragrance, Linalool, Hexyl Cinnamal, Citronellol, Geraniol, Citral, CI 42090/Blue 1",11,1044,1.7,0.0,https://www.sephora.com/product/aqua-reotier-ultra-thirst-quenching-cream-moisturizer-P429938?icid2=products%20grid:p429938,1.7,17.058823529411764
Immortelle Precious Cream,L'Occitane,moisturizing-cream-oils-mists,65.0,"Aqua/Glycerin, Cetearyl Alcohol, Dicaprylyl Ether, Cetyl Alcohol, Cetyl Palmitate, Butyrospermum Parkii (Shea) Butter, Dimethicone, Octyldodecyl Myristate, Myristyl Alcohol, Corn Starch Modified, Methylpropanediol, Helichrysum Italicum Flower Oil, Helichrysum Italicum Extract, Oenothera Biennis (Evening Primrose) Oil, Borago Officinalis Seed Oil, Helianthus Annuus (Sunflower) Seed Oil, Hyaluronic Acid, Adenosine, Cetearyl Glucoside, Myristyl Glucoside, Carbomer, Ethylhexylglycerin, Xanthan Gum, Sucrose Palmitate, Sodium Hydroxide, Glyceryl Linoleate, Silanetriol, Tocopherol, Citric Acid,  Phenoxyethanol, Sodium Benzoate, Potassium Sorbate, Parfum/Fragrance, Hexyl Cinnamal, Benzyl Salicylate, Alpha, Isomethyl Ionone, Linalool, Citral, Limonene.",0,218,1.7,0.0,https://www.sephora.com/product/immortelle-precious-cream-P451994?icid2=products%20grid:p451994,1.7,38.23529411764706
Crème Ancienne® Soft Cream,Fresh,moisturizing-cream-oils-mists,296.0,Vitamin E: Offers antioxidant protection against wrinklecausing free radicals,38,4805,0.0,3.3,https://www.sephora.com/product/creme-ancienne-soft-cream-P387948?skuId=1630011&icid2=products%20grid:p387948,3.3,89.6969696969697
Mini Youthquake Hydra-full Retexturizing Gel Crème Moisturizer,Marc Jacobs Beauty,moisturizing-cream-oils-mists,21.0,"Ananas Sativus (Pineapple) Fruit Glycerin, Propanediol, Dipropylene Glycol, Dimethicone, Caprylic/Capric Triglyceride, Hydrogenated Polydecene, C1422 Alcohols, 1,2Hexanediol, Hydrogenated Polyisobutene, Glyceryl Stearate, Butylene Glycol, Dimethicone/Vinyl Dimethicone Crosspolymer, Sodium Acrylate/Sodium Acryloyldimethyl Taurate Copolymer, C1220 Alkyl Glucoside, Phenoxyethanol, Peg100 Stearate, Isohexadecane, Acrylates/C1030 Alkyl Acrylate Crosspolymer, Ammonium Acryloyldimethyltaurate/Vp Copolymer, Dimethiconol, Opuntia Coccinellifera Flower Extract, Xanthan Gum, Tocopheryl Acetate, Potassium Hydroxide, Polysorbate 80, Ethylhexylglycerin, Hydrogenated Lecithin, Mica, Fragrance, Sorbitan Oleate, Sodium Hyaluronate, Glucose, Selenicereus Megalanthus Fruit Extract, Bromelain, Averrhoa Carambola Fruit Extract, Tin Oxide, Titanium Dioxide (Ci 77891), Yellow 5 (Ci 19140).",28,4497,0.0,0.5,https://www.sephora.com/product/mini-youthquake-hydra-full-retexturizing-gel-creme-moisturizer-P447357?icid2=products%20grid:p447357,0.5,42.0
Crème Ancienne® Infusion Toner,Fresh,moisturizing-cream-oils-mists,92.0,"Phyllostachis Bambusoides Extract, Butylene Glycol, Pentylene Glycol, Betaine, Glycerin, Peg7 Glyceryl Cocoate, Rosa Damascena Flower Citrus Limon (Lemon) Peel Oil, Lavandula Angustifolia (Lavender) Flower Limnanthes Alba (Meadowfoam) Seed Oil, Hippophae Rhamnoides Oil, Osmanthus Fragrans Flower Extract, Anthemis Nobilis Flower Oil, Rosmarinus Officinalis (Rosemary) Leaf Extract, Sodium Hyaluronate, Tocopheryl Acetate, Ascorbyl Tetraisopalmitate, Tocopherol, PEG60 Hydrogenated Castor Oil, PPG26Buteth26, PEG40 Hydrogenated Castor Oil, Tetrasodium EDTA, Citric Acid, Disodium EDTA, BHT, Phenoxyethanol, Citronellol, Linalool, Limonene, Geraniol.",9,2148,4.0,0.0,https://www.sephora.com/product/creme-ancienne-r-infusion-toner-P392618?icid2=products%20grid:p392618,4.0,23.0
Renewed Hope in a Jar Skin Tint,philosophy,moisturizing-cream-oils-mists,39.0,"Cyclopentasiloxane, Dimethicone, Butylene Glycol, Diphenylsiloxy Phenyl Trimethicone, Glycerin, Dimethicone/Peg10/15 Crosspolymer, Peg9 Polydimethylsiloxyethyl Dimethicone, Acrylates/Dimethicone Copolymer, Mica, Phenoxyethanol, Magnesium Sulfate, Silica, Dimethicone/Vinyl Dimethicone Crosspolymer, Hydroxyethylcellulose, Saccharomyces Lysate Extract, Lauroyl Lysine, Chlorphenesin, Disodium Edta, Propanediol, Aluminum Dimyristate, Triethoxycaprylylsilane, Enantia Chlorantha Bark Extract, Disodium Stearoyl Glutamate, Dipropylene Glycol, Sodium Nitrate, Evodia Rutaecarpa Fruit Extract, Tocopherol, Bht, Oleanolic Acid, [May Contain/Peut Contenir/+/:Titanium Dioxide (Ci 77891), Iron Oxides (Ci 77491, Ci 77492, Ci 77499)].",168,10074,1.0,0.0,https://www.sephora.com/product/renewed-hope-in-jar-skin-tint-P417009?icid2=products%20grid:p417009,1.0,39.0
Future Solution LX Concentrated Balancing Softener,Shiseido,moisturizing-cream-oils-mists,107.0,"Dipropylene Glycol, Betaine, Glycerin, Dimethicone, Sd Alcohol 40B (Alcohol Denat.), Cetyl Ethylhexanoate, Peg20, Potassium Methoxysalicylate, Sodium Acrylate/Sodium Acryloyldimethyl Taurate Copolymer, Phenoxyethanol, Isohexadecane, Carbomer, Peg60 Glyceryl Isostearate, Isostearic Acid, Butylene Glycol, Potassium Hydroxide, Polysorbate 80, Erythritol, Peg/Ppg14/7 Dimethyl Ether, Piperidinepropionic Acid, Peg10 Dimethicone, Lauryl Betaine, Fragrance (Parfum), Acrylates/C1030 Alkyl Acrylate Crosspolymer, Tocopheryl Acetate, 2OEthyl Ascorbic Acid, Sorbitan Oleate, Trisodium Edta, Xanthan Gum, Sodium Metaphosphate, Alcohol, Linalool, Butylphenyl Methylpropional, Limonene, Sodium Metabisulfite, AlphaIsomethyl Ionone, Prunus Speciosa Leaf Extract, Citronellol, Geraniol, Benzyl Benzoate, Angelica Acutiloba Root Extract, Isodonis Japonicus Leaf/Stalk Extract, Camellia Sinensis Leaf Extract, Iron Oxides (Ci 77491), Iron Oxides (Ci 77492), Sodium Benzoate, Tocopherol.",8,1717,5.7,0.0,https://www.sephora.com/product/future-solution-lx-concentrated-balancing-softener-P423163?icid2=products%20grid:p423163,5.7,18.771929824561404
Snow Mushroom Hydrating Gel Moisturizer,The INKEY List,moisturizing-cream-oils-mists,9.99,"Butylene Glycol, Glycerin, Sodium Acrylates Copolymer, Phenoxyethanol, Sodium Caproyl Prolinate, Lecithin,Tremella Fuciformis (Mushroom) Extract, Carbomer, Madecassoside, Sodium Hydroxide, Ethylhexylglycerin, Glyceryl Polyacrylate, Trisodium Ethylenediamine Disuccinate.",71,1727,1.0,0.0,https://www.sephora.com/product/snow-mushroom-moisturizer-P448535?icid2=products%20grid:p448535,1.0,9.99
Iris Extract Activating Treatment Essence,Kiehl's Since 1851,moisturizing-cream-oils-mists,45.0,"Butylene Glycol, Glycerin, Dipropylene Glycol, Alcohol Denat., Methyl Gluceth10, Phenoxyethanol, PPG6decyltetradeceth30, Chlorphenesin, Fragrance, Capryloyl Salicylic Acid, Tetrasodium EDTA, Iris Florentina/Iris Florentina Root Extract, Sodium Hyaluronate, Xanthan Gum, Citric Acid, Sodium Citrate, Adenosine, Limonene.",23,5931,6.8,0.0,https://www.sephora.com/product/iris-extract-activating-treatment-essence-P431734?icid2=products%20grid:p431734,6.8,6.61764705882353
Bio-Performance LiftDynamic Cream,Shiseido,moisturizing-cream-oils-mists,120.0,"Glycerin, Tricaprylin, Butylene Glycol, Dimethicone, Cetyl Alcohol, Glyceryl Stearate Se, Peg100 Stearate, Myristyl Myristate, Erythritol, Peg/Ppg14/7 Dimethyl Ether, Microcrystalline Wax(Cera Microcristallina/Cire Microcristalline), Hydrogenated Polydecene, Behenyl Alcohol, Dimethylacrylamide/Sodium Acryloyldimethyltaurate Crosspolymer, Stearyl Alcohol, Phenoxyethanol, Hydrogenated Polyisobutene, Phytosteryl Macadamiate, Talc, Methylparaben, Ethylparaben, Silica, Alumina, Disodium Edta, Sorbitan Tristearate, Tocopheryl Acetate, Caffeine, Sodium Citrate, Titanium Dioxide (Ci 77891), Fragrance, Citric Acid, Limonene, Sodium Metabisulfite, Sodium Metaphosphate, Inositol, Hexyl Cinnamal, Iron Oxides (Ci 77492), Benzyl Benzoate, Butylphenyl Methylpropional, Alcohol, Linalool, Sodium Acetylated Hyaluronate, AlphaIsomethyl Ionone, Thymus Serpillum Extract, Iron Oxides (Ci 77491), Saccharomyces Ferment Lysate Filtrate, Citronellol, Geraniol, Panax Ginseng Root Extract, Rosmarinus Officinalis (Rosemary) Leaf Extract (Rosmarinus Officinalis Leaf Extract), Tocopherol, Bupleurum Falcatum Root Extract.",5,1714,0.0,1.7,https://www.sephora.com/product/bio-performance-liftdynamic-cream-P410758?icid2=products%20grid:p410758,1.7,70.58823529411765
Day Rescue Defense Lotion SPF 35,Lab Series For Men,moisturizing-cream-oils-mists,35.0,"Homosalate, Ethylhexyl Salicylate, Butyloctyl Salicylate, Octocrylene, Butyl Methoxydibenzoylmethane, Nylon12, Octyldodecyl Neopentanoate, Behenyl Alcohol, Dimethicone, Glycerin, Myristyl Myristate, Cetyl Esters, Polyethylene, Butylene Glycol, Glyceryl Stearate, Peg100 Stearate, Peg6, Ammonium Acryloyldimethyltaurate/Vp Copolymer, Sigesbeckia Orientalis (St. Paul'S Wort) Extract, Thermus Thermophillus Ferment, Squalane, Anastatica Hierochuntica (Rose Of Jericho) Extract, Triticum Vulgare (Wheat) Germ Extract, Hordeum Vulgare (Barley) Extract/Extrait D'Orge, Betula Alba (Birch) Bark Extract, Laminaria Saccharina Extract, Salicornia Herbacea Extract, Saccharomyces Lysate Extract, Acetyl Hexapeptide8, Biosaccharide Gum4, Caffeine, Dipotassium Glycyrrhizate, Cholesterol, Sodium Pca, Sucrose, Linoleic Acid, Trehalose, Algae Extract, Trisiloxane, Sodium Hyaluronate, Polyquaternium51, Lactobacillus Ferment, DiPpg2 Myreth10 Adipate, Steareth21, Tocopheryl Acetate, Myristyl Laurate, Fragrance, Caprylyl Glycol, Myristyl Alcohol, Urea, Hexylene Glycol, Sodium Dehydroacetate, Disodium Edta, Bht, Phenoxyethanol.",1,258,1.7,0.0,https://www.sephora.com/product/day-rescue-defense-lotion-spf-35-P433149?icid2=products%20grid:p433149,1.7,20.58823529411765
Dermatologist Solutions™ Centella Sensitive Cica-Cream,Kiehl's Since 1851,moisturizing-cream-oils-mists,44.0,"Homosalate, Ethylhexyl Salicylate, Butyloctyl Salicylate, Octocrylene, Butyl Methoxydibenzoylmethane, Nylon12, Octyldodecyl Neopentanoate, Behenyl Alcohol, Dimethicone, Glycerin, Myristyl Myristate, Cetyl Esters, Polyethylene, Butylene Glycol, Glyceryl Stearate, Peg100 Stearate, Peg6, Ammonium Acryloyldimethyltaurate/Vp Copolymer, Sigesbeckia Orientalis (St. Paul'S Wort) Extract, Thermus Thermophillus Ferment, Squalane, Anastatica Hierochuntica (Rose Of Jericho) Extract, Triticum Vulgare (Wheat) Germ Extract, Hordeum Vulgare (Barley) Extract/Extrait D'Orge, Betula Alba (Birch) Bark Extract, Laminaria Saccharina Extract, Salicornia Herbacea Extract, Saccharomyces Lysate Extract, Acetyl Hexapeptide8, Biosaccharide Gum4, Caffeine, Dipotassium Glycyrrhizate, Cholesterol, Sodium Pca, Sucrose, Linoleic Acid, Trehalose, Algae Extract, Trisiloxane, Sodium Hyaluronate, Polyquaternium51, Lactobacillus Ferment, DiPpg2 Myreth10 Adipate, Steareth21, Tocopheryl Acetate, Myristyl Laurate, Fragrance, Caprylyl Glycol, Myristyl Alcohol, Urea, Hexylene Glycol, Sodium Dehydroacetate, Disodium Edta, Bht, Phenoxyethanol.",11,1649,1.7,0.0,https://www.sephora.com/product/centella-sensitive-cica-cream-P436378?icid2=products%20grid:p436378,1.7,25.88235294117647
DayWear Matte Oil-Control Anti-Oxidant Moisture Gel Creme,Estée Lauder,moisturizing-cream-oils-mists,52.0,"Daywear Matte OilCntrl Ao GelCrm   Division: El (Estee Lauder)Ingredients: Isododecane , Butylene Glycol , Polypropylene , Dimethicone , BisPeg18 Methyl Ether Dimethyl Silane , Glycerin , Ammonium Acryloyldimethyltaurate/Vp Copolymer , Pyrus Malus (Apple) Fruit Extract , Lens Esculenta (Lentil) Fruit Extract , Citrullus Vulgaris (Watermelon) Fruit Extract , Laminaria Saccharina Extract , Narcissus Tazetta Bulb Extract , Cucumis Sativus (Cucumber) Fruit Extract , Trehalose , Ergothioneine , Algae Extract , Lactobacillus Ferment , Caffeine , Acetyl Glucosamine , Hordeum Vulgare (Barley) Extract/Extrait D'Orge , Thermus Thermophillus Ferment , Polysilicone11 , Acrylates/C1030 Alkyl Acrylate Crosspolymer , Propylene Glycol Dicaprate , Tocopheryl Acetate , Helianthus Annuus (Sunflower) Seedcake , Sodium Lactate , Sodium Hyaluronate , Ethylbisiminomethylguaiacol Manganese Chloride , Lecithin , Tetrahexyldecyl Ascorbate , Laureth23 , Tromethamine , Citric Acid , Cyclodextrin , Caprylyl Glycol , Laureth4 , Oleth10 , Sodium Pca , Silica , Fragrance , Hexylene Glycol , Disodium Edta , Bht , Phenoxyethanol , Linalool , Butylphenyl Methylpropional , Benzyl Salicylate , Blue 1 (Ci 42090) <iln42547></iln42547>",23,4738,1.7,0.0,https://www.sephora.com/product/daywear-matte-oil-control-anti-oxidant-moisture-gel-creme-P422648?icid2=products%20grid:p422648,1.7,30.58823529411765
Fresh Calming Mousse Moisturizer,LANEIGE,moisturizing-cream-oils-mists,29.0,"Glycerin, Propanediol, Cyclopentasiloxane, Squalane, Carbon Dioxide, Sea Water / Maris Aqua / Eau De Mer, Silica, Panthenol, Pentaerythrityl Tetraethylhexanoate, Polymethylsilsesquioxane, Butylene Glycol, 1,2Hexanediol, Cyclohexasiloxane, Dimethiconol, Tromethamine, Acrylates/C1030 Alkyl Acrylate Crosspolymer, Carbomer, HydroxyethylcelLulose, Ethylhexylglycerin, Disodium Edta, Litchi Chinensis Pericarp Ext Ract, Tocopherol.",44,5095,0.0,0.0,https://www.sephora.com/product/fresh-calming-moisturizer-P436652?icid2=products%20grid:p436652,2.0673014048531417,14.027949640976576
ELEVATE Advanced Lift Contouring Cream,Algenist,moisturizing-cream-oils-mists,96.0,"Dimethicone, Dimethicone Crosspolymer, Butylene Glycol, Glycerin, Caprylic/Capric Triglyceride, Pentylene Glycol, Parachlorella Beijerinckii Exopolysaccharides, Dunaliella Salina Extract, Plankton Extract, Trifluoroacetyl Tripeptide2, Hydrolyzed Wheat Protein, Tetradecyl Aminobutyroylvalylaminobutyric Urea Trifluoroacetate, Palmitoyl Tripeptide5, Sodium Hyaluronate, Gold, Arginine/Lysine Polypeptide, Hydrolyzed Rice Protein, Hydrolyzed Oat Protein, Potassium Palmitoyl Hydrolyzed Oat Protein, Avena Sativa (Oat) Kernel Extract, Silica, Acetyl Hydroxyproline, Biosaccharide Gum1, Tocopherol, Sodium Ascorbate, Ethylhexylglycerin, Citric Acid, Hydroxyethyl Acrylate/Sodium Acryloyldimethyl Taurate Copolymer, Squalane, Sodium Polyacrylate Starch, Dimethicone/PEG10/15 Crosspolymer, Polysorbate 60, Adenosine, Sorbitan Isostearate, Lecithin, Panthenol, Magnesium Chloride, Dextran, Pantolactone, Titanium Dioxide, Caprylyl Glycol, Chlorphenesin, Sodium Benzoate, Potassium Sorbate, Phenoxyethanol, Fragrance, Citronellol, Hydroxyisohexyl 3Cyclohexene Carboxaldehyde, Limonene, Linalool.",34,2181,2.0,0.0,https://www.sephora.com/product/elevate-advanced-lift-contouring-cream-P420638?icid2=products%20grid:p420638,2.0,48.0
Hungarian Thermal Water Mineral-Rich Moisturizer,Peter Thomas Roth,moisturizing-cream-oils-mists,58.0,"Dimethicone, PEG/PPG18/18 Dimethicone, Cetyl Alcohol, Glyceryl Stearate, PEG100 Stearate, Cholesterol, C1215 Alkyl Benzoate, Lauryl PEG9 Polydimethylsiloxyethyl Dimethicone, Ceramide NP, Retinyl Palmitate, Tocopheryl Acetate, Ascorbyl Palmitate, Glycerin, Adenosine, Honey (Mel), Diamond Powder, Phospholipids, Trehalose, Helianthus Annuus (Sunflower) Seed Oil, Linum Usitatissimum (Linseed) Seed Oil, Oenothera Biennis (Evening Primrose) Oil, Prunus Armeniaca (Apricot) Kernel Oil, Prunus Persica (Peach) Kernel Oil, Hippophae Rhamnoides Oil, Rosmarinus Officinalis (Rosemary) Leaf Extract, Paeonia Lactiflora Root Extract, Fagus Sylvatica Bud Extract, Saccharomyces/Magnesium Ferment, Leuconostoc/Radish Root Ferment Filtrate, Saccharomyces/Iron Ferment, Saccharomyces/Copper Ferment, Saccharomyces/Silicon Ferment, Saccharomyces/Zinc Ferment, Lecithin, Sodium PCA, Sodium Hydroxide, Polysilicone11, Polymethylsilsesquioxane, Mica, Decyl Glucoside, Ethoxydiglycol, Carbomer, Disodium EDTA, Butylene Glycol, Propylene Glycol, Hexylene Glycol, Caprylyl Glycol, Benzoic Acid, Benzyl Alcohol, Sodium Benzoate, Potassium Sorbate, Phenoxyethanol.",126,7057,1.7,0.0,https://www.sephora.com/product/hungarian-thermal-water-mineral-rich-moisturizer-P427637?icid2=products%20grid:p427637,1.7,34.11764705882353
Advanced Time Zone SPF 15- Normal/Combination Skin,Estée Lauder,moisturizing-cream-oils-mists,82.0,"Butylene Glycol, Glycerin, Octyldodecyl Myristate, Neopentyl Glycol Diheptanoate, Dimethicone, Glyceryl Stearate, Citrullus Vulgaris (Watermelon) Fruit Extract, Sigesbeckia Orientalis (St. Paul'S Wort) Extract, Pyrus Malus (Apple) Fruit Extract, Lens Esculenta (Lentil) Fruit Extract, Centaurium Erythraea (Centaury) Extract, Laminaria Digitata Extract, Hordeum Vulgare (Barley) Extract/Extrait D'Orge, Cucumis Sativus (Cucumber) Fruit Extract, Tamarindus Indica Seed Extract, Salicornia Herbacea Extract, Polygonum Cuspidatum Root Extract, Vitis Vinifera (Grape) Seed Extract, Hydrolyzed Rice Extract, Rosmarinus Officinalis (Rosemary) Extract, Selaginella Tamariscina (Spike Moss) Extract, Humulus Lupulus (Hops) Extract, Citrus Reticulata (Tangerine) Peel Extract, Yeast Extract/Faex/Extrait De Levure, Limonium Vulgare Flower/Leaf/Stem Extract, Whey Protein/Lactis Protein/Proteine Du PetitLait, Thermus Thermophillus Ferment, Cetyl Alcohol, Pentaerythrityl Tetraethylhexanoate, Hydrogenated Lecithin, Polyethylene, Caprylic/Capric/Myristic/Stearic Triglyceride, Punica Granatum (Pomegranate) Fruit Juice, Cholesterol, Sucrose, Linoleic Acid, Caffeine, Acetyl Glucosamine, Linolenic Acid, Adenosine Phosphate, Lactoperoxidase, Phospholipids, Acetyl Hexapeptide8, Glucose Oxidase, Peg100 Stearate, Acrylamide/Sodium Acryloyldimethyltaurate Copolymer, Tocopheryl Acetate, Triolein, Behenyl Alcohol, Phytantriol, Trehalose, Pvp/Hexadecene Copolymer, Pentylene Glycol, Hdi/Ppg/Polycaprolactone Crosspolymer, Caprylic/Capric Triglyceride, Polysilicone11, Isohexadecane, Caprylyl Glycol, Propylene Glycol Dicaprate, Sodium Pca, Helianthus Annuus (Sunflower) Seedcake, Polysorbate 80, Glucose, Sodium Hyaluronate, Sodium Lactate, Phytosteryl Canola Glycerides, Oleic Acid, Palmitic Acid, Stearic Acid, Potassium Sulfate, Decarboxy Carnosine Hcl, Nordihydroguaiaretic Acid, Cyclodextrin, Carbomer, Hexylene Glycol, Potassium Hydroxide, Fragrance, Silica, Ethylbisiminomethylguaiacol Manganese Chloride, Disodium Edta, Bht, Phenoxyethanol <iln38899>.</iln38899>",12,1157,1.7,0.0,https://www.sephora.com/product/advanced-time-zone-spf-15-normal-combination-skin-P380005?icid2=products%20grid:p380005,1.7,48.23529411764706
ClearCalm Replenishing Gel Cream,REN Clean Skincare,moisturizing-cream-oils-mists,42.0,"<div arialabelledby=""tab2"" class=""css1rny024"" hidden="""" id=""tabpanel2"" role=""tabpanel"" tabindex=""0""><a class=""css1ez119k"" datacomp=""Box "" href=""/brand/ren?icid2=product_about brand_visit brand lp""><img alt=""REN Clean Skincare"" class=""css1ew6vbs"" datacomp=""BrandLogo Image Box "" datallimg=""https://www.sephora.com"" src=""/img/ufe/placeholder.png"" srcset=""""/></a><div class=""css194oeca"" datacomp=""Markdown Box ""><p>We are REN Clean Skincare. We put the needs and health of skin first.",334,912,1.7,0.0,https://www.sephora.com/product/clearcalm-replenishing-gel-cream-P448908?icid2=products%20grid:p448908,1.7,24.705882352941178
Green Tea Hydrating Lip Sleeping Mask,innisfree,moisturizing-cream-oils-mists,16.0,"Phytosteryl/Isostearyl/Cetyl/Stearyl/Behenyl Dimer Dilinoleate, Phytosteryl Isostearyl Dimer Dilinoleate, Limnanthes Alba (Meadowfoam) Seed Oil, Squalane, Hydrogenated Castor Oil Dimer Dilinoleate, Ricinus Communis (Castor) Seed Oil, Beeswax / Cera Alba / Cire D'abeille, Helianthus Annuus (Sunflower) Seed Wax, Oleic/Linoleic/Linolenic Polyglycerides, Sucrose Tetrastearate Triacetate, Camellia Sinensis Leaf Powder, Dextrin Palmitate, Glyceryl Caprylate, Camellia Sinensis Seed Oil, Anthemis Nobilis Flower Oil, Tocopherol.",25,4189,0.59,0.0,https://www.sephora.com/product/green-tea-hydrating-lip-sleeping-mask-P449848?icid2=products%20grid:p449848,0.59,27.118644067796613
Moisture Surge™ Hydrating Lotion,CLINIQUE,moisturizing-cream-oils-mists,35.0,"Water\Aqua\Eau, BisPeg18 Methyl Ether Dimethyl Silane, Glycerin, Butylene Glycol, Pentylene Glycol, Bambusa Vulgaris (Bamboo) Extract, Pisum Sativum (Pea) Extract, Hordeum Vulgare (Barley) Extract\Extrait D'Orge, Triticum Vulgare (Wheat) Germ Extract, Gellidiella Acerosa Extract, Sigesbeckia Orientalis (St. Paul'S Wort) Extract, Caffeine, Hypnea Musciformis (Algae) Extract, Sucrose, Lactobacillus Ferment, Palmitoyl Hexapeptide12, Ergothioneine, Acetyl Glucosamine, Trehalose, Squalane, Glyceryl Polymethacrylate, Sodium Hyaluronate, Jojoba Esters, Sodium Pca, Urea, Peg32, Acrylates/C1030 Alkyl Acrylate Crosspolymer, Glucosamine Hcl, Caprylyl Glycol, Peg6, Peg8, Polysorbate 20, Cetyl Alcohol, Stearic Acid, Glyceryl Stearate, Citric Acid, Sodium Hydroxide, Hexylene Glycol, Polyquaternium51, Disodium Edta, Potassium Sorbate, Chlorphenesin, Phenoxyethanol.",2,396,6.7,0.0,https://www.sephora.com/product/clinique-moisture-surge-hydrating-lotion-P453927?icid2=products%20grid:p453927,6.7,5.223880597014925
Treatment Softener Enriched,Shiseido,moisturizing-cream-oils-mists,50.0,"Dipropylene Glycol, Glycerin, Diglycerin, Peg6, Butylene Glycol, Betaine, Peg/Ppg17/4 Dimethyl Ether, Peg60 Hydrogenated Castor Oil, Phenoxyethanol, Polyglyceryl2 Diisostearate, Isodecyl Neopentanoate, Methylparaben, Disodium Edta, Sodium Citrate, Fragrance, Alcohol, Erythritol, Peg/Ppg14/7 Dimethyl Ether, Tremella Fuciformis Polysaccharide, Potassium Cocoyl Glutamate, Citric Acid, Linalool, Sapindus Mukorossi Peel Extract, Sodium Metabisulfite, Citronellol, Geraniol, Magnesium Chloride, Oenothera Biennis (Evening Primrose) Oil, Calcium Chloride, Serine, Hamamelis Virginiana (Witch Hazel) Leaf Extract, Tocopherol, Zingiber Aromaticus Extract, Sodium Acetylated Hyaluronate, Citrus Junos Seed Extract.",9,1625,5.0,0.0,https://www.sephora.com/product/treatment-softener-enriched-P433621?icid2=products%20grid:p433621,5.0,10.0
FreshFace Instant Glow Luminizer,Fresh,moisturizing-cream-oils-mists,38.0,"Ethylhexyl Stearate, Pentylene Glycol, Butylene Glycol, Dimethicone, Limnanthes Alba (Meadowfoam) Seed Oil, Hydroxyethyl Acrylate/Sodium Acryloyldimethyl Taurate Copolymer, Synthetic Fluorphlogopite, Squalane, CI 77891  (Titanium Dioxide), Dimethicone PEG7 Phosphate, Maris Aqua (Sea Water), Rosa Damascena Flower Cucumis Sativus (Cucumber) Fruit Extract, Oenothera Biennis (Evening Primrose) Root Extract, Porphyridium Cruentum Extract, Helianthus Annuus (Sunflower) Seed Oil, Ceratonia Siliqua Gum, Tocopheryl Acetate, Retinyl Palmitate, Magnesium Ascorbyl Phosphate, Trimethylsiloxysilicate, Steareth21, Polysorbate 60, Steareth2, Caprylic/Capric Triglyceride, Sorbitan Isostearate, Sodium Stearoyl Glutamate, Sodium Hydroxide, Carbomer, Citric Acid, Potassium Sorbate, Polysorbate 20, Hydroxyethylcellulose, Phenoxyethanol, Citronellol, Geraniol",39,7208,1.0,0.0,https://www.sephora.com/product/freshface-instant-glow-luminizer-P411015?icid2=products%20grid:p411015,1.0,38.0
Concentrated Ginseng Renewing Cream,Sulwhasoo,moisturizing-cream-oils-mists,240.0,"Glycerin, Squalane, Butylene Glycol, Cyclopentasiloxane, Trehalose, Limnanthes Alba(Meadowfoam) Seed Oil, Glyceryl Stearate, Phytosteryl Isostearyl Dimer Dilinoleate, Octyldodecyl Myristate,Cyclohexasiloxane, Peg40 Stearate, Stearic Acid, Phytosteryl/Behenyl/Octyldodecyl Lauroyl Glutamate,Helianthus Annuus (Sunflower) Seed Oil, Jojoba Esters, Peg100 Stearate, Propanediol, Mangifera Indica (Mango)Seed Butter, Polyacrylate13, Peg30 Dipolyhydroxystearate, Cetyl Peg/Ppg10/1 Dimethicone, Phenoxyethanol,Glyceryl Linoleate, Cetearyl Alcohol, Pantethine, Hydrogenated Vegetable Oil, Dimethicone, Glycine Soja (Soybean)Sterols, Glycine Soja (Soybean) Oil, Propylene Glycol, Tocopherol, Acetyl Glucosamine, Cyclodextrin,Polyisobutene, Salicylic Acid, Panax Ginseng Root Extract, Polyquaternium51, Hexyl Laurate, Caffeic Acid,Copernicia Cerifera (Carnauba) Wax / Copernicia Cerifera Cera / Cire De Carnauba, Tocopheryl Linoleate, Alcohol,Dimethiconol, Glyceryl Linolenate, Persea Gratissima (Avocado) Oil, Polysorbate 20, Gardenia Florida Fruitextract, Ethylhexylglycerin, Fragrance / Parfum, Glyceryl Arachidonate, Lauryl Peg/Ppg18/18 Methicone, Vitisvinifera (Grape) Leaf Extract, Sorbitan Isostearate, Honey / Mel / Miel, BetaGlucan, Dextrin, Disodium Edta, Perillaocymoides Seed Extract, Retinol, Lilium Candidum Bulb Extract, Sodium Hyaluronate, Nelumbo Nucifera Flowerextract, Polygonatum Officinale Rhizome/Root Extract, Rehmannia Glutinosa Root Extract, Paeonia Albiflora Rootextract, Glycyrrhiza Uralensis (Licorice) Root Extract, Phytosphingosine, Methoxy Peg114/Polyepsiloncaprolactone, 1,2Hexanediol, Isostearyl Alcohol, Dodecene, Ascorbyl Palmitate, Hydrogenated Palm Glyceridescitrate, Hydrogenated Lecithin, Hydrolyzed Ginseng Saponins(EnzymeTreated Red Ginseng Saponins), Panax Ginsengflower Extract, AlphaIsomethyl Ionone, Limonene, Linalool, Bht, Butylphenyl Methylpropional, Bha, Sodiumpolyaspartate, Tbhq, Sodium Methyl Stearoyl Taurate, Pentaerythrityl.",4,321,2.02,0.0,https://www.sephora.com/product/concentrated-ginseng-renewing-cream-P448926?icid2=products%20grid:p448926,2.02,118.81188118811882
Concentrated Ginseng Renewing Cream Light,Sulwhasoo,moisturizing-cream-oils-mists,240.0,"Butylene Glycol, Glycerin, Squalane, Pentaerythrityl Tetraethylhexanoate, Arachidyl Alcohol, Dimethicone, Behenyl Alcohol, Butyrospermum Parkii (Shea) Butter, Cyclopentasiloxane, Arachidyl Glucoside, Cetyl Ethylhexanoate, Cyclohexasiloxane, Hydroxyethyl Acrylate/Sodium Acryloyldimethyl Taurate Copolymer, Phenoxyethanol, Panax Ginseng Root Extract, Butylene Glycol Dicaprylate/Dicaprate, Triethylhexanoin, Polyacrylate13, Peg10 Dimethicone, Lauryl Peg9 Polydimethylsiloxyethyl Dimethicone, Cetyl Peg/Ppg10/1 Dimethicone, Polyisobutene, Disteardimonium Hectorite, Fragrance / Parfum, Disodium Edta, Sorbitan Isostearate, Ethylhexylglycerin, Honey / Mel / Miel, Polysorbate 60, Perilla Ocymoides Seed Extract, Polysorbate 20, Dextrin, Lilium Candidum Bulb Extract, Nelumbo Nucifera Flower Extract, Paeonia Albiflora Root Extract, Polygonatum Officinale Rhizome/Root Extract, Rehmannia Glutinosa Root Extract, Glucose, Carthamus Tinctorius (Safflower) Flower Extract, Glycyrrhiza Uralensis (Licorice) Root Extract, 1,2Hexanediol, Methoxy Peg114/Polyepsilon Caprolactone, Gardenia Florida Fruit Extract, Linalool, Hydrogenated Lecithin, Hydrolyzed Ginseng Saponins (EnzymeTreated Red Ginseng Saponins), Panax Ginseng Flower Extract, Benzyl Benzoate, Phytosphingosine, Sodium Polyaspartate, Sodium Methyl Stearoyl Taurate, Tocopherol, Pentaerythrityl TetraDiTButyl Hydroxyhydrocinnamate.",0,85,2.02,0.0,https://www.sephora.com/product/sulwhasoo-concentrated-ginseng-renewing-cream-light-P454775?icid2=products%20grid:p454775,2.02,118.81188118811882
High Expectations Cannabis Seed Facial Oil,High Beauty,moisturizing-cream-oils-mists,54.0,"Organic Helianthus Annuus (Sunflower) Seed Oil, Cannabis Sativa Seed Oil, Shea Butter Ethyl Esters, Organic Cocos Nucifera (Coconut) Oil, Citrus Bergamia (Bergamot) Essential Oil, Glycerin, Organic Vaccinium Macrocarpon (Cranberry) Oil, Ribes Nigrum (Black Currant) Seed Oil, Organic Punica Granatum (Pomegranate) Seed Oil, Organic Dog Rosa Canina (Rose Hip) Oil, Organic Argania Spinosa (Argan) Kernel Oil, Organic Borage Seed Oil, Tocopherol (Vitamin E), Organic Oenothera Biennis (Evening Primrose) Oil, Organic Linum Usitatissimum (Flax) Seed Oil, BetaSitosterol, Squalene, Cannabis Sativia Seed Protein Extract, Brassica Oleracea Italica (Broccoli) Seed Extract, Troxerutin, Citrus Aurantium Amara (Petitgrain) Extract, Vitis Vinifera (Grape) Seed Extract, Vaccinium Macrocarpon (Cranberry) Fruit Extract, Punica Granatum (Pomegranate) Extract, Nigelia Sativa (Black Cumin) Seed Oil, Mentha Citrata (Bergamot) Leaf Extract, Melissa Officinalis (Lemon Balm) Leaf Extract.",73,6424,1.0,0.0,https://www.sephora.com/product/high-expectations-cannabis-seed-facial-oil-P436908?icid2=products%20grid:p436908,1.0,54.0
Hydra Life Balancing Hydration 2 in 1 Sorbet Water,Dior,moisturizing-cream-oils-mists,43.0,Jasmine Water and Mallow: Offer exceptional hydrating power.,10,1470,5.9,0.0,https://www.sephora.com/product/hydra-life-balancing-hydration-2-in-1-sorbet-water-P429675?icid2=products%20grid:p429675,5.9,7.288135593220338
Wild Rose Makeup Melter Cleansing Oil,KORRES,moisturizing-cream-oils-mists,36.0,"Butylene Glycol Dicaprylate/Dicaprate, Cetyl Ethylhexanoate, Peg20 Glyceryl Triisostearate, Ethylhexyl Palmitate, Isoamyl Laurate, Caprylic/Caprictriglyceride,C1315alkane,Triethylhexanoin, Oryzasativa(Rice)Branoil, Polyglyceryl2 Sesquioleate, Parfum/Fragrance, Prunus Amygdalus Dulcis (Sweet Almond) Oil, Ascorbyl Tetraisopalmitate, Glyceryl Caprylate, Helianthus Annuus (Sunflower) Seed Oil, Rosa Canina Fruit Oil, Rosa Gallica Flower Powder, Rosmarinus Officinalis (Rosemary) Extract, Simmondsia Chinensis (Jojoba) Seed Oil, Tocopherol.",37,3201,3.38,0.0,https://www.sephora.com/product/wild-rose-makeup-melter-cleansing-oil-P444613?icid2=products%20grid:p444613,3.38,10.650887573964498
Hydra-Essentiel Cooling Gel - Normal to Combination Skin,Clarins,moisturizing-cream-oils-mists,48.0,"Glycerin, Butylene Glycol, Propanediol, Polymethyl Methacrylate, Sodium Polyacrylate Starch, Ammonium Acryloyldimethyltaurate/Vpcopolymer, Xylitylglucoside, Phenoxyethanol, Anhydroxylitol, Ethylhexylglycerin, Fragrance, Xylitol, Pyridoxine Hcl, Disodium Edta, Decylene Glycol, Diospyros Mespiliformis Leaf Extract, Glucose, Maltodextrin, Kalanchoe Pinnata Leaf Extract, Zinc Gluconate, Sanicula Europaea Extract, Citric Acid, Alcohol, Lapsana Communis Flower/Leaf/Stem Extract, Furcellaria Lumbricalis Extract, Sodium Benzoate, Tris(Tetramethylhydroxypiperidinol) Citrate, Potassium Sorbate, Ci 42090/Blue 1, Sea Salt, Callicarpa Japonica Fruit Extract, [V2898A].",526,2887,1.7,0.0,https://www.sephora.com/product/hydra-essentiel-cooling-gel-normal-to-combination-skin-P415624?icid2=products%20grid:p415624,1.7,28.235294117647058
Face Cream Light,Dr. Barbara Sturm,moisturizing-cream-oils-mists,205.0,"Butylene Glycol, Lactobacillus/Portulaca Oleracea Ferment Extract, Coco Caprylate, Dicaprylyl Carbonate, Pistacia Vera Seed Oil, Tocopheryl Acetate, Vitis Vinifera (Grape) Seed Oil, Panthenol, Phenoxyethanol, Potassium Cetyl Phosphate, Carbomer, Cetearyl Alcohol, Hydrogenated Vegetable Glycerides, Hydrogenated Palm Glycerides, Xanthan Gum, Ethylhexylglycerin, Bisabolol, Sodium Hydroxide, Helianthus Annuus (Sunflower) Seed Oil, Sodium Hyaluronate, Tocopherol, Disodium EDTA, Leuconostoc/Radish Root Ferment Filtrate, Pantolactone, Citric Acid, Zingiber Officinale (Ginger) Root Extract.",1,393,1.69,0.0,https://www.sephora.com/product/dr-barbara-sturm-face-cream-light-P449601?icid2=products%20grid:p449601,1.69,121.30177514792899
Pure Nilotica Melt Nourishing Balm-to-Oil,LXMI,moisturizing-cream-oils-mists,24.0,100% Organic Butyrospermum Parkii Butter.,125,5251,0.0,0.5,https://www.sephora.com/product/pure-nilotica-melt-nourishing-balm-to-oil-P411870?icid2=products%20grid:p411870,0.5,48.0
First Care Activating Serum Mist,Sulwhasoo,moisturizing-cream-oils-mists,72.0,"Water / Aqua / Eau, Butylene Glycol, Olea Europaea (Olive) Fruit Oil, 1,2Hexanediol, Betaine, Fragrance/Parfum, Sodium Chloride, Simmondsia Chinensis (Jojoba) Seed Oil, Limonene, Disodium Edta, Portulaca Oleracea Extract, Honey/Mel/Miel, Juglans Regia (Walnut) Seed Extract, Polygonatum Officinale.",0,245,3.71,0.0,https://www.sephora.com/product/first-care-activating-serum-mist-P448917?icid2=products%20grid:p448917,3.71,19.40700808625337
Clearly Corrective™ Brightening & Soothing Treatment Water,Kiehl's Since 1851,moisturizing-cream-oils-mists,45.0,"Glycerin, Dipropylene Glycol, Butylene Glycol, Alcohol Denat., Methyl Gluceth20, 3OEthyl Ascorbic Acid, Phenoxyethanol, Sodium Citrate, Dipotassium Glycyrrhizate,PPG6Decyltetradeceth30, Citric Acid, Hydroxypropyl Tetrahydropyrantriol, Propylene Glycol, Salicylic Acid, Xanthan Gum, Lavandula Angustifolia Oil/Lavender Oil, Disodium EDTA, Linalool, Synthetic Fluorphlogopite, Titanium Dioxide (Ci 77891), Citrus Aurantium Tachibana Peel Extract, Paeonia Suffruticosa Root Extract, Tocopherol.",18,4936,6.8,0.0,https://www.sephora.com/product/clearly-corrective-tm-brightening-soothing-treatment-water-P428932?icid2=products%20grid:p428932,6.8,6.61764705882353
Surreal Skin Argan Finishing Balm,Josie Maran,moisturizing-cream-oils-mists,36.0,"Water**, Dimethicone, Caprylyl Methicone, Glycerin, Polymethylsilsesquioxane, Cetearyl Glucoside, Cetearyl Alcohol, Caprylic/Capric Triglyceride, Dimethicne/Vinyl Dimethicone Crosspolymer, Argania Spinosa (Argan) Kernel Oil*, Butyrospermum Parkii (Shea Butter)**, Disodium EDTA, Gluconolactone, Isohexadecane, Lecithin, Niacinamide, Polysorbate 80, Sodium Stearoyl Glutamate, Sodium Acrylates Copolymer, Sodium Benzoate, Sodium Acrylate/Acryloyldimethyl Taurate Copolymer, Titanium Dioxide, Mica. *Organic. **Natural",500,21513,0.5,0.0,https://www.sephora.com/product/surreal-skin-argan-finishing-balm-P410433?icid2=products%20grid:p410433,0.5,72.0
Darker Skin Tones Face Cream Rich,Dr. Barbara Sturm,moisturizing-cream-oils-mists,230.0,"Water (Aqua), Prunus Amygdalus Dulcis (Sweet Almond) Oil, Glycerin, Caprylic/ Capric Triglyceride, Butylene Glycol, Glyceryl Stearate Citrate, Butyrospermum Parkii (Shea)Butter, Cetearyl Alcohol, Cocoglycerides, Decyloleate, Persea Gratissima (Avocado) Oil, Lactobacillus/ Portulaca Oleracea Ferment Extract, CocoCaprylate, Tocopheryl Acetate, Maris Aqua/ Sea Water (Maris Aqua), Phenoxyethanol, Panthenol, Carbomer, Maltodextrin, Xanthan Gum, Enantia Chlorantha Bark Extract, Lecithin, Ethylhexylglycerin, Teprenone, Sodium Hyaluronate, Sodium Hydroxide, Disodium Edta, Alcohol, Hydrolyzed Algae Extract, Leuconostoc/ Radish Root Ferment Filtrate, Pantolactone, Ascorbyl Palmitate, Magnolia Officinalis Bark Extract, Citric Acid, Tocopherol, Oleanolic Acid, Ascorbic Acid, Vitis Vinifera (Grape) Seed Extract.",1,122,1.69,0.0,https://www.sephora.com/product/dr-barbara-sturm-darker-skin-tones-face-cream-rich-P448547?icid2=products%20grid:p448547,1.69,136.09467455621302
Squalane Oil,The INKEY List,moisturizing-cream-oils-mists,11.99,Plantderived Squalane 100%: Provides super hydration while supporting oil control and has antiaging properities.,69,2953,1.0,0.0,https://www.sephora.com/product/squalane-oil-P443839?icid2=products%20grid:p443839,1.0,11.99
Camera Ready CC Cream Broad Spectrum SPF 30 Dark Spot Correcting,Smashbox,moisturizing-cream-oils-mists,42.0,"Octinoxate 7.50%, Octisalate 4.00%, Oxybenzone 2.50%, Titanium Dioxide 1.10%, Dimethicone, Butylene Glycol, Propanediol, Glyceryl Stearate, Phenyl Trimethicone, Behenyl Alcohol, Trioctyldodecyl Citrate, Polymethylsilsesquioxane, Ascorbyl Glucoside, Peg40 Stearate, Polyglyceryl10 Pentastearate, Octyldodecyl Stearoyl Stearate, Hordeum Vulgare (Barley) Extract/Extrait D'Orge, Triticum Vulgare (Wheat) Germ Extract, Glycyrrhiza Glabra (Licorice) Root Extract, Pyrus Malus (Apple) Fruit Extract, Cucumis Sativus (Cucumber) Fruit Extract, Octyldodecyl Neopentanoate, Ammonium Acryloyldimethyltaurate/Vp Copolymer, Polyglyceryl6 Polyricinoleate, Laminaria Saccharina Extract, Glycyrrhetinic Acid, Sucrose, Scutellaria Baicalensis Root Extract, Lecithin, Sodium Stearoyl Lactylate, Caffeine, Acetyl Hexapeptide8, Cholesterol, Tocopheryl Acetate, Tetrahexyldecyl Ascorbate, Tocopheryl Linoleate/Oleate, Linoleic Acid, Dimethoxytolyl Propylresorcinol, Squalane, Sodium Pca, Urea, Bisabolol, Isopropyl Titanium Triisostearate, Glycerin, Oryzanol, Sodium Hyaluronate, Trehalose, Polyquaternium51, Stearic Acid, Silica, Ergothioneine, Xanthan Gum, Pentaerythrityl TetraDiTButyl Hydroxyhydrocinnamate, Alumina, Disodium Edta, Phenoxyethanol, Sodium Dehydroacetate, Chlorphenesin, [+/ Iron Oxides (Ci 77492), Zinc Oxide (Ci 77497), Titanium Dioxide (Ci 77891), Iron Oxides (Ci 77491), Iron Oxides (Ci 77499)] <iln39783></iln39783>",1000,29624,1.0,0.0,https://www.sephora.com/product/camera-ready-cc-cream-broad-spectrum-spf-30-dark-spot-correcting-P378614?skuId=1497023&icid2=products%20grid:p378614,1.0,42.0
"Cactus Flower & ""Tibetan Ginseng"" Hydrating Mist",Kiehl's Since 1851,moisturizing-cream-oils-mists,27.0,"Octinoxate 7.50%, Octisalate 4.00%, Oxybenzone 2.50%, Titanium Dioxide 1.10%, Dimethicone, Butylene Glycol, Propanediol, Glyceryl Stearate, Phenyl Trimethicone, Behenyl Alcohol, Trioctyldodecyl Citrate, Polymethylsilsesquioxane, Ascorbyl Glucoside, Peg40 Stearate, Polyglyceryl10 Pentastearate, Octyldodecyl Stearoyl Stearate, Hordeum Vulgare (Barley) Extract/Extrait D'Orge, Triticum Vulgare (Wheat) Germ Extract, Glycyrrhiza Glabra (Licorice) Root Extract, Pyrus Malus (Apple) Fruit Extract, Cucumis Sativus (Cucumber) Fruit Extract, Octyldodecyl Neopentanoate, Ammonium Acryloyldimethyltaurate/Vp Copolymer, Polyglyceryl6 Polyricinoleate, Laminaria Saccharina Extract, Glycyrrhetinic Acid, Sucrose, Scutellaria Baicalensis Root Extract, Lecithin, Sodium Stearoyl Lactylate, Caffeine, Acetyl Hexapeptide8, Cholesterol, Tocopheryl Acetate, Tetrahexyldecyl Ascorbate, Tocopheryl Linoleate/Oleate, Linoleic Acid, Dimethoxytolyl Propylresorcinol, Squalane, Sodium Pca, Urea, Bisabolol, Isopropyl Titanium Triisostearate, Glycerin, Oryzanol, Sodium Hyaluronate, Trehalose, Polyquaternium51, Stearic Acid, Silica, Ergothioneine, Xanthan Gum, Pentaerythrityl TetraDiTButyl Hydroxyhydrocinnamate, Alumina, Disodium Edta, Phenoxyethanol, Sodium Dehydroacetate, Chlorphenesin, [+/ Iron Oxides (Ci 77492), Zinc Oxide (Ci 77497), Titanium Dioxide (Ci 77891), Iron Oxides (Ci 77491), Iron Oxides (Ci 77499)] <iln39783></iln39783>",24,5147,4.2,0.0,https://www.sephora.com/product/cactus-flower-tibetan-ginseng-hydrating-mist-P426825?icid2=products%20grid:p426825,4.2,6.428571428571428
Miracle Facial Oil,Omorovicza,moisturizing-cream-oils-mists,120.0,"Prunus Amygdalus Dulcis (Sweet Almond) Oil, Caprylic/capric Triglyceride, Prunus Armeniaca (Apricot) Kernel Oil, Bakuchiol, Borago Officinalis Seed Oil, Gossypium Herbaceum (Cotton) Seed Oil, Oenothera Biennis (Evening Primrose) Oil, Simmondsia Chinensis (Jojoba) Seed Oil, Rosa Canina Fruit Oil, Linum Usitatissimum (Linseed) Seed Oil, Fragrance, Hippophae Rhamnoides Oil, Algae (Alaria Esculents) Extract, Brassica Campestris (Rapeseed) Seed Oil, Rosmarinus Officinalis (Rosemary) Leaf Extract, Tocopherol, Helianthus Annuus (Sunflower) Seed Oil, Linalool, Geraniol, Cinnamyl Alcohol.",13,1377,1.0,0.0,https://www.sephora.com/product/miracle-facial-oil-P402710?icid2=products%20grid:p402710,1.0,120.0
Green Tea Hydrating Cleansing Oil,innisfree,moisturizing-cream-oils-mists,22.0,"Isopropyl Palmitate, C1215 Alkyl Benzoate, Pentaerythrityl Tetraisostearate, Peg20 Glyceryl Triisostearate, Pentaerythrityl Tetraethylhexanoate, Caprylic/Capric Triglyceride, Peg8 Isostearate, Fragrance / Parfum, Dextrin Palmitate/Ethylhexanoate, Glyceryl Behenate/Eicosadioate, Water / Aqua / Eau, Camellia Sinensis Leaf Butylene Glycol, Propanediol, Alcohol, 1,2Hexanediol, Camellia Sinensis Root Extract, Phenoxyethanol, Ethylhexylglycerin, Disodium Edta, Camellia Sinensis Leaf Extract.",16,4025,5.07,0.0,https://www.sephora.com/product/green-tea-hydrating-cleansing-oil-P449842?icid2=products%20grid:p449842,5.07,4.339250493096647
Age Defense BB Cream Broad Spectrum SPF 30,CLINIQUE,moisturizing-cream-oils-mists,39.5,"Isopropyl Palmitate, C1215 Alkyl Benzoate, Pentaerythrityl Tetraisostearate, Peg20 Glyceryl Triisostearate, Pentaerythrityl Tetraethylhexanoate, Caprylic/Capric Triglyceride, Peg8 Isostearate, Fragrance / Parfum, Dextrin Palmitate/Ethylhexanoate, Glyceryl Behenate/Eicosadioate, Water / Aqua / Eau, Camellia Sinensis Leaf Butylene Glycol, Propanediol, Alcohol, 1,2Hexanediol, Camellia Sinensis Root Extract, Phenoxyethanol, Ethylhexylglycerin, Disodium Edta, Camellia Sinensis Leaf Extract.",756,11950,1.4,0.0,https://www.sephora.com/product/age-defense-bb-cream-broad-spectrum-spf-30-P293010?icid2=products%20grid:p293010,1.4,28.214285714285715
Vitamin C Ester Brightening Overnight Treatment,Perricone MD,moisturizing-cream-oils-mists,99.0,"Tetrahexyldecyl Ascorbate (Vitamin C Ester), Isopropyl Palmitate, LTyrosine, Glycolic Acid, Cetearyl Alcohol, Urea, Cyclomethicone, Triethanolamine, Sodium Carboxymethyl BetaGlucan, Butylene Glycol, Tocopheryl Acetate, Camellia Oleifera (Green Tea) Leaf Extract, Dimethicone, Ceteareth20, Phenoxyethanol, Ethoxydiglycol, Glyceryl Stearate, PEG100 Stearate, Dimethyl MEA (DMAE), Caprylyl Glycol, Sodium Hyaluronate, Allantoin, Bisabolol, Citric Acid, Rosmarinus Officinalis (Rosemary) Leaf Extract, Elaeis Guineensis (Palm) Oil, Tocotrienols, Ascorbyl Palmitate (Vitamin C Ester), Zinc Sulfate, Pyridoxine HCl, Pantethine, Sorbic Acid, Disodium EDTA, BHT, Tocopherol, Parfum (Fragrance), Benzyl Benzoate.",327,5546,2.0,0.0,https://www.sephora.com/product/concentrated-restorative-treatment-P211305?icid2=products%20grid:p211305,2.0,49.5
Luxury Face Oil- Geranium & Orange Blossom,RODIN olio lusso ,moisturizing-cream-oils-mists,170.0,"Simmondsia Chinensis (Jojoba) Seed Oil, Olea Europaea (Olive) Fruit Oil, Oenothera Biennis (Evening Primrose) Oil, Prunus Armeniaca (Apricot) Kernel Oil, Prunus Amygdalus Dulcis (Sweet Almond) Oil, Rosa Canina Seed Extract, Argania Spinosa Kernel Oil, Helianthus Annuus (Sunflower) Seed Oil, Citrus Aurantium Amara (Bitter Orange) Flower Extract, Pelargonium Graveolens (Geranium) Flower Oil, Calendula Officinalis Flower Oil, Arnica Montana Flower Extract, Rosmarinus Officinalis (Rosemary) Leaf Extract, Linalool, Citronellol, Geraniol, Farnesol, Limonene, Citral, Tocopherol, Tocopheryl Acetate.",10,309,0.0,1.0,https://www.sephora.com/product/geranium-orange-blossom-luxury-face-oil-P442110?icid2=products%20grid:p442110,1.0,170.0
Visionnaire Nuit Beauty Sleep Perfector,Lancôme,moisturizing-cream-oils-mists,93.0,"Glycerin, Glycine Soja Oil/Soybean Oil, Dimethicone, Caprylic/Capric Triglyceride, Alcohol Denat., Isocetyl Stearate, Isononyl Isononanoate, Pentylene Glycol, Polyglyceryl2 Stearate, Stearyl Heptanoate, Peg8 Stearate, Sorbitol, Ci 19140/Yellow 5, Ribes Nigrum Oil/Black Currant Seed Oil, Hydroxypalmitoyl Sphinganine, Stearyl Caprylate, Phenoxyethanol, Stearic Acid, Steareth100/Peg136/Hdi Copolymer, Adenosine, Haematococcus Pluvialis/Haematococcus Pluvialis Extract, Algae Extract, Triethanolamine, Palmitic Acid, Helianthus Annuus Seed Oil/Sunflower Seed Oil, Ammonium Polyacryldimethyltauramide/Ammonium Polyacryloyldimethyl Taurate, Laminaria Ochroleuca Extract, Limonene, Pentaerythrityl TetraDiTButyl Hydroxyhydrocinnamate, Benzyl Salicylate, Benzyl Alcohol, Linalool, 2Oleamido1,3Octadecanediol, Caprylic/Capric Glycerides, Caprylyl Glycol, AlphaIsomethyl Ionone, Geraniol, Ceramide 3, Disodium Stearoyl Glutamate, Rosa Canina Fruit Oil, Cetyl Alcohol, Methyldihydrojasmonate, Vitreoscilla Ferment, Citronellol, Fragrance.",81,4577,1.7,0.0,https://www.sephora.com/product/visionnaire-nuit-beauty-sleep-perfector-P404066?icid2=products%20grid:p404066,1.7,54.70588235294118
Daily Oil Control Moisturizer SPF 30,Proactiv,moisturizing-cream-oils-mists,24.0,"Isopropyl Lauroyl Sarcosinate, Glycerin, Dimethicone, Diisopropyl Sebacate, Polymethyl Methacrylate, Aluminum Starch Octenylsuccinate, Sucrose Tristearate, Silica, Pentylene Glycol, Polysorbate 61, Dimethiconol, Sodium Stearoyl Glutamate, Phenoxyethanol, Caprylyl Glycol, Tocopheryl Acetate, Glycyrrhetinic Acid, Panthenol, Triethanolamine, Allantoin, Carbomer, Potassium Sorbate, Zinc Gluconate, Xanthan Gum, Disodium Edta, Hydroxypalmitoyl Sphinganine.",205,692,1.5,0.0,https://www.sephora.com/product/daily-oil-control-moisturizer-spf-30-P440058?icid2=products%20grid:p440058,1.5,16.0
Multi-Active Day Cream-Gel - Normal to Combination Skin,Clarins,moisturizing-cream-oils-mists,55.0,"Caprylic/Capric Triglyceride, Propanediol, Glycerin, Cetearyl Isononanoate, Cellulose, Hydroxyethyl Acrylate/Sodium Acryloyldimethyl Taurate Copolymer, Phenoxyethanol, Parfum/Fragrance, Dipsacus Sylvestris Extract, Acrylates/C1030 Alkyl Acrylate Crosspolymer, Ci 77891/Titanium Dioxide, Synthetic Fluorphlogopite, Ethylhexylglycerin, Ppg5Ceteth20, Tocopheryl Acetate, Tromethamine, Sodium Hyaluronate, Citric Acid, Butylene Glycol, Diospyros Mespiliformis Leaf Extract, Maltodextrin, Disodium Edta, Sanicula Europaea Extract, Myrothamnus Flabellifolia Extract, Lapsanacommunis Flower/Leaf/Stem Extract, Furcellaria Lumbricalis Extract, Sodium Citrate, Potassium Sorbate, Ascorbic Acid, Ci 14700/Red 4, Glycolic Acid, Lactic Acid, Maris Sal/Sea Salt/Sel Marin, Polyvinyl Alcohol, Ci 17200/Red 33, Copper Palmitoyl Heptapeptide14, Heptapeptide15 Palmitate.",17,1583,1.7,0.0,https://www.sephora.com/product/multi-active-day-cream-gel-normal-to-combination-skin-P405589?icid2=products%20grid:p405589,1.7,32.35294117647059
Super Power Sunscreen Mousse Broad Spectrum SPF 50,Supergoop!,moisturizing-cream-oils-mists,19.0,"Aluminum Starch Octenylsuccinate, Ananas Sativus (Pineapple) Fruit Extract, BisHydroxyethoxypropyl Dimethicone, Butter Extract, Butyloctyl Salicylate, Butyrospermum Parkii (Shea) Butter, C1215 Alkyl Benzoate, Cananga Odorata Flower Extract, Caprylic/Capric Triglyceride, Caprylyl Glycol, Cetearyl Alcohol, Chlorphenesin, Citrus Aurantium Dulcis (Orange) Peel Extract, Citrus Grandis (Grapefruit) Fruit Extract, Citrus Limon (Lemon) Peel Extract, Cocos Nucifera (Coconut) Fruit Extract, Cocos Nucifera (Coconut) Oil, Coffea Arabica (Coffee) Seed Extract, Crambe Maritima Leaf Extract, Cucumis Melo Cantalupensis Fruit Extract, Cucumis Sativus (Cucumber) Fruit Extract, Diethylhexyl Syringylidenemalonate, Disodium EDTA,  Glycerin, Glyceryl Caprylate, Glyceryl Stearate, Glyceryl Undecylenate, Hydrofluorocarbon 152A, Olea Europaea (Olive) Fruit Oil, Panthenol, Passiflora Incarnata Fruit Extract, Persea Gratissima (Avocado) Oil, Polyester5, Potassium Cetyl Phosphate, Prunus Amygdalus Dulcis (Sweet Almond) Oil, Prunus Amygdalus Dulcis (Sweet Almond) Seed Extract, Prunus Armeniaca (Apricot) Fruit Extract, Pyrus Malus (Apple) Fruit Extract, Rose Extract, Rubus Idaeus (Raspberry) Fruit Extract, Santalum Album (Sandalwood) Extract, Simmondsia Chinesis (Jojoba) Seed Oil, Tocopherol, Trehalose, Vanilla Planifolia Fruit Extract, Water.",147,9332,0.0,3.4,https://www.sephora.com/product/super-power-sunscreen-mousse-broad-spectrum-spf-50-P417701?icid2=products%20grid:p417701,3.4,5.588235294117648
CC Dullness Corrector Glow Booster Broad Spectrum SPF 25,Erborian,moisturizing-cream-oils-mists,44.0,"Aqua/Cyclomethicone, Ethylhexyl Methoxycinnamate, Mica, C12,15 Alkyl Benzoate, Dipropylene Glycol, Glycerin, Zinc Oxide,[Nano], Ci 77891/Titanium Dioxide, Peg,10 Dimethicone , Methyl Trimethicone, Titanium Dioxide, Titanium Dioxide,[Nano], Ci 77007/Ultramarines, Ethylhexyl Salicylate, Dimethicone, Butylene Glycol, Disteardimonium Hectorite, Ci 77492/Iron Oxides, Magnesium Sulfate, Centella Asiatica Extract, Glycyrrhiza Glabra (Licorice) Root Extract, Talc, Vinyl Dimethicone/Methicone Silsesquioxane Crosspolymer, Dimethicone/Vinyl Dimethicone Crosspolymer, Aluminum Hydroxide , Trihydroxystearin, Methicone, Palmitic Acid, Polyester,1 , Stearic Acid , Silica Dimethyl Silylate, Tocopheryl Acetate, Ethylhexylglycerin, Tin Oxide, Phenoxyethanol, Parfum/Fragrance, Hexyl Cinnamal, Alpha,Isomethyl Ionone, Linalool, Citronellol, Geraniol, Eugenol, Limonene, Ci 77491/Iron Oxides, Ci 77499/Iron Oxides.",3,662,1.5,0.0,https://www.sephora.com/product/cc-dullness-corrector-glow-booster-broad-spectrum-spf-25-P450927?icid2=products%20grid:p450927,1.5,29.333333333333332
Oil Free Facial Lotion,Anthony,moisturizing-cream-oils-mists,30.0,"PPG2 Myristyl Ether Propionate, Glycerin, Cetearyl Alcohol, Glyceryl Stearate, Peg100 Stearate, Silk Amino Acids, Sodium PCA, Dimethicone, DMDM Hydantoin, Aloe Vera Gel, Triethanolamine, Chamomile Extract, Methylparaben, Grapefruit Oil, Mandarin Oil, Propylparaben, Lemongrass Extract.",42,1020,2.5,0.0,https://www.sephora.com/product/oil-free-facial-lotion-P112400?icid2=products%20grid:p112400,2.5,12.0
Rosehip Nourishing Night Oil,The INKEY List,moisturizing-cream-oils-mists,10.99,Rosa Canina Fruit Oil.,14,3223,1.0,0.0,https://www.sephora.com/product/rosehip-oil-P443834?icid2=products%20grid:p443834,1.0,10.99
V-Cense™ Youth Vitality Day Cream,REN Clean Skincare,moisturizing-cream-oils-mists,54.0,"Rosa Damascena Flower Camelia Oleifera Seed Oil, Cetearyl Ethylhexanoate, Cetearyl Alcohol, Glycerin, Myristyl Myristate, Oleyl Alcohol, Cetearyl Glucoside, Rosa Canina Fruit Oil, Butyrospermum Parkii (Shea Butter), Caprylic/Capric Triglyceride, Triheptanoin, Oryzanol, Citrus Aurantium Dulcis (Orange) Callus Culture Extract, Ascorbyl Tetraisopalmitate, Vaccinium Macrocarpon (Cranberry) Seed Oil, Boswellia Carterii Oil, Helianthus Annuus (Sunflower) Seed Oil, Sodium Hydroxymethylglycinate, Carbomer, Tocopherol, Lactic Acid, Boswellia Serrata Extract, Citrus Aurantium Dulcis (Orange) Flower Oil, Gluconolactone, Xanthan Gum, Phenoxyethanol, Sodium Benzoate, BetaCarotene, Daucus Carota Sativa (Carrot) Root Extract, Daucus Carota Sativa (Carrot) Seed Oil, Calcium Gluconate, Ascorbyl Palmitate, Limonene",20,1742,1.7,0.0,https://www.sephora.com/product/v-cense-youth-vitality-day-cream-P385040?icid2=products%20grid:p385040,1.7,31.764705882352942
"DayWear Advanced Multi-Protection Anti-Oxidant Creme, Dry",Estée Lauder,moisturizing-cream-oils-mists,54.0,"Avobenzone 3.00% , Octisalate 5.00%Ingredients: Water\Aqua\Eau , Dimethicone , Butyloctyl Salicylate , Butylene Glycol , Polyester8 , Cetyl Ricinoleate , Steareth21 , Steareth2 , DiC1215 Alkyl Fumarate , Caprylic/Capric/Myristic/Stearic Triglyceride , Polysilicone11 , Psidium Guajava (Guava) Fruit Extract , Gentiana Lutea (Gentian) Root Extract , Polygonum Cuspidatum Root Extract , Stearyl Alcohol , Hordeum Vulgare (Barley) Extract\Extrait D'Orge , Laminaria Ochroleuca Extract , Rosmarinus Officinalis (Rosemary) Leaf Extract , Triticum Vulgare (Wheat) Germ Extract , Artemia Extract , Fumaria Officinalis Flower/Leaf/Stem Extract , Caffeine , Pentylene Glycol , Citrus Medica Limonum (Lemon) Fruit Extract , Hydrolyzed Rice Extract , Vitis Vinifera (Grape) Seed Extract , Hydrolyzed Rice Bran Extract , Lauryl Peg9 Polydimethylsiloxyethyl Dimethicone , Thermus Thermophillus Ferment , Behenyl Alcohol , Acrylic Acid/Vp Crosspolymer , Triacontanyl Pvp , Glycerin , C1215 Alkyl Benzoate , Linoleic Acid , Cholesterol , Squalane , Sodium Pca , 1,2Hexanediol , Urea , Caprylic/Capric Triglyceride , Dipropylene Glycol Dibenzoate , Tocopheryl Acetate , Acrylamide/Sodium Acryloyldimethyltaurate Copolymer , Tetrahexyldecyl Ascorbate , Sodium Hyaluronate , Ergothioneine , Isohexadecane , Ppg15 Stearyl Ether Benzoate , Glycyrrhetinic Acid , Trehalose , Polyquaternium51 , Polysorbate 80 , Lecithin , Hydrogenated Lecithin , Fumaric Acid , Palmitoyl Hydroxypropyltrimonium Amylopectin/Glycerin Crosspolymer , Caprylyl Glycol , Cyclodextrin , Sodium Hydroxide , Nordihydroguaiaretic Acid , Sodium Chloride , Ascorbyl Tocopheryl Maleate , Fragrance (Parfum) , Citric Acid , Ethylbisiminomethylguaiacol Manganese Chloride , Pentaerythrityl TetraDiTButyl Hydroxyhydrocinnamate , Disodium Edta , Bht , Sodium Dehydroacetate , Phenoxyethanol , Blue 1 (Ci 42090) , Yellow 5 (Ci 19140) , Chromium Hydroxide Green (Ci 77289).",17,1391,1.7,0.0,https://www.sephora.com/product/daywear-advanced-multi-protection-anti-oxidant-creme-broad-spectrum-spf-15-dry-P380001?icid2=products%20grid:p380001,1.7,31.764705882352942
Rise and Prime - Balm and Primer Duo,Wander Beauty,moisturizing-cream-oils-mists,39.0,"Polybutene, Triethylhexanoin, Caprylic/Capric Triglyceride, Polyglyceryl2 Triisostearate, Petrolatum, Propylene Glycol Dibenzoate, Ceresin, Beeswax, Butyrospermum Parkii (Shea) Butter, Ozokerite, Microcrystalline Wax, Isopropyl Myristate, 1, 2Hexanediol, Olea Europaea (Olive) Fruit Oil, Ethylhexyl Methoxycinnamate, Tocopheryl Acetate, Titanium Dioxide(Ci 77891), Diisostearyl Malate, Citrus Paradisi (Grapefruit) Seed Extract, Propolis Extract,  Sodium Hyaluronate, Butylene Glycol.",13,2683,0.25,0.0,https://www.sephora.com/product/rise-prime-balm-primer-duo-P417144?icid2=products%20grid:p417144,0.25,156.0
Green Releaf Calming Face Oil,Peter Thomas Roth,moisturizing-cream-oils-mists,68.0,"Persea Gratissima (Avocado) Oil, Rubus Fruticosus (Blackberry) Seed, Vitis Vinifera (Grape) Seed Oil, Salvia Hispanica Seed Oil, C912 Alkane, Tocopherol Acetate, Cucumis Sativus (Cucumber) Seed Oil, Bisabolol, Echium Plantagineum Seed Oil, Cannabis Sativa Seed Oil, Melia Azadirachta Leaf Extract, Zingiber Officinale (Ginger) Root E X Tr Act, Helianthus Annuus (Sunflower) Seed Oil, Rosmarinus Officinalis (Rosemary) Leaf Extract, Daucus Carota Sativa (Carrot) Extract, Caprylic/ Capric Triglyceride, CocoCaprylate/ Caprate, Polysorbate 20, Tocopherol, Lecithin, Ascorbyl Palmitate, Glyceryl Stearate, Glyceryl Oleate, Citric Acid, Glycerin, Allantoin, Ceramide Np, Water/Aqua/E Au, Potassium Sorbate, Sodium B Enzoate, Phenox Ye Thanol, Sorbitol, Laminaria Digitata Extract, Avena Sativa (Oat) Kernel Extract, Gluconolactone, Xanthan Gum, Ca Prylyl Glycol, Diatomaceous Earth, Disodium Edta , Glyceryl Caprylate, Yellow 11 (Ci 47000), Green 6 (Ci 61565), Violet 2 (Ci 60725).",432,3620,1.0,0.0,https://www.sephora.com/product/green-releaf-calming-face-oil-P440820?icid2=products%20grid:p440820,1.0,68.0
VineActiv 3 in 1 Vitamin C Anti-Wrinkle Moisturizer,Caudalie,moisturizing-cream-oils-mists,44.0,"CocoCaprylate/Caprate*, Glycerin*, Silica, Hexyldecanol*Hexyldecyl Laurate*, Hexyldecyl Stearate*, Shorea Robusta Seed Butter*, Butyrospermum Parkii (Shea) Butter Extract*, Methylpropanediol, Arachidyl Alcohol*, C1216 Alcohols*, Polyacrylate Crosspolymer6, Behenyl Alcohol*, Parfum (Fragrance), Ascorbyl Tetraisopalmitate, Arachidyl Glucoside*, Lauryl Glucoside*, Polyglyceryl2 Dipolyhydroxystearate*, Ci 77891 (Titanium Dioxide), Hydrogenated Lecithin*, Palmitic Acid*, Caprylyl Glycol, Palmitoyl Grape Seed Extract*, Tocopheryl Acetate*, Potassium Sorbate, Tocopherol*, Helianthus Annuus (Sunflower) Seed Oil*, Xanthan GumPicea Abies Extract*, Sodium Hyaluronate, Citric Acid*, Phenylpropanol, 1,2Hexanediol, Sodium Phytate*, Biosaccharide Gum4, Ci 77491 (Iron Oxides), Pentaerythrityl TetraDiTButyl Hydroxyhydrocinnamate, Arginine*, Geraniol, Limonene, Linalool (196/075) *. Plant Origin",39,3436,1.3,0.0,https://www.sephora.com/product/vine-activ-3-in-1-moisturizer-P417121?icid2=products%20grid:p417121,1.3,33.84615384615385
Capture Totale Multi-Perfection Creme Refill,Dior,moisturizing-cream-oils-mists,140.0,"Aqua (Water), Limnanthes Alba (Meadowfoam) Seed Oil, Isotridecyl Isononanoate, Glycerin, Isononyl Isononanoate, Cetearyl Isononanoate, Butylene Glycol, Steareth21, Myristyl Myristate, Decyloxazolidinone, Methyl Methacrylate Crosspolymer, Pentylene Glycol, Glyceryl Stearate, Jojoba Esters, Phenoxyethanol, Behenyl Alcohol, Cetyl Alcohol, Stearyl Alcohol, Alcohol, Dimethicone, Caprylyl Glycol, Acrylates/C1030 Alkyl Acrylate Crosspolymer, Polyacrylamide, Parfum (Fragrance), Xylitol, Tromethamine, C1314 Isoparaffin, Xanthan Gum, Sorbitol, Secale Cereale (Rye) Seed Extract, Sodium Hyaluronate, Tetrasodium Edta, Algin, Malva Sylvestris (Mallow) Extract, Dimethylmethoxy Chromanol, Adenosine, Laureth7, Polyvinyl Alcohol, Sodium Tocopheryl Phosphate, Butylphenyl Methylpropional, Cellulose Gum, Limonene, Bht, Sodium Metabisulfite, Palmaria Palmata Extract, Aframomum Angustifolium Seed Extract, AlphaIsomethyl Ionone, Sodium Benzoate, Geraniol, Citronellol, Jasminum Officinale (Jasmine) Flower Extract, Tocopherol, Ci 14700 (Red 4).",4,996,2.0,0.0,https://www.sephora.com/product/capture-totale-multi-perfection-creme-refill-P414794?icid2=products%20grid:p414794,2.0,70.0
Smart Broad Spectrum SPF 15 Custom-Repair Moisturizer for Very Dry to Dry Skin,CLINIQUE,moisturizing-cream-oils-mists,55.0,"Avobenzone 3.0% , Octisalate 5.0%Glycerin , Butyloctyl Salicylate , Butyrospermum Parkii (Shea Butter) , Polyester8 , Cetearyl Alcohol , Butylene Glycol , Glyceryl Stearate , Peg100 Stearate , Sucrose Polystearate , Cetyl Alcohol , Dimethicone , Theobroma Grandiflorum Seed Butter , Polyethylene , Nylon12 , Astrocaryum Murumuru Seed Butter , Camellia Sinensis Leaf Extract , Biotin , Sigesbeckia Orientalis (St. Paul'S Wort) Extract , Centaurium Erythraea (Centaury) Extract , Algae Extract , Tamarindus Indica Seed Extract , Whey Protein/Lactis Protein/Proteine Du PetitLait , Glycine Soja (Soybean) Protein , Ergothioneine , Acetyl Hexapeptide8 , Saccharomyces Ferment Filtrate , Plankton Extract , Hydrogenated Polyisobutene , Acetyl Glucosamine , Caffeine , Aminopropyl Ascorbyl Phosphate , Caprylyl Glycol , Tocopheryl Acetate , Lecithin , Sodium Hyaluronate , Ammonium Acryloyldimethyltaurate/Vp Copolymer , Pentaerythrityl TetraDiTButyl Hydroxyhydrocinnamate , Polysilicone11 , Potassium Sorbate , Sodium Benzoate , Hydroxyethylcellulose , Citric Acid , Xanthan Gum , Sodium Citrate , Phenoxyethanol , Yellow 5 (Ci 19140) , Red 4 (Ci 14700) <iln41876></iln41876>",5,759,1.7,0.0,https://www.sephora.com/product/smart-broad-spectrum-spf-15-custom-repair-moisturizer-for-very-dry-to-dry-skin-P405285?icid2=products%20grid:p405285,1.7,32.35294117647059
Immortelle Reset Overnight Reset Oil-In Serum,L'Occitane,moisturizing-cream-oils-mists,59.0,"Propanediol, Glycerin, Isononyl Isononanoate, Butylene Glycol, Pentylene Glycol, Dextrin Palmitate/Ethylhexanoate, Limnanthes Alba (Meadowfoam) Seed Oil, Helichrysum Italicum Flower Oil, Origanum Majorana Leaf Extract, Acmella Oleracea Extract, Helianthus Annuus (Sunflower) Seed Oil, Adenosine, Phenoxyethanol, Carbomer, Maltodextrin, Sodium Hydroxide, Palmitic Acid, Disodium Edta, Cellulose Gum, Amodimethicone, Tocopherol, Fragrance, CI 75130/BetaCarotene.",27,3371,1.0,0.0,https://www.sephora.com/product/immortelle-reset-overnight-reset-oil-in-serum-P442734?icid2=products%20grid:p442734,1.0,59.0
Very Useful Face Cream,Go-To ,moisturizing-cream-oils-mists,31.0,"Shea Butter, Sweet Almond Oil, Apricot Kernel Oil, Glyceryl Oleate Citrate, Amla Berry Extract, Arachidyl Alcohol, Behenyl Alcohol, Avocado Oil, Sunflower Oil, Mango Butter, Milk Thistle Ethyl Ester, Benzyl Alcohol, Coenzyme Q10, Arachidyl Glucoside, Tocopherol, Sodium Citrate, Lysolecithin, Sclerotium Gum, Xanthan Gum, Pullulan, Dehydroacetic Acid, Natural Fragrance (Fig And Oriental Rose).",41,2463,1.69,0.0,https://www.sephora.com/product/very-useful-face-cream-P432267?icid2=products%20grid:p432267,1.69,18.34319526627219
Dr. Andrew Weil for Origins™ Mega-Mushroom Relief & Resilience Hydra Burst Gel Lotion,Origins,moisturizing-cream-oils-mists,69.0,***Essential Oil,21,1605,1.7,0.0,https://www.sephora.com/product/dr-andrew-weil-for-origins-mega-mushroom-relief-resilience-hydra-burst-gel-lotion-P443550?icid2=products%20grid:p443550,1.7,40.588235294117645
Capture Totale C.E.L.L. ENERGY - High-Performance Treatment Serum-Lotion,Dior,moisturizing-cream-oils-mists,95.0,"Aqua (Water), Glycerin, Butylene Glycol, Pentylene Glycol, Polyglycerin3, Aframomum Angustifolium Seed Extract, Paeonia Lactiflora Root Extract, Lilium Candidum Bulb Extract, Jasminum Officinale (Jasmine) Flower Extract, Sodium Surfactin, Hydroxylated Lecithin, Hydrolyzed Soy Protein, Ascorbyl Glucoside, Sodium Tocopheryl Phosphate, Adenosine, Xylitol, Trehalose, Palmaria Palmata Extract, Niacinamide, Sodium Hyaluronate, Peg8, Propanediol, Chlorphenesin, Acrylates/C1030 Alkyl Acrylate Crosspolymer, Peg32, Peg60 Hydrogenated Castor Oil, Peg150, Sodium Hydroxide, Parfum (Fragrance), Disodium Edta, Sodium Benzoate, Potassium Sorbate.",5,146,5.91,0.0,https://www.sephora.com/product/dior-capture-totale-cell-energy-high-performance-treatment-serum-lotion-P454808?icid2=products%20grid:p454808,5.91,16.07445008460237
Glow Cream Highlighting Primer,Erborian,moisturizing-cream-oils-mists,42.0,"Cyclomethicone, Butylene Glycol, CI 77891/Titanium Dioxide, Phenyl Trimethicone, Pentylene Glycol, Niacinamide, Dicaprylyl Carbonate, Mica, Hexyl Laurate, Glycyrrhiza Glabra (Licorice) Root Extract, Poria Cocos Extract, Cetearyl Alcohol, Xanthan Gum, Silica, Squalane, Glyceryl Stearate, PEG100 Stearate, Phenoxyethanol, Potassium Cetyl Phosphate, Acrylates/ C1030 Alkyl Acrylate Crosspolymer, Arginine, Acrylates/Stearyl Acrylate/Dimethicone Methacrylate Copolymer, Hydroxyethyl Acrylate/ Sodium Acryloyldimethyl Taurate Copolymer, Ethylhexylglycerin, Parfum/Fragrance, Polysorbate 60, Sorbitan Isostearate, 1,2Hexanediol, Tocopherol, Hexyl Cinnamal, AlphaIsomethyl Ionone, Linalool, Citronellol, Geraniol, Eugenol, Limonene.",47,4940,1.5,0.0,https://www.sephora.com/product/glow-creme-illuminating-face-cream-P417244?icid2=products%20grid:p417244,1.5,28.0
The True Tincture Essence - Chamomile,belif,moisturizing-cream-oils-mists,46.0,Chamomile: Revitalizes withering plants nearby to its healthy state.,21,4013,2.53,0.0,https://www.sephora.com/product/the-true-tincture-essence-chamomile-P416533?icid2=products%20grid:p416533,2.53,18.181818181818183
No. 2 Citrus Rhapsody Toner Mist,Edible Beauty,moisturizing-cream-oils-mists,36.0,"Purified Organic Cocos Nucifera (Coconut) Oil, Organic Saponaria Officinalis, Cetearyl Olivate, Organic Camellia Oleifera (Camellia) Seed Oil, Sorbiton Olivate, Organic Helianthus Annuus (Sunflower) Seed Oil, Zizyphus Jujuba Extract, Cucumis Melo (Melon) Fruit, Pyrus Malus (Apple) Extract, Sodium Levulinate, Sodium Anisate, Fragaria Vesca (Strawberry) Extract, Acacia Victoriae (Wattleseed) Extract, Salicylic Acid, Sorbic Acid, Glyceryl Caprylate, Citrus Aurantifolia (Lime) Oil, Citrus Sinensis (Orange) Oil.",31,2645,3.4,0.0,https://www.sephora.com/product/no-2-citrus-rhapsody-toner-mist-P428641?icid2=products%20grid:p428641,3.4,10.588235294117647
Brightening Face Cream,Dr. Barbara Sturm,moisturizing-cream-oils-mists,230.0,"Water (Aqua), Glycerin, CocoCaprylate, Methylpropanediol, Lactobacillus/Portulaca Oleracea Ferment Extract, Silica, Butylene Glycol, Brassica Campestris (Rapeseed) Sterols, Dicaprylyl Ether, Hydrogenated Vegetable Glycerides, Limnanthes Alba (Meadowfoam) Seed Oil, Tocopheryl Acetate, Dimethicone, Panthenol, Phenoxyethanol, Potassium Cetyl Phosphate, Sodium Potassium Aluminum Silicate, Cetearyl Alcohol, Hydrogenated Palm Glycerides, Cocoglycerides, Carbomer, Alcohol, Xanthan Gum, Ethylhexylglycerin, Lecithin, Panax Ginseng Root Extract, Disodium EDTA, Sodium Hyaluronate, Sodium Hydroxide, Caprylic/Capric Triglyceride, Alteromonas Ferment Extract, Biosaccharide Gum1, Leuconostoc/Radish Root Ferment Filtrate, Pantolactone, Lepidium Sativum Sprout Extract, Soy Isoflavones, Ascorbyl Palmitate, Citric Acid, Ascorbic Acid, Iron Oxides (CI 77491), Titanium Dioxide (CI 77891).",0,167,1.69,0.0,https://www.sephora.com/product/dr-barbara-sturm-brightening-face-cream-P448550?icid2=products%20grid:p448550,1.69,136.09467455621302
Green Tea Moisture-Balancing Emulsion,innisfree,moisturizing-cream-oils-mists,17.0,"Water / Aqua / Eau, Propanediol, Pentaerythrityl Tetraethylhexanoate, 1,2Hexanediol, Hydrogenated Poly(C614 Olefin), C1422 Alcohols, Carbomer, Tromethamine, C1220 Alkyl Glucoside, Fragrance / Parfum, Ethylhexylglycerin, Disodium Edta, Camellia Sinensis Leaf Extract, Glycine Soja (Soybean) Oil, Glucose, Althaea Officinalis Root Extract.",3,1179,5.41,0.0,https://www.sephora.com/product/green-tea-moisture-balancing-emulsion-P449845?icid2=products%20grid:p449845,5.41,3.142329020332717
Snowflower Illuminating Face Oil,Edible Beauty,moisturizing-cream-oils-mists,57.0,"Organic Camellia Oleifera (Camellia) Seed Oil, Organic Melaleuca Alternifolia (Snowflower) Seed Oil,  Organic Simmondsia Chinensis (Jojoba) Seed Oil, Organic Banksia Serrara Seed Oil, Organic Terminalia Ferdinandian (Kakadu) Plum Seed Oil, Organic Kunzea Pomifera (Emu Apple) Seed Oil, Organic Nymphaea Coerulea Flower (Blue Lotus) Extract.",38,3212,1.0,0.0,https://www.sephora.com/product/and-snowflower-illuminating-face-oil-P428644?icid2=products%20grid:p428644,1.0,57.0
Noni Glow Face Balm,KORA Organics,moisturizing-cream-oils-mists,38.0,"Cocos Nucifera (Coconut) Oil*, Helianthus Annuus (Sunflower) Seed Oil*, Beeswax*, Butyrospermum Parkii (Shea) Butter, Copernicia Cerifera (Carnauba) Wax*, Theobroma Grandiflorum Seed Butter*, Rosa Canina Fruit Oil*, Tocopherol, Morinda Citrifolia Fruit Extract*, Calendula Officinalis Flower Extract*, Rosa Damascena Flower Oil*, Glycine Soja (Soybean) Oil*, Quartz, Citronellol**, Geraniol**,  Farnesol**, Citral**, Methyl Eugenol**.    *Ingredient from Organic Farming. **From Essential Oils.",31,4662,0.35,0.0,https://www.sephora.com/product/noni-glow-face-balm-P423738?icid2=products%20grid:p423738,0.35,108.57142857142858
Tarteguard 30 Vegan Sunscreen Lotion Broad Spectrum SPF 30,tarte,moisturizing-cream-oils-mists,32.0,"Butyloctyl Salicylate, CocoCaprylate/Caprate, C1215 Alkyl Benzoate, Caprylic/Capric Triglyceride, Diheptyl Succinate, Polyglyceryl6 Distearate, Propanediol, Jojoba Esters, Glycerin, Pyrus Malus (Apple) Fruit Extract, Polysorbate 20, Polyhydroxystearic Acid, Polymethylsilsesquioxane, Potassium Cetyl Phosphate, Phenoxyethanol, Alumina, Diethylhexyl Syringylidenemalonate, Xanthan Gum, Tocopherols, Glycine Soja (Soybean) Oil, Capryloyl Glycerin/Sebacic Acid Copolymer, Citric Acid, Triethoxycaprylylsilane, Lonicera Caprifolium (Honeysuckle) Flower Extract, Trisodium Ethylenediamine Disuccinate, Chlorphenesin, Fragrance/Parfum, Stearic Acid, Ethylhexylglycerin, Passiflora Edulis Seed Oil, Lonicera Japonica (Honeysuckle) Flower Extract, Algae Extract, Pseudoalteromonas Exopolysaccharides, Sodium Hyaluronate, Sodium Salicylate, Propylene Glycol, Sodium Dehydroacetate",586,27853,0.0,1.7,https://www.sephora.com/product/tarteguard-sunscreen-P395240?icid2=products%20grid:p395240,1.7,18.823529411764707
Tangerine Brightening & Pore-Refining Sleeping Mask,innisfree,moisturizing-cream-oils-mists,26.0,"Propanediol, Citrus Unshiu Peel Extract, Glycerin, Cyclopentasiloxane, Alcohol, Arbutin, Cyclohexasiloxane, Pentaerythrityl Tetraethylhexanoate, Hydrogenated Vegetable Oil, Stearic Acid, Palmitic Acid, Acrylates/C1030 Alkyl Acrylate Crosspolymer, Ammonium Acryloyldimethyltaurate/Vp Copolymer, Polyacrylate13, Dimethicone, Dimethicone/Peg10/15 Crosspolymer, Tromethamine, Phenoxyethanol, Polyisobutene, Glyceryl Caprylate, Fragrance, Ethylhexylglycerin, Disodium Edta, Polysorbate 20, Sorbitan Isostearate, Polymethyl Methacrylate, Myristic Acid, Dextrin, Theobroma Cacao (Cocoa) Extract, Lauric Acid, Butylene Glycol, Protease, Camellia Japonica Leaf Extract, Camellia Sinensis Leaf Extract, Opuntia Coccinellifera Fruit Extract, Orchid Extract, Papain, Peg75.",8,3268,3.38,0.0,https://www.sephora.com/product/tangerine-brightening-pore-refining-sleeping-mask-P449861?icid2=products%20grid:p449861,3.38,7.6923076923076925
Sunshine Oil,MILK MAKEUP,moisturizing-cream-oils-mists,38.0,"Vitis Vinifera (Grape) Seed Oil, Persea Gratissima (Avocado) Oil, Citrus Grandis (Grapefruit) Peel Oil, Citrus Tangerina (Tangerine) Peel Oil, Citrus Nobilis (Mandarin Orange) Peel Oil, Citrus Medica Limonum (Lemon) Peel Oil, Prunus Armeniaca (Apricot) Kernel Oil, Tocopheryl Acetate, Lecithin, Phenoxyethanol, Fragrance",158,12718,0.5,0.0,https://www.sephora.com/product/sunshine-oil-P404793?icid2=products%20grid:p404793,0.5,76.0
Clinique Smart Clinical™ MD Multi-Dimensional Age Transformer Resculpt,CLINIQUE,moisturizing-cream-oils-mists,69.0,"Water\Aqua\Eau, Glycerin, Caprylyl Methicone, Butylene Glycol, Alcohol Denat., Dimethicone, Isododecane, Peg10 Dimethicone, Dipropylene Glycol, Prunus Amygdalus Dulcis (Sweet Almond) Seed Extract, Cucumis Melo (Melon) Fruit Extract, Persea Gratissima (Avocado) Oil, Saccharomyces Lysate Extract, Acetyl Glucosamine, Porphyridium Cruentum Extract, Dipeptide Diaminobutyroyl Benzylamide Diacetate, Acetyl Hexapeptide8 , Palmitoyl Tetrapeptide7, Acetyl Octapeptide3, Cholesterol, Decarboxy Carnosine Hcl, Acetyl Carnitine Hcl, Caffeine, Creatine, Sigesbeckia Orientalis (St. Paul'S Wort) Extract, Palmitoyl Tripeptide1, Polygonum Cuspidatum Root Extract, Centella Asiatica (Hydrocotyl) Extract, Glycine Soja (Soybean) Protein, Ergothioneine, Propylene Glycol Dicaprylate, Peg150 , Lauryl Peg9 Polydimethylsiloxyethyl Dimethicone, Jojoba Esters, Whey Protein\Lactis Protein\Protéine Du PetitLait, Adenosine Phosphate, Tocopheryl Acetate, Lactic Acid, Yeast Extract\Faex\Extrait De Levure, Linoleic Acid, Sodium Hyaluronate, Phytantriol, Glycine Soja (Soybean) Seed Extract , Disteardimonium Hectorite , Propylene Carbonate , Menthanediol, Hydroxypropyl Methylcellulose, Pullulan, Polyquaternium51, Sodium Hydroxide, Calcium Chloride, Carbomer, Sea Whip Extract, Polysorbate 20, Caprylyl Glycol, Tetrahexyldecyl Ascorbate, Citric Acid, Potassium Sulfate, Sodium Hexametaphosphate, Sodium Citrate, Potassium Sorbate, Sodium Benzoate, Phenoxyethanol.",7,216,1.7,0.0,https://www.sephora.com/product/clinique-smart-clinical-md-multi-dimensional-age-transformer-resculpt-P448564?icid2=products%20grid:p448564,1.7,40.588235294117645
Oil-Control Mattifying Mist,Volition Beauty,moisturizing-cream-oils-mists,29.0,"Rosa Centifolia Flower SD Alcohol 40B, AMPAcrylates/Allyl Methacrylate Copolymer, PEG 8, Phenoxyethanol, Caprylyl Glycol, Potassium Sorbate, Hexylene Glycol, Citric Acid, Neopentyl Glycol Diethylhexanoate, Zinc PCA, Glycereth5 Lactate, Sodium Benzoate.",97,7291,1.7,0.0,https://www.sephora.com/product/oil-control-mattifying-mist-P421949?icid2=products%20grid:p421949,1.7,17.058823529411764
Aqua Bomb Mist,belif,moisturizing-cream-oils-mists,34.0,"Alcohol Denat., Propanediol, Glycerin, Betaine, Alchemilla Vulgaris Leaf Extract+, Stellaria Media (Chickweed) Extract+, Nepeta Cataria Extract, Avena Sativa (Oat) Kernel Extract, Rubus Idaeus (Raspberry) Leaf Extract, Calendula Officinalis Flower Extract, Equisetum Arvense Leaf Extract+, Urtica Dioica (Nettle) Leaf Extract+, Baptisia Tinctoria Root Extract, Ceramide NP, Lactobacillus/ Soybean Ferment Extract, Saccharomyces/ Potato Extract Ferment Filtrate, Saccharomyces/ Barley Seed Ferment Filtrate, Butylene Glycol, Dipropylene Glycol, Sodium Citrate, Octyldodeceth 16, Citric Acid, Trisodium EDTA, Hydrogenated Lecithin, Theobroma Grandiflorum Seed Butter, Glyceryl Stearate, PEG10 Phytosterol, PEG100 Stearate, Glycolipids, Behenyl Alcohol, 1,2Hexanediol, Polysorbate 20, PEG40 Hydrogenated Castor Oil, Caprylic/ Capric Triglyceride, Citrus Aurantium Dulcis (Orange) Peel Oil, Pelargonium Graveolens Flower Oil, Rosmarinus Officinalis (Rosemary) Leaf Oil, Citrus Aurantifolia (Lime) Oil, Citral, Citronellol, Limonene, Geraniol.",34,7808,2.02,0.0,https://www.sephora.com/product/aqua-bomb-mist-P435801?icid2=products%20grid:p435801,2.02,16.831683168316832
Hangover Good to Go Skin Protecting SPF 25 Moisturizer,Too Faced,moisturizing-cream-oils-mists,34.0,"C1215 Alkyl Benzoate, Glycerin, Octyldodecyl Neopentanoate, Butylene Glycol, Glyceryl Stearate, PEG100 Stearate, Tocopheryl Acetate, Sodium Hyaluronate, Aloe Barbadensis Leaf Extract, Cinnamomum Zeylanicum Bark Extract, Simmondsia Chinensis (Jojoba) Seed Oil, Sodium Acetate, Beeswax, Ethylhexylglycerin, Inulin, Lactobacillus Ferment, Octyldodecanol, Sarcosine, Yogurt Powder, Cellulose, Acrylates/C1030 Alkyl Acrylate Crosspolymer, Capryloyl Glycine, Steareth20, Hydroxyethylcellulose, Hexylene Glycol, Citric Acid, Sodium Hydroxide, Fragrance, Cocos Nucifera (Coconut) Disodium EDTA, Tetrahexyldecyl Ascorbate, Phenoxyethanol, Potassium Sorbate, Sodium Benzoate.",27,3373,1.4,0.0,https://www.sephora.com/product/hangover-good-to-go-skin-protecting-spf-25-moisturizer-P447126?icid2=products%20grid:p447126,1.4,24.28571428571429
Aqua Reotier Ultra Thirst-Quenching Gel Moisturizer,L'Occitane,moisturizing-cream-oils-mists,29.0,"Propanediol, Glycerin, Sodium Hyaluronate, Acrylates/C1030, Alkyl Acrylate Crosspolymer, Xylitylglucoside, Caprylyl Glycol, Anhydroxylitol, PPG26Buteth26, Xylitol, PEG40 Hydrogenated Castor Oil, Sodium Polyacrylate Starch, Sodium Hydroxide, Sodium Benzoate, Citric Acid, Fragrance, Linalool, Hexyl Cinnamal, Citronellol, Citral, Geraniol, CI 42090/Blue 1",43,3223,1.7,0.0,https://www.sephora.com/product/aqua-reotier-ultra-thirst-quenching-gel-moisturizer-P429939?icid2=products%20grid:p429939,1.7,17.058823529411764
Confidence in a Cream Hydrating Moisturizer Mini,IT Cosmetics,moisturizing-cream-oils-mists,17.0,"Butylene Glycol, Cyclopentasiloxane, Glycerin, Butylene Glycol Dicaprylate/Dicaprate, Ethylhexyl Isononanoate, Hydrogenated Polyisobutene, Caprylic/Capric/Myristic/Stearic Triglyceride, Glyceryl Stearate, Peg100 Stearate, Polyglyceryl3 Methylglucose Distearate, Stearyl Behenate, Dimethicone, Pentaerythrityl Tetraethylhexanoate, Biosaccharide Gum1, Dimethicone/Vinyl Dimethicone Crosspolymer, Cetearyl Alcohol, Palmitic Acid, Stearic Acid, Polyethylene, Peg/Ppg20/15 Dimethicone, Phenyl Methicone, Portulaca Oleracea Extract, Cocos Nucifera (Coconut) Oil, Aloe Barbadensis Leaf Extract, Butyrospermum Parkii (Shea) Butter, Hydroxyethyl Acrylate/Sodium Acryloyldimethyl Taurate Copolymer, Sodium Hyaluronate, Hydrogenated Lecithin, Polyquaternium51, Niacinamide, Hydrolyzed Collagen, Camellia Sinensis Leaf Extract, Tocopheryl Acetate, Carbomer, Peg150 Distearate, Ceramide Ap, Glycosphingolipids, Glyceryl Polymethacrylate, Meadowfoam Estolide, Sorbitan Isostearate, Squalane, Palmitoyl Pentapeptide4, Polysorbate 20, Steareth20, NHydroxysuccinimide, Chrysin, Palmitoyl Tripeptide1, Palmitoyl Tetrapeptide7, Polysorbate 60, Aleuritic Acid, Yeast Extract, Glycoproteins, Betaine, Hydrogenated Polydecene, Ceramide Np, Allantoin, Colloidal Oatmeal, Retinyl Retinoate, Polylactic Acid, Canola Oil, Cholesteryl Nonanoate, Ascorbyl Tetraisopalmitate, Glycyrrhiza Glabra (Licorice) Root Extract, Chamomilla Recutita (Matricaria) Flower Curcuma Longa (Turmeric) Root Extract, Leuconostoc/Radish Root Ferment Filtrate, Eruca Sativa Leaf Extract, Glyceryl Citrate/Lactate/Linoleate/Oleate, Ceteareth20, Hydroxypropyl Bispalmitamide Mea, Glycine Soja (Soybean) Sterols, Melaleuca Alternifolia (Tea Tree) Leaf Oil, Phytosteryl/Isostearyl/Cetyl/Stearyl/Behenyl Dimer Dilinoleate, Santalum Album (Sandalwood) Oil, Chamomilla Recutita (Matricaria) Flower Oil, Caprylhydroxamic Acid, Cetearyl Glucoside, Glucose, Stearyl Stearate, Tromethamine, Citric Acid, 1,2Hexanediol, Chlorhexidine Digluconate, Potassium Sorbate, Dipropylene Glycol, Lavandula Angustifolia (Lavender) Oil, Citrus Paradisi (Grapefruit) Peel Oil, Cymbopogon Citratus Leaf Oil, Pelargonium Graveolens Oil, Citrus Aurantium Dulcis (Orange) Peel Oil, Pogostemon Cablin Oil, Citrus Aurantium Bergamia (Bergamot) Fruit Oil, Ethylhexylglycerin, Caramel, Disodium EDTA, Phenoxyethanol, Caprylyl Glycol, Limonene, Linalool.",28,2112,0.0,0.5,https://www.sephora.com/product/confidence-in-cream-tm-transforming-moisturizing-super-cream-P427641?icid2=products%20grid:p427641,0.5,34.0
Coco Bliss Intensive Repair,Edible Beauty,moisturizing-cream-oils-mists,48.0,"Purified Organic Cocos Nucifera (Coconut) Oil, Theobroma Cacao (Cocoa Butter), Cetearyl Olivate, Butyrospermum Parkii (Shea Butter), Sorbitan Olivate, Organic Camellia Oleifera (Camellia) Seed Oil, Organic Helianthus Annuus (Sunflower) Seed Oil, Niacinamide (Vitamin B3), Sodium Starch Octenyl Succinate, Calcium Pantothenate, Maltodextrin, Sodium Ascorbyl Phosphate, Tocopheryl Acetate, Pyridoxine HCL, Sodium Levulinate, Sodium Anisate, Silica, Euphorbia Cerifera (Candelilla) Wax, Limnanthes Alba (Meadowfoam) Seed Oil, Punica Granatum Extract (Pomegranate), Organic Acronychia Acidula (Lemon Aspen), Vitamin E, Euterpe Oleracea (Acai) Fruit Oil, Organic Glycerin, Glyeryl Caprylate, Pelargonium Asperum (Rose Geranium) Oil, Hyacinthus Orientalis (Hyacinth).",48,3259,1.7,0.0,https://www.sephora.com/product/and-coco-bliss-intensive-repair-P428646?icid2=products%20grid:p428646,1.7,28.235294117647058
Hydra Sebum Control Essence,belif,moisturizing-cream-oils-mists,42.0,"Citrus Unshiu Peel Extract, Dipropylene Glycol, Cyclopentasiloxane, 1,2Hexanediol, Polymethyl Methacrylate, Dimethicone, Glycerin, Triethylhexanoin, Biosaccharide Gum1, Butylene Glycol, Avena Sativa (Oat) Kernel Extract, Calendula Officinalis Flower Extract, Nepeta Cataria Extract, Rubus Idaeus (Raspberry) Leaf Extract, Baptisia Tinctoria Root Extract, *Stellaria Media (Chickweed) Extract, Silica, Acrylates/C1030 Alkyl Acrylate Crosspolymer, Tromethamine, PEG40 Hydrogenated Castor Oil, Sodium Acrylate/Sodium Acryloyldimethyl Taurate Copolymer, Montmorillonite, Hydroxyethyl Acrylate/Sodium Acryloydimethyl Taurate Copolymer, Trisodium EDTA, Isohexadecane, +Fragrance, Citral, Citronnellol, Limonene, Geraniol, Linalool.",64,8575,1.68,0.0,https://www.sephora.com/product/hydra-sebum-control-essence-P394634?icid2=products%20grid:p394634,1.68,25.0
Advanced C Radiance Cream with Vitamin C Collagen Cofactor 10x,LANCER Skincare,moisturizing-cream-oils-mists,90.0,"Cyclopentasiloxane, Ascorbic Acid, Dimethicone Crosspolymer, Butyrospermum Parkii (Shea) Butter, DIC1215 Alkyl Fumarate, Tocopheryl Acetate, Dimethicone, Polysilicone11, Retinol, Bisabolol, Caprylic/Capric Triglyceride, Lavandula Angustifolia (Lavender) Oil, Linalool.",22,2919,1.7,0.0,https://www.sephora.com/product/advanced-c-radiance-cream-vitamin-c-collagen-cofactor-P399751?icid2=products%20grid:p399751,1.7,52.94117647058824
Abeille Royale Night Cream,Guerlain,moisturizing-cream-oils-mists,182.0,"Aqua (Water), Squalane, Propanediol, Glycerin, Diphenylsiloxy Phenyl Trimethicone, Mel (Honey), Jojoba Esters, C1519 Alkane, Theobroma Grandiflorum Seed Butter, Arachidyl Alcohol, Cetyl Alcohol, Stearyl Alcohol, Polyglycerin3, Royal Jelly, Behenyl Alcohol, C1018 Triglycerides, Dimethicone/Phenyl Vinyl Dimethicone Crosspolymer, Phenoxyethanol, Parfum (Fragrance), Decyloxazolidinone, Dimethicone, Sodium Stearoyl Glutamate, Avena Sativa (Oat) Kernel Extract, Arachidyl Glucoside, Hydroxyethyl Acrylate/Sodium Acryloyldimethyl Taurate Copolymer, Acrylates/C1030 Alkyl Acrylate Crosspolymer, Caprylyl Glycol, Tocopheryl Acetate, Polyglyceryl3 Beeswax, Sodium Citrate, Citric Acid, Xanthan Gum, Disodium Edta, Glyceryl Polymethacrylate, Sodium Hydroxide, Centella Asiatica Leaf Extract, Sodium Hyaluronate, Polysorbate 60, Sorbitan Isostearate, Sodium Benzoate, Peg8, Sodium Tocopheryl Phosphate, Hyaluronic Acid, Caramel, Tocopherol, Sodium Lactate, Ci 19140 (Yellow 5), Ci 15985 (Yellow 6), Bht, Palmitoyl Hexapeptide12.",1,459,1.6,0.0,https://www.sephora.com/product/abeille-royale-night-cream-P450935?icid2=products%20grid:p450935,1.6,113.75
Over It Magic Self-Tan Eraser,Isle of Paradise,moisturizing-cream-oils-mists,27.0,"Urea, Sodium Bicarbonate, Ethoxydiglycol, Glycolic Acid, Glycerin, PEG40 Hydrogenated Castor Oil, Phenoxyethanol, Tropaeolum Majus Flower/Leaf/Stem Extract, Aloe Barbadensis Extract*, Citrus Grandis (Grapefruit) Peel Oil*, Eucalyptus Globulus Leaf Oil*, Mentha Piperita (Peppermint) Oil*, Persea Gratissima (Avocado) Oil*, Cocos Nucifera (Coconut) Oil*, Salvia Hispanica Seed Oil*, Salvia Officinalis (Sage) Oil*, Ethylhexylglycerin, Cocamidopropyl Betaine, Tetrasodium EDTA, Sodium Chloride, Fragrance, Sodium Benzoate",15,2195,6.76,0.0,https://www.sephora.com/product/over-it-magic-self-tan-eraser-P431419?icid2=products%20grid:p431419,6.76,3.9940828402366866
Green Tea Moisture-Balancing Cream,innisfree,moisturizing-cream-oils-mists,20.0,"Water / Aqua / Eau, Methyl Trimethicone, Propanediol, Glycerin, Cetyl Ethylhexanoate, Pentaerythrityl Tetraethylhexanoate, Hydrogenated Poly(C614 Olefin), 1,2Hexanediol, C1422 Alcohols, Arachidyl Alcohol, Stearic Acid, Glyceryl Stearate, Butyrospermum Parkii (Shea) Butter, Betaine, Glyceryl Stearate Citrate, Palmitic Acid, Behenyl Alcohol, Hydroxyethyl Acrylate/Sodium Acryloyldimethyl Taurate Copolymer, C1220 Alkyl Glucoside, Arachidyl Glucoside, Fragrance / Parfum, Acrylates/C1030 Alkyl Acrylate Crosspolymer, Glyceryl Caprylate, Tromethamine, Disodium Edta, Ethylhexylglycerin, Camellia Sinensis Leaf Extract, Sorbitan Isostearate, Myristic Acid, Lauric Acid.",5,1306,1.69,0.0,https://www.sephora.com/product/green-tea-moisture-balancing-cream-P449846?icid2=products%20grid:p449846,1.69,11.834319526627219
The Method: Nourish Blemish Control,LANCER Skincare,moisturizing-cream-oils-mists,125.0,"C1215 Alkyl Benzoate, Glycerin, Butylene Glycol, Caprylic/Capric Triglyceride, Glyceryl Stearate, PEG100 Stearate, Stearic Acid, Dimethicone, Cetyl Phosphate, Cetyl Alcohol, Vitis Vinifera (Grape) Juice Extract, Tropaeolum Majus Extract, Syringa Vulgaris (Lilac) Leaf Cell Culture Extract, Melaleuca Alternifolia (Tea Tree) Leaf Oil, Mentha Piperita (Peppermint) Oil, Salicylic Acid, Sodium Hyaluronate Crosspolymer, Dipotassium Glycyrrhizate, Polyglyceryl4 Diisostearate/Polyhydroxystearate/Sebacate, Sodium Isostearate, Ethylhexyl Stearate, Disodium EDTA, Propanediol, Xanthan Gum, Sclerotium Gum, Maltodextrin, Aminomethyl Propanol, Caprylyl Glycol, Decylene Glycol, Ethylhexylglycerin, Phenoxyethanol, Chlorphenesin, Fragrance, Limonene.",8,1761,1.7,0.0,https://www.sephora.com/product/the-method-nourish-blemish-control-P399745?icid2=products%20grid:p399745,1.7,73.52941176470588
Tangerine Brightening & Pore-Refining Moisturizer,innisfree,moisturizing-cream-oils-mists,33.0,"Citrus Unshiu Peel Extract, Cyclopentasiloxane, Propanediol, Glycerin, Butylene Glycol, Cyclohexasiloxane, Arbutin, Cetyl Ethylhexanoate, Hydrogenated Polyisobutene, Hydroxyethyl Acrylate/Sodium Acryloyldimethyl Taurate Copolymer, Cetearyl Alcohol, Dimethiconol, Glyceryl Stearate, Ammonium Acryloyldimethyltaurate/Vp Copolymer, Polyacrylate13, Peg100 Stearate, Phenoxyethanol, Fragrance, Stearic Acid, Polyisobutene, Hydrogenated Lecithin, Glyceryl Caprylate, Polyglyceryl3 Methylglucose Distearate, Ethylhexylglycerin, Disodium Edta, Polysorbate 20, Camellia Japonica Leaf Extract, Camellia Sinensis Leaf Extract, Opuntia Coccinellifera Fruit Extract, Orchid Extract, Sorbitan Isostearate, Ascorbyl Glucoside.",3,1482,1.69,0.0,https://www.sephora.com/product/tangerine-brightening-pore-refining-moisturizer-P449860?icid2=products%20grid:p449860,1.69,19.526627218934912
The Radiance Brightening Vitamin E + Rosehip Seed Facial Oil,BeautyBio,moisturizing-cream-oils-mists,70.0,"Rosa Canina (Rosehip) Fruit Oil, Caprylic/Capric Triglyceride, Oryza Sativa (Rice) Bran Extract, Camelina Sativa Seed Oil, Quartz, Rosmarinus Officinalis (Rosemary) Leaf Extract, Helianthus Annuus (Sunflower) Extract, Zingiber Officinale (Ginger) Root Extract, Spilanthes Acmella Flower Bud Extract, Tocopherol, Glycerin, Bisabolol, Xanthan Gum, Fragrance, Limonene, Citral, Benzyl Benzoate, Linalool, Geraniol, Hexyl Cinnamal, Farnesol, AlphaIsomethyl Ionone, Coumarin, Butylphenyl Methylpropional, Citronellol.",9,1866,1.0,0.0,https://www.sephora.com/product/the-radiance-brightening-vitamin-e-rosehip-seed-facial-oil-P438629?icid2=products%20grid:p438629,1.0,70.0
Essential Fx Acyl-Glutathione Rejuvenating Moisturizer,Perricone MD,moisturizing-cream-oils-mists,98.0,"Ethylhexyl Palmitate, Glycerin, Dimethicone, Cetearyl Alcohol, Glyceryl Stearate, Polysorbate 60, Palmitoyl Glycine, SPalmitoylglutathione, Tetrahexyldecyl Ascorbate, PEG100 Stearate, Ribose, Lactic Acid, Linum Usitatissimum (Linseed) Seed Oil, Macadamia Ternifolia Seed Oil, Phospholipids, Polyglyceryl10 Stearate, Ethylhexylglycerin, Salvia Hispanica Seed Oil, Tocopherol, Helianthus Annuus (Sunflower) Seed Oil, Rosmarinus Officinalis (Rosemary) Leaf Extract, Tetrasodium Glutamate Diacetate, Sodium Hydroxide, Polyacrylamide, Sodium Acrylates Copolymer, Polysilicone11, Hydrogenated Polyisobutene, C1314 Isoparaffin, Laureth7, Phenoxyethanol, Fragrance, Citronellol, Hydroxycitronellal, Limonene, Linalool.",145,1357,1.0,0.0,https://www.sephora.com/product/essential-fx-acyl-glutathione-rejuvenating-moisturizer-P433952?icid2=products%20grid:p433952,1.0,98.0
Hidden Glow Brightening Cream,Wander Beauty,moisturizing-cream-oils-mists,40.0,"Water/Eau/Aqua, Glycerin, Cyclopentasiloxane, Dipropylene Glycol, Caprylic/Capric Triglyceride, Dimethicone, Titanium Dioxide, Squalane, Synthetic Fluorphlogopite, Hydroxyethyl Acrylate/Sodium Acryloyldimethyl Taurate Copolymer, Diisostearyl Malate, Phenoxyethanol, Acrylates/C1030 Alkyl Acrylate Crosspolymer, Carbomer, Sodium Acrylate/Sodium Acryloyldimethyl Taurate Copolymer, Potassium Hydroxide, Isohexadecane, Ethylhexylglycerin, Lavandula Hybrida Oil, Xanthan Gum, Lavandula Angustifolia (Lavender) Oil, Adenosine, Polysorbate 60, Sorbitan Isostearate, Polysorbate 80, Centella Asiatica Extract, Disodium Edta, Tin Oxide, Hippophae Rhamnoides Fruit Extract, Butylene Glycol, Camellia Japonica Flower Extract, Oenothera Biennis (Evening Primrose) Flower Extract, Rubus Fruticosus (Blackberry) Fruit Extract, Sambucus Nigra Fruit Extract, Vaccinium Macrocarpon (Cranberry) Fruit Extract, Aureobasidium Pullulans Ferment, Madecassoside, Ascorbic Acid.",0,169,1.69,0.0,https://www.sephora.com/product/wander-beauty-hidden-glow-brightening-cream-P453900?icid2=products%20grid:p453900,1.69,23.668639053254438
Screen Time Hydrating Mist,Volition Beauty,moisturizing-cream-oils-mists,29.0,"Carthamus Tinctorius (Safflower) Seed Oil, Propanediol, Glycerin, Fructose, Withania Somnifera (Indian Ginseng) Flower Extract, Tagetes Erecta (Marigold) Flower Extract, Helianthus Annuus (Sunflower) Seed Oil, Salvia Hispanica (Chia) Seed Oil, Rosa Canina Fruit (Rosehip) Oil, Panthenol, Aloe Barbadensis Leaf Juice, Magnesium Aspartate, Zinc Gluconate, Copper Gluconate, Lavandula Angustifolia (Lavender) Flower/Leaf/Stem Extract, Camellia Sinensis (Green Tea) Leaf Extract, Pyrus Malus (Apple) Fruit Extract, Rosmarinus Officinalis (Rosemary) Leaf Extract, Rubus Idaeus (Raspberry) Leaf Extract, Salvia Officinalis (Sage) Leaf Extract, Ethylhexylglycerin, Citric Acid, Hydroxyacetophenone, Triethyl Citrate, Sodium Chloride, Potassium Sorbate.",103,2809,1.7,0.0,https://www.sephora.com/product/screen-time-hydrating-mist-P450592?icid2=products%20grid:p450592,1.7,17.058823529411764
Wrinkle Revenge Rescue & Protect Facial Cream,DERMAdoctor,moisturizing-cream-oils-mists,58.0,"Cetearyl Alcohol, Santalum Album (Sandalwood) Wood Extract, Phellodendron Amurense (Amur Corktree) Bark Extract, Hordeum Distichon (Barley) Extract, Butylene Glycol, Cetearyl Methicone, Dimethicone, Linoleic Acid, Glycine Soja (Soybean) Sterols, Phospholipids, Polyglyceryl2 Stearate, Glucosamine HCL, Algae Extract, Yeast Extract, Urea, Glycerin, Carbomer, Polysorbate 20, Palmitoyl Hexapeptide12, Palmitoyl Tetrapeptide3, Squalane, C1215 Alkyl Benzoate, Tribehenin, Ceramide2, PEG10 Phytosterol, Vitis Vinifera (Grape) Seed Oil, Punica Granatum (Pomegranate) Extract, Camellia Sinensis (White Tea) Leaf Extract, Hydrogenated Lecithin, Tocopheryl Acetate, Tetrahexyldecyl Ascorbate, Xanthan Gum, Ammonium Acryloyldimethyltaurate/VP Copolymer, Sodium Hydroxide, Phenoxyethanol, Methylparaben, Ethylparaben, Propylparaben, Butylparaben, Isobutylparaben.",96,1591,1.7,0.0,https://www.sephora.com/product/wrinkle-revenge-rescue-protect-facial-cream-P102503?icid2=products%20grid:p102503,1.7,34.11764705882353
Pore Cleaner Moisturizer,belif,moisturizing-cream-oils-mists,32.0,Dandelion Extract: Antioxidant known for its soothing properties.,52,5605,4.22,0.0,https://www.sephora.com/product/pore-cleaner-moisturizer-P431844?icid2=products%20grid:p431844,4.22,7.5829383886255926
Hydrating Oil,Anastasia Beverly Hills,moisturizing-cream-oils-mists,45.0,"Simmondsia Chinensis (Jojoba) Seed Oil, Cyclopentasiloxane, Rosa Canina Fruit Oil, Borago Officinalis Seed Oil, Limnanthes Alba (Meadowfoam) Seed Oil, Ribes Nigrum (Black Currant) Seed Oil, Caprylic/Capric Triglyceride, Brassica Campestris (Rapeseed) Seed Oil, Lavandula Angustifolia (Lavender) Oil, Santalum Austrocaledonicum Wood Oil, Rosa Damascena Flower Oil, Levisticum Officinale Oil, Boswellia Carterii Gum Extract, Tocotrienols, Elaeis Guineensis (Palm) Oil, Althaea Officinalis Leaf Extract, Camellia Sinensis Leaf Extract, Melissa Officinalis Leaf Extract, Vaccinium Myrtillus Leaf Extract, Tocopherol, Squalene, BetaSitosterol, Citronellol, Geraniol, Limonene, Linalool.",10,1376,1.0,0.0,https://www.sephora.com/product/hydrating-oil-P449150?icid2=products%20grid:p449150,1.0,45.0
Complexion Perfecting Hydrator,Proactiv,moisturizing-cream-oils-mists,60.0,"Butylene Glycol, Cetearyl Alcohol, Dimethicone, Sodium Polyacrylate, Scutellaria Baicalensis Root Extract, Sophora Angustifolia Root Extract, Morus Alba Root Extract, Glycyrrhiza Glabra (Licorice) Root Extract, Arctostaphylos Uva Ursi Leaf Extract, Kojic Acid, Zinc Gluconate, AlphaGlucan Oligosaccharide, Sodium Hyaluronate, Bisabolol, Allantoin, Squalane, Safflower Oil/Palm Oil Aminopropanediol Esters, C1215 Alkyl Lactate, Caprylic/Capric Triglyceride, Caprylyl Glycol, Ethylhexylglycerin, Glycerin, Ethylhexyl Palmitate, Hydrogenated Polydecene, Hydroxypropyl Cyclodextrin, PPG5Laureth5, Polyquaternium11, Ceteareth20, Aluminum Starch Octenylsuccinate, Polysorbate 60, Hexylene Glycol, PPG2 Myristyl Ether Propionate, Sodium Hydroxide, Disodium EDTA, Phenoxyethanol, Fragrance.",75,1518,3.0,0.0,https://www.sephora.com/product/complexion-perfecting-hydrator-P440063?icid2=products%20grid:p440063,3.0,20.0
Énergie de Vie The Smoothing & Plumping Water-Infused Cream,Lancôme,moisturizing-cream-oils-mists,57.0,"Glycerin, Cyclohexasiloxane, Squalane, BisPEG18 Methyl Ether Dimethyl Silane, Sucrose Stearate, Stearyl Alcohol, PEG8 Stearate, Urea, Myristyl Myristate, Pentaerythrityl Tetraethylhexanoate, Tocopherol, Alcohol, Lycium Barbarum Fruit Extract, Lactic Acid, Sodium Hydroxide, Hydroxypalmitoyl Sphinganine, Sodium Benzoate, Phenoxyethanol, Olea Europaea Oil/Olive Fruit Oil, Stearic Acid, Chlorphenesin, Palmitic Acid, Melissa Officinalis Leaf Oil, Tamarindus Indica Seed Gum, Limonene, Xanthan Gum, Pentaerythrityl TetraDiTButyl Hydroxyhydrocinnamate, Pentylene Glycol, Gentiana Lutea Root Extract, Dioscorea Villosa Root Extract/Wild Yam Root Extract, Persea Gratissima Oil/Avocado Oil, Acrylates/C1030 Alkyl Acrylate Crosspolymer, Carbomer, Myristic Acid, Myristyl Alcohol, Disodium EDTA, Cetyl Alcohol, Methylparaben, BHT, Potassium Sorbate, Citral, Citronellol, Prunus Armeniaca Kernel Oil/Apricot Kernel Oil, Prunus Amygdalus Dulcis Oil/Sweet Almond Oil, Hexyldecanol, Glyceryl Stearate, Oryza Sativa Bran Oil/Rice Bran Oil, Fragrance.",82,4333,1.7,0.0,https://www.sephora.com/product/energie-de-vie-smoothing-plumping-water-infused-cream-P409978?icid2=products%20grid:p409978,1.7,33.529411764705884
The Ultimate Hydrating Vitamin C Facial Moisturizer,BeautyBio,moisturizing-cream-oils-mists,75.0,"Carthamus Tinctorius (Safflower) Seed Oil, Sodium Ascorbyl Phosphate, Glycerin, Caprylic/Capric Triglyceride, Cetyl Alcohol, Dimethicone, Cetearyl Alcohol, Ppg2 Myristyl Ether Propionate, Aesculus Hippocastanum (Horse Chestnut) Extract, Potassium Cetyl Phosphate, Glyceryl Caprylate, Polysorbate 60, Sodium Lactate, Behentrimonium Methosulfate, Carbomer, Cyclohexasiloxane, Cyclopentasiloxane, Chlorphenesin, Acrylates/C1030 Alkyl Acrylate Crosspolymer, Fragrance, Acetyl Hexapeptide8, Cetearyl Olivate, Lecithin, Lysolecithin, Lysophosphatidic Acid, Potassium Sorbate, Sorbitan Olivate, Tocopheryl Acetate, Retinyl Palmitate, Glyceryl Undecylenate.",9,1575,1.7,0.0,https://www.sephora.com/product/the-ultimate-hydrating-vitamin-c-facial-moisturizer-P438633?icid2=products%20grid:p438633,1.7,44.11764705882353
All Day Body Hydrator,SEPHORA COLLECTION,moisturizing-cream-oils-mists,17.0,"Aqua (Water), C1018 Triglycerides, Glycerin, Butyrospermum Parkii Butter (Butyrospermum Parkii (Shea Butter)), Isocetyl Stearate, Glyceryl Stearate, Neopentyl Glycol Diheptanoate, Isopropyl Myristate, Mangifera Indica (Mango) Seed Butter, Butylene Glycol, Glyceryl Stearate Citrate, Hydroxyethyl Acrylate/Sodium Acryloyldimethyl Taurate Copolymer, Hydroxyacetophenone, Parfum (Fragrance), Squalane, Acacia Senegal Gum, Maltodextrin, OCymen5Ol, Sodium Acrylates Copolymer, Xanthan Gum, Polysorbate 60, Sorbitan Isostearate, Lecithin, Biosaccharide Gum1, Tocopherol, Helianthus Annuus (Sunflower) Seed Oil, Citric Acid.",8,863,0.0,0.0,https://www.sephora.com/product/sephora-collection-all-day-body-hydrator-P455219?icid2=products%20grid:p455219,2.0673014048531417,8.223280824020751
Make A Difference™ Plus + Rejuvenating Treatment,Origins,moisturizing-cream-oils-mists,47.5,* Essential Oil,96,4711,1.7,0.0,https://www.sephora.com/product/make-a-difference-trade-plus-43-rejuvenating-treatment-P376633?icid2=products%20grid:p376633,1.7,27.941176470588236
Météorites Oxygen Care Moisturizer & Radiance Booster,Guerlain,moisturizing-cream-oils-mists,75.0,* Essential Oil,41,4022,0.0,0.0,https://www.sephora.com/product/meteorites-oxygen-care-moisturizer-radiance-booster-P397929?icid2=products%20grid:p397929,2.0673014048531417,36.2791801059739
Glow Getter Mist,Wander Beauty,moisturizing-cream-oils-mists,28.0,"Olea Europaea (Olive) Fruit Oil, Dipropylene Glycol, Butylene Glycol Propolis Extract, Niacinamide, Argania Spinosa Kernel Oil, Betaine, Sodium Hyaluronate, PEG/PPG17/6 Copolymer, Panthenol, Carthamus Tinctorius (Safflower) Seed Oil, Persea Gratissima (Avocado) Oil, Oenothera Biennis (Evening Primrose) Oil, Rosa Canina Fruit Oil, Simmondsia Chinensis (Jojoba) Seed Oil, Macadamia Intergrifolia Seed Oil, Ficus Carica (Fig) Fruit Glacier Aloe Barbadensis Leaf Extract, Hibiscus Esculentus Fruit Extract, Viola Mandshurica Flower Extract, Glycerin, 1,2Hexanediol, Caprylyl Glycol, Illicum Verum (Anise) Fruit Extract, Adenosine, Pelargonium Graceolens Flower Oil, Cymbopogon Martini Oil,. Cananga Odorata Flower Oil, Citrus Aurantium Bergamia (Bergamot) Peel Oil, Rosa Damascene Flower Oil, Rose Flower Oil, Tagetes Minuta Flower Oil, Mentha Arvensis Leaf Oil, Elettaria Cardamomum Seed Oil, Thymus Vulgaris (Thyme) Oil, Eugenia Caryophyllus (Close) Leaf Oil, Melaleuca Alternifolia (Tea Tree) Leaf Oil, Vetiveria Zizanoides Root Oil, Cymbopogon Schoenanthus Oil, Lavendula Angustifolia (Lavender) Oil, Citrus Limon (Lemon) Peel Oil, Citrus Aurantium Dulci (Orange) Peel Oil.",29,5274,2.029,0.0,https://www.sephora.com/product/glow-getter-mist-P416789?icid2=products%20grid:p416789,2.029,13.799901429275506
Glow Body Cream,SEPHORA COLLECTION,moisturizing-cream-oils-mists,17.0,"Aqua (Water), Caprylic/Capric Triglyceride, C1018 Triglycerides, Butyrospermum Parkii Butter (Butyrospermum Parkii (Shea Butter)), Glycerin, Polyglyceryl3 Distearate, Octyldodecyl Myristate, Mica, CI 77891 (Titanium Dioxide), Moringa Oleifera Seed Oil, Rosa Damascena Flower Parfum (Fragrance), Sorbitan Caprylate, Polyacrylate Crosspolymer6, Cetearyl Alcohol, Propanediol, Glyceryl Stearate Citrate, Carbomer, Benzoic Acid, Sodium Hydroxide, Citric Acid, Potassium Sorbate, Sodium Benzoate.",3,881,0.0,0.0,https://www.sephora.com/product/sephora-collection-glow-body-cream-P455220?icid2=products%20grid:p455220,2.0673014048531417,8.223280824020751
WASO: Fresh Jelly Essence,Shiseido,moisturizing-cream-oils-mists,32.0,"Dipropylene Glycol, Butylene Glycol, Glycerin, Betaine, Erythritol, Trehalose, PEG/PPG14/7 Dimethyl Ether, Phenoxyethanol, Hydrogenated Dimer Dilinoleyl PEG44/Poly(1,2Butanediol)15 Dimethyl Ether, PEG240/HDI Copolymer BisDecyltetradeceth20 Ether, Carbomer, Lauryl Betaine, Fragrance, Dipotassium Glycyrrhizate, Potassium Hydroxide, Disodium Edta, Limonene, Hexyl Cinnamal, Butylphenyl Methylpropional, Benzyl Benzoate, Linalool, Lamium Album Flower/Leaf/Stem Extract, Sodium Benzoate, BHT, Tremella Fuciformis Polysaccharide, Tocopherol.",16,3224,5.0,0.0,https://www.sephora.com/product/waso-fresh-jelly-lotion-P421773?icid2=products%20grid:p421773,5.0,6.4
Gentle Comfort Hydrating Cream for Sensitive Skin,Primera,moisturizing-cream-oils-mists,35.0,"Butylene Glycol, Glycerin, Butylene Glycol Dicaprylate/Dicaprate, Pentaerythrityltetraisostearate, Squalane, Cetyl Ethylhexanoate, Dicaprylyl Ether, Behenyl Alcohol, Stearic Acid,Hydroxypropyl Bispalmitamide Mea, C1422 Alcohols, Hydroxypropyl Bislauramide Mea, Arachidyl Alcohol, Cholesterol,1,2Hexanediol, Polyacrylate13, C1220 Alkyl Glucoside, Arachidyl Glucoside, Polyisobutene, Glyceryl Caprylate,Carbomer, Tromethamine, Ethylhexylglycerin, Polysorbate 20, Sorbitan Isostearate, Ceramide Np, Glucose,Tocopherol, Glycoproteins, Glycine Soja (Soybean) Oil.",6,889,1.0,0.0,https://www.sephora.com/product/primera-gentle-comfort-hydrating-cream-for-sensitive-skin-P447183?icid2=products%20grid:p447183,1.0,35.0
Green Releaf CBD Calming Face Oil,Peter Thomas Roth,moisturizing-cream-oils-mists,90.0,"Persea Gratissima (Avocado) Oil, Vitis Vinifera (Grape) Seed Oil, Salvia Hispanica Seed Oil, Rubus Fruticosus (Blackberry) Seed, C912 Alkane, Tocopheryl Acetate, Cucumis Sativus (Cucumber) Seed Oil, Bisabolol, Echium Plantagineum Seed Oil, Cannabidiol (CBD), Distilled Hemp Oil, Cannabis Sativa Seed Oil, Tocopherol, Zingiber Officinale (Ginger) Root Extract, Rosmarinus Officinalis (Rosemary) Leaf Extract, Helianthus Annuus (Sunflower) Seed Oil, Ceramide NP, Allantoin, Avena Sativa (Oat) Kernel Extract, Daucus Carota Sativa (Carrot) Extract, Melia Azadirachta Leaf Extract, Caprylic/Capric Triglyceride, CocoCaprylate/Caprate, Phenoxyethanol, Polysorbate 20, Sodium Benzoate, Potassium Sorbate, Lecithin, Ascorbyl Palmitate, Glyceryl Stearate, Glyceryl Oleate, Citric Acid, Glycerin, Sorbitol, Laminaria Digitata Extract, Gluconolactone, Xanthan Gum, Caprylyl Glycol, Diatomaceous Earth, Disodium EDTA, Glyceryl Caprylate, Yellow 11 (CI 47000), Violet 2 (CI 60725), Green 6 (CI 61565).",1,398,1.0,0.0,https://www.sephora.com/product/green-releaf-cbd-calming-face-oil-P448911?icid2=products%20grid:p448911,1.0,90.0
pores no more® Mattifying Hydrator Pore Minimizing Gel,Dr. Brandt Skincare,moisturizing-cream-oils-mists,48.0,"Dimethicone, Polysilicone11, Dimethicone/Divinyldimethicone/Silsesquioxane Crosspolymer, Butylene Glycol, Propanediol, Barium Sulfate, Polysorbate 20, Polymethylsilsesquioxane, Sodium Pca, Glycerin, Phenoxyethanol, Isohexadecane, Alcohol Denat., Carbomer, Tocopheryl Acetate, Ammonium Polyacryloyldimethyl Taurate, Tromethamine, Sodium Acrylates Copolymer, Sorbitol, Xanthan Gum, Titanium Dioxide (Ci77891), Lecithin, Polysorbate 80, Iris Florentina Root Extract, Mica, Ethylhexylglycerin, Zinc Sulfate, Retinyl Palmitate, Saccharide Isomerate, Polyglutamic Acid, Diatomaceous Earth, Methylsilanol Mannuronate, Caprylyl Glycol, Disodium EDTA, Glyceryl Caprylate, Tin Oxide (Ci77861).",32,3205,1.7,0.0,https://www.sephora.com/product/pores-no-more-mattifying-hydrator-pore-minimizing-gel-P429661?icid2=products%20grid:p429661,1.7,28.235294117647058
Alpine Berry Water Oil-Free Gel Moisturizer,Primera,moisturizing-cream-oils-mists,40.0,"Glycerin, Propanediol,Silica, 1,2Hexanediol, Sodium Acrylate/Vinyl Alcohol Copolymer, Acrylates/C1030 Alkyl Acrylate Crosspolymer,Butylene Glycol, Tromethamine, Sodium Acrylic Acid/Ma Copolymer, Artemisia Princeps Leaf Fragrance / Parfum,Glyceryl Caprylate, Hydroxyethyl Acrylate/Sodium Acryloyldimethyl Taurate Copolymer, Disodium Edta,Ethylhexylglycerin, Caprylyl Glycol, Sorbitan Isostearate, Rubus Fruticosus (Blackberry) Fruit Extract, Hydrolyzedcorn Starch, Pinus Sylvestris Leaf Extract, Fragaria Vesca (Strawberry) Leaf Extract, Tocopherol.",23,2721,1.5,0.0,https://www.sephora.com/product/primera-alpine-berry-water-oil-free-gel-moisturizer-P447188?icid2=products%20grid:p447188,1.5,26.666666666666668
Bird's Nest Blurring Beauty Mousse Foundation,Pretty Vulgar,moisturizing-cream-oils-mists,36.0,"Cyclopentasiloxane, Isododecane, Polysilicone11, Zinc Oxide, Polymethylsilsesquioxane, Hexyl Laurate, PEG10 Dimethicone, Polyglyceryl4 Isostearate, Alumina, Stearic Acid, Cetyl PEG/PPG10/1 Dimethicone, Triethoxycaprylylsilane, Cyclotetrasiloxane, Dipalmitoyl Hydroxyproline, Helianthus Annuus (Sunflower) Seed Oil, Daemonorops Draco Extract, Tocopheryl Acetate, [May Contain +/: Titanium Dioxide (CI 77891), Mica (CI 77019), Iron Oxides (CI 77492, CI 77491, CI 77499)].",27,7529,1.0,0.0,https://www.sephora.com/product/birds-nest-blurring-beauty-mousse-P419268?icid2=products%20grid:p419268,1.0,36.0
Vital-Ice Cream,KENZOKI,moisturizing-cream-oils-mists,59.0,"Glycerin, Dimethylsilanol Hyaluronate, Isononyl Isononanoate, Hydrogenated Polyisobutene, Methylsilanol Hydroxyproline Aspartate, Carbomer, Silanediol Salicylate, Zingiber Officinale (Ginger) Stearyl Heptanoate, Fragrance, Avena Sativa (Oat) Kernel Extract, Scutellaria Baicalensis Root Extract, Alpinia Speciosa Leaf Extract, Sodium Hydroxide, Butylene Glycol, Hydrogenated Polydecene, 1,2Hexanediol, Caprylyl Glycol, EDTA, Potassium",5,416,1.7,0.0,https://www.sephora.com/product/vital-ice-cream-P399713?icid2=products%20grid:p399713,1.7,34.705882352941174
Exceptionoil,Go-To ,moisturizing-cream-oils-mists,39.0,"Monoi De Tahiti 60% (Coconut Oil, Gardenia Tahitensis Flower Extract, Mixed Tocopherol), Sweet Almond Oil, Cocoa Butter, Jojoba Oil, Jojoba Butter, Mango Butter, Beeswax, Shea Butter, Karanja Oil, Fragrance (Monoi Tiare), Sunflower Oil, Avocado Oil, Rosehip Oil, Calendula Oil, Evening Primrose Oil, Hemp Seed Oil, Tocopherol, Totarol, Rosemary Leaf Extract (Antioxidant).",15,1960,2.87,0.0,https://www.sephora.com/product/exceptionoil-P432266?icid2=products%20grid:p432266,2.87,13.588850174216027
VOLCASMIC™ Matte Glow Moisturizer,GLAMGLOW,moisturizing-cream-oils-mists,49.0,"Cyclopentasiloxane, Ceresin, Glycerin, Dimethicone, Peg10 Dimethicone, Propanediol, Volcanic Sand, Solanum Lycopersicum (Tomato) Leaf Cell Culture Extract, Daphne Odora Callus Extract, Opuntia FicusIndica Callus Culture Extract, Opuntia FicusIndica Stem Extract, Ethylhexylglycerin, C1215 Alkyl Benzoate, Benzyl Benzoate, Silica, Sorbitan Olivate, Panthenol, Distearyldimonium Chloride, Disteardimonium Hectorite, Sodium Chloride, Caprylyl Glycol, Cetyl Alcohol, Fragrance, Citral, Linalool, Limonene, Disodium Edta, Phenoxyethanol <iln43389></iln43389>",608,28145,1.7,0.0,https://www.sephora.com/product/volcasmic-matte-glow-moisturizer-P94325757?icid2=products%20grid:p94325757,1.7,28.823529411764707
Time Retreat Intensive Night Cream,Eve Lom,moisturizing-cream-oils-mists,140.0,"Propanediol, Isoamyl Laurate, Isononyl Isononanoate, Butyrospermum Parkii (Shea Butter), Cetearyl Alcohol, Glycerin, Betaine, Dimethicone, Phytosteryl/Octyldodecyl Lauroyl Glutamate, Trimethylpentanediol/Adipic Acid Copolymer, Phenoxyethanol, Cetearyl Glucoside, Glyceryl Dibehenate, Hydroxyethyl Acrylate/Sodium Acryloyldimethyl Taurate Copolymer, Tribehenin, Lecithin, Pentylene Glycol, Glyceryl Stearate Se, Inulin Lauryl Carbamate, Squalane, Glyceryl Behenate, Allantoin, Hydrolyzed Hyaluronic Acid, Lysolecithin, Sclerotium Gum, Citrus Aurantium Bergamia (Bergamot) Fruit Oil, Tocopheryl Acetate, Xanthan Gum, Disodium Edta, Sodium Hyaluronate, Tocopherol, Alcohol, Polysorbate 20, Retinol, Lavandula Angustifolia (Lavender) Oil, Polysorbate 60, Pullulan, Aloe Barbadensis Leaf Juice, Caprylyl Glycol, Decylene Glycol, Tephrosia Purpurea Seed Extract, Limonene, Linalool, Sorbitan Isostearate, Dipeptide Diaminobutyroyl Benzylamide Diacetate, Potassium Phosphate, Silica, Sodium Hydroxide, Cupressus Sempervirens Oil, Salvia Sclarea (Clary) Oil, Anthemis Nobilis Flower Oil, Carum Petroselinum (Parsley) Seed Oil, Commiphora Myrrha Oil, Santalum Album (Sandalwood) Oil, Citric Acid.",1,633,1.7,0.0,https://www.sephora.com/product/time-retreat-intensive-night-cream-P419818?icid2=products%20grid:p419818,1.7,82.3529411764706
Vitamin C Suncare Broad Spectrum SPF 30 Sunscreen,Obagi Clinical,moisturizing-cream-oils-mists,58.0,"3% Avobenzone 8% Homosalate, 5% Octisalate, 3% Avobenzone, 3% Oxybenzone, 2.79% Octocrylene, ascorbic acid, citrus grandis (grapefruit) peel extract, dimethicone, dimethicone crosspolymer, fragrance, octoxynol10.",53,1055,1.7,0.0,https://www.sephora.com/product/vitamin-c-suncare-broad-spectrum-spf-30-sunscreen-P439428?icid2=products%20grid:p439428,1.7,34.11764705882353
Clinique Smart Clinical™ MD Multi-Dimensional Age Transformer Revolumize,CLINIQUE,moisturizing-cream-oils-mists,69.0,"Water\Aqua\Eau, Butylene Glycol, Butyrospermum Parkii (Shea Butter), Cetearyl Alcohol, Hydrogenated Polyisobutene, Phenyl Trimethicone, Sucrose, Glycerin, Polyglyceryl3 Beeswax, Cetyl Esters, Isostearyl Neopentanoate, Peg100 Stearate, Hdi/Trimethylol Hexyllactone Crosspolymer, Cetearyl Glucoside, Acetyl Glucosamine, Sigesbeckia Orientalis (St. Paul'S Wort) Extract, Yeast Extract\Faex\Extrait De Levure, Methyl Glucose Sesquistearate, Centaurium Erythraea (Centaury) Extract, Micrococcus Lysate, Polysilicone11, Acetyl Octapeptide3, Acetyl Hexapeptide8, Ergothioneine, Biotin, Whey Protein\Lactis Protein\Protéine Du PetitLait, Ursolic Acid, Dipeptide Diaminobutyroyl Benzylamide Diacetate, Glycine Soja (Soybean) Protein, Tocopheryl Acetate, Camellia Sinensis Leaf Extract, Isoleucine, Saccharomyces Ferment Filtrate, Leucine, Soy Amino Acids, Carbomer, Polymethyl Methacrylate, Hydroxyethyl Urea, Caffeine, Caprylyl Glycol, Pyrus Malus (Apple) Fruit Extract, Polybutene, Hydrolyzed Soy Protein, Dimethicone, Sodium Hyaluronate, Linoleic Acid, Stearic Acid, Aminomethyl Propanol, Adenosine Phosphate, Acetyl Carnitine Hcl, Creatine, Menthanediol, Lecithin, Aminopropyl Ascorbyl Phosphate, Silica, 1,2Hexanediol, Calcium Chloride, Hydroxyethylcellulose, Sodium Citrate, Citric Acid, Disodium Edta, Potassium Sorbate, Bht, Sodium Benzoate, Sodium Dehydroacetate, Phenoxyethanol, Ext. Violet 2 (Ci 60730), Red 33 (Ci 17200).",6,312,1.7,0.0,https://www.sephora.com/product/clinique-smart-clinical-md-multi-dimensional-age-transformer-revolumize-P448563?icid2=products%20grid:p448563,1.7,40.588235294117645
Ultra Repair Cream Rosemary Mint,First Aid Beauty,moisturizing-cream-oils-mists,34.0,"Stearic Acid, Glycerin, C1215 Alkyl Benzoate, Caprylic/Capric Triglyceride, Glyceryl Stearate SE, Glyceryl Stearate, Cetearyl Alcohol, Butyrospermum Parkii (Shea) Butter, Squalane, Dimethicone, Colloidal Oatmeal, Allantoin, Rosmarinus Officinalis (Rosemary) Leaf Oil, Mentha Arvensis Extract, Lavandula Hybrida Oil, Glycyrrhiza Glabra (Licorice) Root Extract, Chrysanthemum Parthenium (Feverfew) Extract, Camellia Sinensis Leaf Extract, Ceramide NP, Caprylyl Glycol, Phenoxyethanol, Xanthan Gum, Sodium Hydroxide, Disodium EDTA, Linalool.",5,1188,6.0,0.0,https://www.sephora.com/product/ultra-repair-cream-rosemary-mint-P445926?icid2=products%20grid:p445926,6.0,5.666666666666667
Nourish Daily Moisturizer,Kate Somerville,moisturizing-cream-oils-mists,65.0,"Ethylhexyl Palmitate, Glycerin, Glyceryl Stearate, PEG100 Stearate, Myristyl Myristate, Butylene Glycol, Palmitoyl Tripeptide1, Palmitoyl Tetrapeptide7, Adenosine, Tocopherol, Retinyl Palmitate, Tetrahexyldecyl Ascorbate, Lavandula Angustifolia (Lavender) Oil, Helianthus Annuus (Sunflower) Seed Oil, Camellia Oleifera Leaf Extract, Citrus Aurantium Dulcis (Orange) Oil, Lavandula Angustifolia (Lavender) Flower/Leaf/Stem Extract, Zingiber Officinale (Ginger) Root Extract, Phenoxyethanol, Cetearyl Ethylhexanoate, Decyl Oleate, Acrylates/C1030 Alkyl Acrylate Crosspolymer, Xanthan Gum, Aminomethyl Propanol, Ethylhexylglycerin, Disodium EDTA, Citric Acid, Carbomer, Polysorbate 20.",270,8551,1.7,0.0,https://www.sephora.com/product/nourish-daily-moisturizer-P232901?icid2=products%20grid:p232901,1.7,38.23529411764706
Ultra Repair Cream Cucumber Melon,First Aid Beauty,moisturizing-cream-oils-mists,34.0,"Stearic Acid, Glycerin, C1215 Alkyl Benzoate, Caprylic/Capric Triglyceride, Glyceryl Stearate, Glyceryl Stearate SE, Cetearyl Alcohol, Butyrospermum Parkii (Shea) Butter,Dimethicone, Squalane, Chrysanthemum Parthenium (Feverfew) Extract, Glycyrrhiza Glabra (Licorice) Root Extract, Allantoin, Camellia Sinensis (White Tea) Leaf Extract, Caprylyl Glycol, Ceramide NP, Colloidal Oatmeal, Cucumis Melo (Melon) Fruit Extract, Cucumis Sativus (Cucumber) Fruit Extract, Disodium EDTA, Leuconostoc/Radish Root Ferment Filtrate, Phenoxyethanol, Prunus Armeniaca (Apricot) Fruit Extract, Pyrus Malus (Apple) Fruit ExtractRose Extract, Rubus Idaeus (Raspberry) Fruit Extract, Santalum Album (Sandalwood) Wood Extract, Sodium Hydroxide, Xanthan Gum.",10,1207,6.0,0.0,https://www.sephora.com/product/ultra-repair-cream-cucumber-melon-P445925?icid2=products%20grid:p445925,6.0,5.666666666666667
Brightening Face Lotion,Dr. Barbara Sturm,moisturizing-cream-oils-mists,205.0,"Water (Aqua), Glycerin, CocoCaprylate, Methylpropanediol, Lactobacillus/Portulaca Oleracea Ferment Extract, Silica, Butylene Glycol, Dicaprylyl Ether, Hydrogenated Vegetable Glycerides, Limnanthes Alba (Meadowfoam) Seed Oil, Tocopheryl Acetate, Dimethicone, Panthenol, Phenoxyethanol, Potassium Cetyl Phosphate, Sodium Potassium Aluminum Silicate, Cetearyl Alcohol, Hydrogenated Palm Glycerides, Xanthan Gum, Alcohol, Carbomer, Ethylhexylglycerin, Lecithin, Sodium Hydroxide, Panax Ginseng Root Extract, Disodium EDTA, Sodium Hyaluronate, Caprylic/Capric Triglyceride, Alteromonas Ferment Extract, Biosaccharide Gum1, Leuconostoc/ Radish Root Ferment Filtrate, Pantolactone, Lepidium Sativum Sprout Extract, Soy Isoflavones, Ascorbyl Palmitate, Citric Acid, Ascorbic Acid, Iron Oxides  (CI 77491), Titanium Dioxide (CI 77891).",0,195,1.69,0.0,https://www.sephora.com/product/dr-barbara-sturm-brightening-face-lotion-P448551?icid2=products%20grid:p448551,1.69,121.30177514792899
Moisturizing Hand Cream,Fresh,moisturizing-cream-oils-mists,14.0,"Butyrospermum Parkii (Shea Butter), Glycerin, Shorea Robusta Seed Butter, Theobroma Grandiflorum Seed Butter, Cetearyl Isononanoate, Butylene Glycol, Pentylene Glycol, Dimethicone, Glyceryl Stearate, PEG100 Stearate, Hydroxyethyl Acrylate/Sodium Acryloyldimethyl Taurate Copolymer, Cetyl Alcohol, Stearyl Alcohol, Tocopheryl Acetate, Tocopherol, Fragrance, Polysorbate 60, Sodium Citrate, Sorbitan Isostearate, BHT, Citric Acid, Phenoxyethanol, Limonene, Linalool, Hexyl Cinnamal, Citronellol, Geraniol.",19,3840,1.0,0.0,https://www.sephora.com/product/moisturizing-hand-cream-P420141?icid2=products%20grid:p420141,1.0,14.0
Moisture Cream,Eve Lom,moisturizing-cream-oils-mists,150.0,"Caprylic/Capric Triglyceride, C1215 Alkyl Benzoate, Propanediol, Glycerin, C1216 Alcohols, Dimethicone, Sodium Acrylates Crosspolymer2, Glyceryl Stearate SE, Xylitylglucoside, Betaine, Palmitic Acid, Phenoxyethanol, Anhydroxylitol, Hydrogenated Lecithin, Crambe Abyssinica Seed Oil, Helianthus Annuus (Sunflower) Seed Oil, Prunus Persica (Peach) Flower Extract, Marrubium Vulgare Extract, Polyacrylate Crosspolymer6, Sodium Acetylated Hyaluronate, Xylitol, Ethylhexylglycerin, Tocopheryl Acetate, Citric Acid, Disodium EDTA, Lavandula Angustifolia (Lavender) Oil, Rosmarinus Officinalis (Rosemary) Leaf Extract, Linalool, Sodium Benzoate, Limonene, Citrus Limon (Lemon) Peel Oil, Coriandrum Sativum (Coriander) Seed Oil, Cymbopogon Nardus (Citronella) Oil, Mentha Piperita (Peppermint) Oil, Citrus Aurantium Amara (Bitter Orange) Peel Oil, Citral, Geraniol, Litsea Cubeba Fruit Oil, Mentha Piperita (Peppermint) Leaf Extract, Pelargonium Graveolens Flower Oil, Pogostemon Cablin Leaf Oil, Anthemis Nobilis Flower Oil, Boswellia Carterii Oil, Linalool, Limonene, Citral, Geraniol.",5,436,1.6,0.0,https://www.sephora.com/product/the-essential-moisture-cream-P443814?icid2=products%20grid:p443814,1.6,93.75
Plantscription™ Powerful Lifting Concentrate,Origins,moisturizing-cream-oils-mists,65.0,"Acacia Senegal Gum, Butylene Glycol, Rosa Damascena Flower Oil*, Lavandula Angustifolia (Lavender) Oil*, Pelargonium Graveolens Flower Oil*, Illicium Verum (Anise) Fruit/Seed Oil*, Citrus Aurantium Bergamia (Bergamot) Fruit Oil*, Carthamus Tinctorius (Safflower) Seed Oil*,Myristica Fragrans (Nutmeg) Kernel Oil*, Citrus Aurantium Dulcis (Orange) Peel Oil*, Citrus Nobilis (Mandarin Orange) Peel Oil*, Citrus Limon (Lemon) Peel Oil*, Litsea Cubeba Fruit Oil*, Hibiscus Abelmoschus Extract, Linalool, Citronellol, Limonene, Geraniol, Citral, Methyl Gluceth20, Glycereth26, Commiphora Mukul Resin Extract, Porphyridium Cruentum Extract, Prunus Amygdalus Dulcis (Sweet Almond) Seed Extract, Algae Extract, Sigesbeckia Orientalis (St. Paul'S Wort) Extract, Bambusa Vulgaris (Bamboo) Extract, Centaurium Erythraea (Centaury) Extract, Crithmum Maritimum Extract, Coffea Arabica (Coffee) Seed Extract, Cynara Scolymus (Artichoke) Leaf Extract, Rosmarinus Officinalis (Rosemary) Leaf Extract, Solanum Tuberosum (Potato) Pulp Extract, Anogeissus Leiocarpus Bark Extract, Caffeine, Squalane, Pullulan, Pisum Sativum (Pea) Extract, Acetyl Hexapeptide8, Laminaria Digitata Extract, Micrococcus Lysate, Sodium Hyaluronate, Hydrogenated Vegetable Oil, Oleth3 Phosphate, Caprylic/Capric Triglyceride, Caprylyl Glycol, Glycerin, Bisabolol, Oleth3, Hydroxypropyl Methylcellulose, Oleth5, Tocopheryl Acetate, Carbomer, Peg75, Xanthan Gum, Tetrahexyldecyl Ascorbate, Glucosamine Hcl, Sodium Hydroxide, Sodium Dehydroacetate, Hexylene Glycol, Lecithin, Disodium Edta, Phenoxyethanol <iln43035>* Essential Oil",5,2221,1.0,0.0,https://www.sephora.com/product/plantscription-tm-powerful-lifting-concentrate-P416814?icid2=products%20grid:p416814,1.0,65.0
Holy Yoni Adaptogenic Oil,Moon Juice,moisturizing-cream-oils-mists,48.0,"Prunus Amygdalus Dulcis (Sweet Almond) Oil, Rosa Damascena Flower (Bulgarian Rose Essential) Oil, Schisandra Sphenanthera (Schisandra Berry) Fruit Extract, Tocopheryl Acetate (Vitamin E).",11,2122,1.0,0.0,https://www.sephora.com/product/holy-yoni-adaptogenic-oil-P439416?icid2=products%20grid:p439416,1.0,48.0
Cosmic Maracuja Concentrated Face Balm,tarte,moisturizing-cream-oils-mists,42.0,"Prunus Amygdalus Dulcis (Sweet Almond) Oil, CocoCaprylate, Dextrin Palmitate, Silica, Sorbitan Sesquioleate, Helianthus Annuus (Sunflower) Seed Oil, Oryza Sativa (Rice) Bran Oil, Tocopheryl Acetate, Simmondsia Chinensis (Jojoba) Seed Oil, Limnanthes Alba (Meadowfoam) Seed Oil, Oenothera Biennis (Evening Primrose) Oil, Vitis Vinifera (Grape) Seed Oil, Eclipta Prostrata Extract, Melia Azadirachta Leaf Extract, Melia Azadirachta Flower Extract, Corallina Officinalis Extract, Tocopherol, Coccinia Indica Fruit Extract, Passiflora Edulis Seed Oil, Solanum Melongena (Eggplant) Fruit Extract, Aloe Barbadensis Flower Extract, Moringa Pterygosperma Oil, Curcuma Longa (Turmeric) Root Extract, Ocimum Basilicum (Basil) Flower/Leaf Extract, Ocimum Sanctum Leaf Extract, Phenoxyethanol, Gold.",25,3999,0.88,0.0,https://www.sephora.com/product/cosmic-maracuja-concentrated-face-balm-P433154?icid2=products%20grid:p433154,0.88,47.72727272727273
Moisturizing Skin Guardian,KENZOKI,moisturizing-cream-oils-mists,45.0," Glycerin, Methyl Trimethicone,  Caprylic/Capric Triglyceride,  Pentylene Glycol,  Isononyl Isononanoate,  Cetearyl Isononanoate,  Cetyl Alcohol,  Stearyl Alcohol,  Nelumbo Nucifera Root Fragrance,  Phenoxyethanol,  Sodium Polyacrylate,  Dimethicone,  Polymethyl Methacrylate,  Steareth21,  Caprylyl Glycol,  Palmitic Acid,  Stearic Acid,  Tromethamine,  Butylene Glycol,  Carbomer,  Tocopheryl Acetate,  Sodium Hyaluronate,  Ophiopogon Japonicus Root Extract,  Nelumbo Nucifera Flower Extract, Helianthus Annuus (Sunflower) Seed Extract,  Ethylhexylglycerin, Sanguisorba Officinalis Root Extract,  Hydrolyzed Millet,  Citric Acid,  Xanthan Gum,  AlphaIsomethyl Ionone, Hexyl Cinnamal,  Hydroxyisohexyl 3Cyclohexene Carboxaldehyde,  Hydroxycitronellal,  BHT,  Linalool,  CI 42090 (Blue 1)",23,1302,1.7,0.0,https://www.sephora.com/product/moisturizing-skin-guardian-P399711?icid2=products%20grid:p399711,1.7,26.47058823529412
SPLASH Absolute Hydration Replenishing Sleeping Pack,Algenist,moisturizing-cream-oils-mists,48.0,"Butylene Glycol, Dimethicone, Glycerin, Isohexadecane, Ammonium Acryloyldimethyltaurate/VP Copolymer, Algae Exopolysaccharides, Porphyridium Cruentum Extract, Rhizobian Gum, Sea Water (Maris Aqua), Enteromorpha Compressa Extract, Citrullus Lanatus (Watermelon) Fruit Extract, Lens Esculenta (Lenti) Fruit Extract, Pyrus Malus (Apple) Fruit Extract, BetaGlucan, 1,2Hexanediol, Magnesium Aspartate, Zinc Gluconate, Chondrus Crispus Extract, Copper Gluconate, Sodium Hyaluronate Crosspolymer, Sodium Lactate, Disodium EDTA, Sodium PCA, Sodium Hydroxide, Propanediol, Ethylhexylglycerin, Sodium Benzoate, Potassium Sorbate, Pentylene Glycol, Caprylyl Glycol, Chlorphenesin, Phenoxyethanol, Fragrance (Parfum), Benzyl Benzoate, Butylphenyl Methylpropional, Hexyl Cinnamal, Hydroxyisohexyl 3Cyclohexene Carboxaldehyde, Blue 1 (CI 42090).",52,2057,2.0,0.0,https://www.sephora.com/product/splash-absolute-hydration-replenishing-sleeping-pack-P407333?icid2=products%20grid:p407333,2.0,24.0
Pure Brightening Sleeping Mask,Primera,moisturizing-cream-oils-mists,55.0,"Butylene Glycol, Dimethicone, Glycerin, Squalane, Niacinamide, 1,2Hexanediol, Cetearyl Alcohol,Artemisia Princeps Leaf Dimethicone/Vinyl Dimethicone Crosspolymer, Sorbitan Stearate, Acrylates/C1030alkyl Acrylate Crosspolymer, Tromethamine, Xanthan Gum, Fragrance / Parfum, Disodium Edta, Ethylhexylglycerin, Lavandula Angustifolia (Lavender) Oil, Gossypium Herbaceum (Cotton) Extract, Lecithin, Lepidium Sativum Sproutextract, Tocopherol.",3,2124,3.3,0.0,https://www.sephora.com/product/primera-pure-brightening-sleeping-mask-P447190?icid2=products%20grid:p447190,3.3,16.666666666666668
Time Retreat Radiance Essence,Eve Lom,moisturizing-cream-oils-mists,95.0,"Glycereth26, Glycerin, Propanediol, Niacinamide, Xylitylglucoside, Polysorbate 20, Betaine, Anhydroxylitol, Phenoxyethanol, Xylitol, Potassium Sorbate, Sodium Benzoate, Lecithin, Pentylene Glycol, Citric Acid, Decyl Glucoside, Glutamine, Phenethyl Alcohol, Dunaliella Salina Extract, Citrus Aurantium Bergamia (Bergamot) Fruit Oil, Biosaccharide Gum1, Disodium Edta, Tephrosia Purpurea Seed Extract, Alcohol, Retinol, Lavandula Angustifolia (Lavender) Oil, Dipeptide Diaminobutyroyl Benzylamide Diacetate, Cistus Incanus Flower/Leaf/Stem Extract, Gynostemma Pentaphyllum Leaf/Stem Extract, Potassium Phosphate, Cupressus Sempervirens Oil, Salvia Sclarea (Clary) Oil, Anthemis Nobilis Flower Oil, Carum Petroselinum (Parsley) Seed Oil, Commiphora Myrrha Oil, Santalum Album (Sandalwood) Oil, Limonene, Linalool, Farnesol, Geraniol.",6,863,5.0,0.0,https://www.sephora.com/product/time-retreat-radiance-essence-P440321?icid2=products%20grid:p440321,5.0,19.0
"Ready, Set, Radiant Skin Mist",tarte,moisturizing-cream-oils-mists,25.0,"Glycerin, Butylene Glycol, Camellia Sinensis Seed Oil, Polysorbate 20, Phenoxyethanol, Sorbitan Stearate, Lauryl Glucoside, PPG26Buteth26, Pyrus Malus (Apple) Fruit Extract, Squalane, Isohexadecane, Caprylic/Capric Triglyceride, PEG40 Hydrogenated Castor Oil, Caprylyl Glycol, Behenyl Alcohol, Polyglyceryl2 Diisostearate, Glyceryl Stearate SE, Triethylhexanoin, Hydrogenated Ethylhexyl Olivate, Hexylene Glycol, Prunus Armeniaca (Apricot) Fruit Extract, Eucalyptus Globulus Leaf Oil, Camellia Sinensis Leaf Extract, Mentha Viridis (Spearmint) Extract, Mentha Piperita (Peppermint) Leaf Extract, Rose Extract, Carbomer, Cucumis Sativus (Cucumber) Fruit Extract, Santalum Album (Sandalwood) Wood Extract, Rubus Idaeus (Raspberry) Extract, Cucumis Melo Cantalupensis Fruit Extract, Hydrogenated Olive Oil Unsaponifiables, Limonene, Sodium Hydroxide, Palmitoyl Tetrapeptide7, Sodium Hyaluronate, Palmitoyl Tripeptide1.",168,7782,2.5,0.0,https://www.sephora.com/product/ready-set-radiant-skin-mist-P420444?icid2=products%20grid:p420444,2.5,10.0
Purity Made Simple Hydra-Essence with Coconut Water,philosophy,moisturizing-cream-oils-mists,22.0,"Glycerin, Peg8, Cocos Nucifera (Coconut) Fruit Juice, Phenoxyethanol, Polysorbate 80, Panthenol, 1,2Hexanediol, Caprylyl Glycol, Sodium Citrate, Xanthan Gum, Disodium Edta, Parfum/Fragrance, Linalool, Sodium Pca, Sodium Hyaluronate, Ascorbyl Glucoside, Citric Acid, Geraniol, Pantolactone, Sodium Hydroxide, Citronellol, Benzyl Benzoate, Limonene.",11,1218,6.7,0.0,https://www.sephora.com/product/purity-made-simple-hydra-essence-with-coconut-water-P442006?icid2=products%20grid:p442006,6.7,3.2835820895522385
Pretty Pop Probiotic Power Whipped Cream,Saturday Skin,moisturizing-cream-oils-mists,57.0,"Glycerin, Palmitic Acid, Isopropyl Myristate, Stearic Acid, Butylene Glycol, Hydrogenated Poly(C614 Olefin), Niacinamide, Alcohol Denat., 1,2Hexanediol, Butyrospermum Parkii (Shea) Butter, Dimethicone, Polysorbate 60, Glyceryl Stearate, PEG100 Stearate, Zea Mays (Corn) Starch, Mannitol, Microcrystalline Cellulose, Phenoxyethanol, Acrylates/C1030 Alkyl Acrylate Crosspolymer, Caprylyl Glycol, Tromethamine, Sucrose, Citrus Limon (Lemon) Peel Oil, Adenosine, Tocopheryl Acetate, Juniperus Mexicana Oil, Disodium EDTA, Hydrolyzed Hibiscus Esculentus Extract, Lupinus Albus Seed Extract, Moringa Pterygosperma Seed Extract, AlphaGlucan Oligosaccharide, Citrus Aurantium Dulcis (Orange) Peel Oil, Citrus Grandis (Grapefruit) Peel Oil, Eucalyptus Globulus Leaf Oil, Lavandula Angustifolia (Lavender) Oil, Rosmarinus Officinalis (Rosemary) Leaf Oil, Polymnia Sonchifolia Root Juice, Hydrogenated Lecithin, Maltodextrin, Cholesterol, Lactobacillus Ferment, Lactococcus Ferment Lysate, PEG800, Bifida Ferment Lysate, Lactobacillus, Streptococcus Thermophilus Ferment, Polysorbate 20, Ethylhexylglycerin, shOligopeptide1, shPolypeptide1, shOligopeptide2, shPolypeptide22, shPolypeptide45, shPolypeptide8, shPolypeptide9.",19,1780,1.69,0.0,https://www.sephora.com/product/product-pretty-pop-probiotic-power-whipped-cream-P442963?icid2=products%20grid:p442963,1.69,33.72781065088758
PRE:EMPT SERIES™ The Fixer Solid Oil Balm,Perricone MD,moisturizing-cream-oils-mists,38.0,"Caprylic/Capric Triglyceride, Dicaprylyl Carbonate, Dextrin Palmitate, Oryza Sativa (Rice) Bran Oil, Sorbitan Sesquioleate, Fragrance, Persea Gratissima (Avocado) Oil, Hydrogenated Vegetable Oil, Phenoxythenol, Diethylhexyl Syringylidenemalonate, Cocos Nucifera (Coconut) Oil, Carthamus Tinctorius (Safflower) Seed Oil, Olea Europaea (Olive) Leaf Extract, Olea Europaea (Olive) Fruit Oil, Camellia Sinensis Leaf Extract, Caprylic/Capric Triglyceride, Tetrahydrodiferuloylmethane, Tetrahydrodemethoxydiferulolylmethane, Tetrahydrobisdemethoxydiferulolymethane, Glycerin, Lecithin, Tocopheryl Acetate.",14,3335,0.7,0.0,https://www.sephora.com/product/pre-empt-series-fixer-solid-oil-balm-P415709?icid2=products%20grid:p415709,0.7,54.28571428571429
Treatment Softener,Shiseido,moisturizing-cream-oils-mists,50.0,"Dipropylene Glycol, Sd Alcohol 40B (Alcohol Denat.), Glycerin, Diglycerin, Peg/Ppg14/7 Dimethyl Ether, Peg20, Hydrogenated Dimer Dilinoleyl Peg44/Poly(1,2Butanediol)15 Dimethyl Ether, Phenoxyethanol, Methylparaben, Carbomer, Erythritol, Fragrance, Disodium Edta, Alcohol,Potassium Hydroxide, Butylene Glycol, Linalool, Sapindus Mukorossi Peel Extract, Sodium Metabisulfite, Citronellol, Geraniol, Magnesium Chloride, Theanine, Calcium Chloride, Serine, Hamamelis Virginiana (Witch Hazel) Leaf Extract, Zingiber Aromaticus Extract, Sodium Acetylated Hyaluronate, Tocopherol, Artemisia Princeps Leaf Extract.",6,801,5.0,0.0,https://www.sephora.com/product/treatment-softener-P433620?icid2=products%20grid:p433620,5.0,10.0
Bondi Hydrating Mist,Dr Roebuck's,moisturizing-cream-oils-mists,25.0,"Australian Pure Spring Aloe Barbadensis Leaf Juice (Organic Aloe Vera), Glycerin, Niacinamide (Vitamin B3), Decyl Glucoside, Cucumis Sativus Fruit Extract (Cucumber Extract), Terminalia Ferdinandiana Fruit Extract (Kakadu Plum Extract), Dehydroacetic Acid, Benzyl Alcohol, Coconut Fragrance.",22,2077,3.38,0.0,https://www.sephora.com/product/bondi-hydrating-mist-P430945?icid2=products%20grid:p430945,3.38,7.396449704142012
Luxury Face Cream,RODIN olio lusso ,moisturizing-cream-oils-mists,95.0,"Butyrospermum Parkii (Shea Butter), Glycerin, Propanediol, Stearic Acid, Heptyl Undecylenate, Glyceryl Stearate, Candelilla/Jojoba/Rice Bran Polyglyceryl3 Esters, Dimethicone, Simmondsia Chinensis (Jojoba) Butter, Caprylic/Capric Triglyceride, Prunus Armeniaca (Apricot) Kernel Oil, Cetyl Alcohol, Hydrogenated Lecithin, Jasminum Sambac (Jasmine) Flower Extract, Citrus Aurantium Amara (Bitter Orange) Flower Oil, Oenothera Biennis (Evening Primrose) Oil, Simmondsia Chinensis (Jojoba) Seed Oil, Prunus Amygdalus Dulcis (Sweet Almond) Seed Extract, Rosa Canina (Rose) Fruit Oil, Vitis Vinifera (Grape) Seed Oil, Olea Europaea (Olive) Fruit Oil, Persea Gratissima (Avocado) Oil, Limnanthes Alba (Meadowfoam) Seed Oil, Cucumis Sativus (Cucumber) Fruit Extract, Algae Extract, Glycyrrhiza Glabra (Licorice) Root Extract, Narcissus Tazetta Bulb Extract, Helianthus Annuus (Sunflower) Seedcake, Oryza Sativa (Rice) Bran Oil, Brassica Campestris (Rapeseed) Seed Oil, Elaeis Guineensis (Palm) Oil, Triticum Vulgare (Wheat) Germ Oil, Sesamum Indicum (Sesame) Seed Oil, Sigesbeckia Orientalis (St. Paul's Wort) Extract, Chlorella Vulgaris Extract, Solanum Lycopersicum (Tomato) Fruit/Leaf/Stem Extract, Rubus Idaeus (Raspberry) Leaf Extract, Solanum Tuberosum (Potato) Pulp Extract, Salicornia Herbacea Extract, Squalane, Caffeine, Hordeum Vulgare (Barley) Extract, Sodium Hyaluronate, Sea Salt, AlphaGlucan Oligosaccharide, Hydrolyzed Algin, Acetyl Hexapeptide8, Tocopherol, Lauroyl Lysine, Sodium Stearoyl Lactylate, Cetearyl Alcohol, Peg100 Stearate, Acetyl Glucosamine, Xanthan Gum, Caprylyl Glycol, Butylene Glycol, Salicylic Acid, Citric Acid, Ethylhexylglycerin, Linalool, Cinnamyl Alcohol, Benzyl Alcohol, Limonene, Benzyl Benzoate, Farnesol, Benzyl Salicylate, Geraniol, Cinnamal, Sodium Citrate, Tetrahexyldecyl Ascorbate, BHT, Potassium Sorbate, Phenoxyethanol, Sodium Dehydroacetate, Chlorphenesin, Red 4 (Ci 14700), Red 33 (Ci 17200), Yellow 5 (Ci 19140).",14,411,0.0,0.0,https://www.sephora.com/product/luxury-face-cream-P442554?icid2=products%20grid:p442554,2.0673014048531417,45.95362813423361
Nilotica Goddess Glow,LXMI,moisturizing-cream-oils-mists,42.0,"Butyrospermum Parkii (Nilotica) Fruit, Ethyl, Acadamiate, Glycerin, Potassium Cetyl, Phosphate, Rhus Verniciflua Peel Cera, Sodium Levulinate, Cetearyl Olivate, Sorbitan Olivate, Chondrus Cripus (Carrageenan), Xylitylglucoside, Anhydroxylitol, Xylitol, Caprylic Capric Triglyceride,Undaria Pinnatifida Extract, Citric Acid, Mica, Titanium Dioxide, Iron Oxides.",10,1813,0.0,0.0,https://www.sephora.com/product/nilotica-goddess-glow-P427737?icid2=products%20grid:p427737,2.0673014048531417,20.316340859345384
Vita-Mineral Daily Supplement Moisturising Cream,REN Clean Skincare,moisturizing-cream-oils-mists,42.0,"Butyrospermum Parkii (Nilotica) Fruit, Ethyl, Acadamiate, Glycerin, Potassium Cetyl, Phosphate, Rhus Verniciflua Peel Cera, Sodium Levulinate, Cetearyl Olivate, Sorbitan Olivate, Chondrus Cripus (Carrageenan), Xylitylglucoside, Anhydroxylitol, Xylitol, Caprylic Capric Triglyceride,Undaria Pinnatifida Extract, Citric Acid, Mica, Titanium Dioxide, Iron Oxides.",145,3226,1.7,0.0,https://www.sephora.com/product/vita-mineral-day-cream-P214001?icid2=products%20grid:p214001,1.7,24.705882352941178
Balancing Moisturizer & Gentle Exfoliant,Alpha-H,moisturizing-cream-oils-mists,62.0,"Glycolic Acid, Aloe Barbadensis Leaf Juice, Potassium Hydroxide, Cetyl Alcohol, Cyclomethicone, Ethylhexyl Palmitate, Sorbitol, Ceteth20, Stearic Acid, Peg100 Stearate, Glyceryl Stearate, Stearyl Heptanoate, Prunus Amygdalus (Sweet Almond) Dulcis Oil, Glycerin, Phenoxyethanol, Polysorbate 20, Dimethicone, Hyaluronic Acid, Hydrolysed Collagen, Tocopheryl Acetate, Menthol, Piroctone Olamine, Camellia Sinensis (Tea) Leaf Extract.",5,490,1.69,0.0,https://www.sephora.com/product/balancing-moisturizer-P442541?icid2=products%20grid:p442541,1.69,36.68639053254438
Neck & Décolléte Wrap Skin Perfecting Silicone Treatment,Nurse Jamie,moisturizing-cream-oils-mists,28.0,"Glycolic Acid, Aloe Barbadensis Leaf Juice, Potassium Hydroxide, Cetyl Alcohol, Cyclomethicone, Ethylhexyl Palmitate, Sorbitol, Ceteth20, Stearic Acid, Peg100 Stearate, Glyceryl Stearate, Stearyl Heptanoate, Prunus Amygdalus (Sweet Almond) Dulcis Oil, Glycerin, Phenoxyethanol, Polysorbate 20, Dimethicone, Hyaluronic Acid, Hydrolysed Collagen, Tocopheryl Acetate, Menthol, Piroctone Olamine, Camellia Sinensis (Tea) Leaf Extract.",2,1736,0.0,0.0,https://www.sephora.com/product/neck-decollete-wrap-skin-perfecting-silicone-treatment-P436644?icid2=products%20grid:p436644,2.0673014048531417,13.54422723956359
Nurture Me™ Moisturizing Crème,OLEHENRIKSEN,moisturizing-cream-oils-mists,40.0,"Helianthus Annuss (Ssunflower) Seed Oil, Glycerin, Dimethicone, Glyceryl Stearate SE, Cyclopentasiloxane, Rosa Canina Fruit Oil, Cetearyl Alcohol, Cetyl Alcohol, Parfum/Fragrance, Ceteareth20, Phenoxyethanol, Oenothera Biennis (Evening Primrose) Oil, Allantoin, Triticum Vulgare (Wheat) Germ Oil, Carmbomer, Panthenol, Caprylyl Glycol, Hexylene Glycol, Ethylhexylglycerin, Ethylhexyl Methoxycinnamate, Tocopheryl Acetate, Citrus Grandis (Grapefruit) Fruit Extract, Citrus Aurantium Dulcis (Orange) Fruit Extract, Chamomilla Recutita (Matricaria) Flower Extract, Calendula Officinalis Flower Extract, Retinyl Palmitate, Citric Acid, Tocopeherol, Yellow 6 (CI 15985), Ascorbyl Palmitate, Red 40 (CI 16035), BHT, Benzyl Benzoate, Citral, Limonene. Linalool.",1000,20170,0.0,1.7,https://www.sephora.com/product/nurture-me-moisturizing-creme-P42335?icid2=products%20grid:p42335,1.7,23.529411764705884
Radiance Face Mist,Eve Lom,moisturizing-cream-oils-mists,45.0,"Rosa Damascena Flower Propanediol, Betaine, Xylitylglucoside, Maris Aqua (Sea Water), Zinc Pca, Anhydroxylitol, Ectoin, Xylitol, Polyglyceryl4 Caprate, Potassium Sorbate, Disodium Edta, Polyquaternium51, Tephrosia Purpurea Seed Extract, Magnesium Aspartate, Zinc Gluconate, Geraniol, Rosa Damascena Flower Oil, Phenoxyethanol, Citronellol, Copper Gluconate, Hydrolyzed Rhodophyceae Extract, Ethylhexylglycerin.",5,1680,1.6,0.0,https://www.sephora.com/product/radiance-face-mist-P431528?icid2=products%20grid:p431528,1.6,28.125
Repairwear Laser Focus Line Smoothing Cream Broad Spectrum SPF 15 for Combination Oily to Oily Skin,CLINIQUE,moisturizing-cream-oils-mists,51.0,"Octinoxate 7.5% , Titanium Dioxide 1.5%Cetyl Ethylhexanoate , Butylene Glycol , Octyldodecyl Neopentanoate , Peg100 Stearate , Glyceryl Stearate , Glycerin , Hydrogenated Lecithin , Polyethylene , Pentylene Glycol , Silica , Citrus Reticulata (Tangerine) Peel Extract , Saccharomyces Lysate Extract , Polygonum Cuspidatum Root Extract , Algae Extract , Triticum Vulgare (Wheat) Bran Extract , Coffea Robusta Seed Extract , Astrocaryum Murumuru Seed Butter , Padina Pavonica Thallus Extract , Betula Alba (Birch) Bark Extract , Creatine , Adenosine Phosphate , Laurdimonium Hydroxypropyl Hydrolyzed Soy Protein , Linoleic Acid , Hydrolyzed Rice Extract , Hydroxyproline , Olea Europaea (Olive) Fruit Extract , Sigesbeckia Orientalis (St. Paul'S Wort) Extract , Coleus Barbatus Extract , Acetyl Hexapeptide8 , Sodium Dna , Caffeine , Cholesterol , Ethylhexyl Stearate , Sorbitol , Ethylhexyl Palmitate , Decarboxy Carnosine Hcl , Phytosphingosine , Propylene Glycol Dicaprate , Disodium Nadh , Caprylyl Glycol , Acrylates Copolymer , Trehalose , Sodium Rna , Cetyl Alcohol , Dipalmitoyl Hydroxyproline , Proline , Aminopropyl Ascorbyl Phosphate , Behenyl Alcohol , Methicone , Hexylene Glycol , Xanthan Gum , Sodium Hyaluronate , Potassium Hydroxide , Potassium Sulfate , Glycine , Potassium Sorbate , Aluminum Hydroxide , Lecithin , Carbomer , Disodium Edta , Phenoxyethanol <iln41741></iln41741>",3,509,1.7,0.0,https://www.sephora.com/product/repairwear-laser-focus-line-smoothing-cream-broad-spectrum-spf-15-for-combination-oily-to-oily-skin-P406656?icid2=products%20grid:p406656,1.7,30.0
Save Face Oil,Kopari,moisturizing-cream-oils-mists,46.0,"CocoCaprylate/Caprate, Cocos Nucifera (Coconut) Oil*, Coconut Alkanes, Shea Butter Ethyl Esters, Squalane, Persea Gratissima (Avocado) Oil*, Caprylic/Capric Triglyceride, Tocopherol, Pyrus Malus (Apple) Fruit Extract, Coffea Arabica (Coffee) Leaf/Seed Extract, Butter Extract, Santalum Album (Sandalwood) Extract, Musa Sapientum (Banana) Fruit Extract, Vaccinium Macrocarpon (Cranberry) Fruit Extract, Cucumis Melo Cantalupensis (Melon) Fruit Extract, Vanilla Planifolia Fruit Extract, Prunus Armeniaca (Apricot) Fruit Extract, Cocos Nucifera (Coconut) Fruit Extract, Butyrospermum Parkii (Shea) Butter Extract *Organic.",16,2783,1.7,0.0,https://www.sephora.com/product/save-face-oil-P433442?icid2=products%20grid:p433442,1.7,27.058823529411764
Coconut Sheer Oil,Kopari,moisturizing-cream-oils-mists,44.0,"Cocos Nucifera (Organic Coconut) Oil, Shea Butter Ethyl Esters, Butyrospermum Parkii (Shea Butter) Extract, Tocopherol, Caprylic/Capric Triglyceride, Cocos Nucifera (Coconut) Fruit Extract, Pyrus Malus (Apple) Fruit Extract, Coffea Arabica (Coffee) Extract, Butter Extract, Santalum Album (Sandalwood/Iliahi) Wood Extract, Musa Sapientum (Banana) Fruit Extract, Vaccinium Macrocapon (Cranberry) Fruit Extract, Cucumis Melo (Melon) Fruit Extract, Vanilla Planifolia (Vanilla Bean) Fruit Extract, Prunus Armeniaca (Apricot) Fruit Extract.",42,4930,1.7,0.0,https://www.sephora.com/product/coconut-sheer-oil-P413352?icid2=products%20grid:p413352,1.7,25.88235294117647
Barrier+ Nutrient Water Misting Tonic,Skinfix,moisturizing-cream-oils-mists,22.0,"Cocos Nucifera (Coconut) Fruit Gluconolactone, Sodium Hyaluronate, Rosa Damascena Flower Cucumis Sativus (Cucumber) Fruit Extract, Panthenol, Allantoin, Aloe Barbadensis Leaf Juice, Calcium Gluconate, Chondrus Crispus Extract, Betaine, Leuconostoc/Radish Root Ferment Filtrate, Trisodium Ethylenediamine Disuccinate, 1,2Hexanediol, Hydroxyacetophenone, Sodium Benzoate, Sodium Hydroxide, Potassium Sorbate, Citric Acid.",2,976,3.4,0.0,https://www.sephora.com/product/barrier-nutrient-water-misting-tonic-P450600?icid2=products%20grid:p450600,3.4,6.470588235294118
Oil Control Daily Moisturizer,Lab Series For Men,moisturizing-cream-oils-mists,36.0,"Cocos Nucifera (Coconut) Fruit Gluconolactone, Sodium Hyaluronate, Rosa Damascena Flower Cucumis Sativus (Cucumber) Fruit Extract, Panthenol, Allantoin, Aloe Barbadensis Leaf Juice, Calcium Gluconate, Chondrus Crispus Extract, Betaine, Leuconostoc/Radish Root Ferment Filtrate, Trisodium Ethylenediamine Disuccinate, 1,2Hexanediol, Hydroxyacetophenone, Sodium Benzoate, Sodium Hydroxide, Potassium Sorbate, Citric Acid.",0,174,1.7,0.0,https://www.sephora.com/product/oil-control-daily-moisturizer-P440288?icid2=products%20grid:p440288,1.7,21.176470588235293
Rènergie Lift Multi-Action Rich Cream with SPF 15 For Dry Skin,Lancôme,moisturizing-cream-oils-mists,99.0,"Dimethicone, Glycerin, Hydrogenated Polyisobutene, Beeswax, Poly C1030 Alkyl Acrylate, Sucrose Stearate, Saccharomyces/Xylinum/ Black Tea Ferment, Sodium Polyacrylate, Hydrolyzed Linseed Extract, Hydrolyzed Soy Protein, Hydrolyzed Hyaluronic Acid, Sodium Hydroxide, Sodium Benzoate, Red 4, Stearic Acid, Phenoxyethanol, Adenosine, Acetyl Tetrapeptide9, Peg100 Stearate, Palmitic Acid, Silicam Chlorphenesin, Yellow 5, Dimethicone/Vinyl Dimethicone Crosspolymer, Dimethiconol, Limonene, Benzyl Alcohol, Linalool, Caprylyl Glycol, Acrylates/C1030 Alkyl Acrylate Crosspolymer, Geraniol, Disodium Stearoyl Glutamate, Disodium Edta, Citronellol, Aluminum Starch Octenylsuccinate, Coumarin, Glyceryl Stearate, Fragrance.",7,670,1.69,0.0,https://www.sephora.com/product/renergie-lift-multi-action-sunscreen-broad-spectrum-spf-15-for-dry-skin-P376430?icid2=products%20grid:p376430,1.69,58.57988165680474
Kakadu C™ Face Crème,DERMAdoctor,moisturizing-cream-oils-mists,65.0,"Caprylic/Capric Triglyceride, Glycerin, Tetrahexyldecyl Ascorbate, Silica, Terminalia Ferdinandiana (Kakadu) Fruit Extract, Theobroma Grandiflorum Seed Butter, Glyceryl Stearate, Polyglyceryl10 Pentastearate, Palmitoyl Tripeptide38, Aminomethyl Propanol, Pleiogynium Timorense Fruit Extract, Podocarpus Elatus Fruit Extract, Citrus Glauca Fruit Extract, Santalum Acuminatum Fruit Extract, Acacia Victoriae Fruit Extract, Borago Officinalis (Borage) Seed Oil, Propyl Gallate, Gallyl Glucoside, Epigallocatechin Gallatyl Glucoside, Sodium Stearoyl Lactylate, Tocopherol, Allantoin, Cetearyl Alcohol, Ceteareth20, Behenyl Alcohol, Sorbitol, Hydroxypropyl Cyclodextrin, Butylene Glycol, Alcohol Denat., Xanthan Gum, Acrylates/C1030 Alkyl Acrylate Crosspolymer, Sodium Phytate, Phenoxyethanol, Caprylyl Glycol, Hexylene Glycol, Ethylhexylglycerin.",9,848,1.0,0.0,https://www.sephora.com/product/kakadu-c-face-creme-P396402?icid2=products%20grid:p396402,1.0,65.0
Time Retreat Face & Neck Sheet Mask,Eve Lom,moisturizing-cream-oils-mists,60.0,"Water (Aqua), Glycerin, Niacinamide, Pentylene Glycol, Isodecyl Neopentanoate, Butyrospermum Parkii (Shea Butter), Ppg10 Methyl Glucose Ether, Panthenol, Biosaccharide Gum1, Tremella Fuciformis Polysaccharide, Phenoxyethanol, Polyglyceryl10 Laurate, Glyceryl Stearate, Peg100 Stearate, Honey (Mel), Allantoin, Cetyl Alcohol, Carbomer, Lecithin, Citrus Aurantium Bergamia (Bergamot) Fruit Oil, Sodium Hyaluronate, Phytosteryl/Octyldodecyl Lauroyl Glutamate, Lavandula Angustifolia (Lavender) Oil, Tocopheryl Acetate, Disodium Edta, Sodium Citrate, Potassium Hydroxide, Limonene, Alcohol, Retinol, Polysorbate 20, Linalool, Citrullus Lanatus (Watermelon) Fruit Extract, Pyrus Malus (Apple) Fruit Extract, Lens Esculenta (Lentil) Fruit Extract, Citric Acid, Potassium Phosphate, Cupressus Sempervirns Oil, Salvia Sclarea (Clary) Oil, Commiphora Myrrha Oil, Santalum Album (Sandalwood) Oil, Anthemis Nobilis Flower Oil, Carum Petroselinum (Parsley) Seed Oil, Sodium Lactate, Sodium Pca.",0,304,0.0,0.0,https://www.sephora.com/product/time-retreat-face-neck-sheet-mask-P450209?icid2=products%20grid:p450209,2.0673014048531417,29.023344084779122
Photo Dynamic Therapy® 3–in–1  Facial Lotion With Broad Spectrum SPF 30,DERMAdoctor,moisturizing-cream-oils-mists,85.0,"Acrylates/C1030 Alkyl Acrylate Crosspolymer, Anacyclus Pyrethrum Root Extract, Arnica Montana Flower Extract,  Benzylidene Dimethoxydimethylindanone, Butyloctyl Salicylate, Butylparaben, C1215 Alkyl Benzoate, Camellia Oleifera (Green Tea) Leaf Extract, Camellia Sinensis (White Tea) Leaf Extract, Carbomer, Cucumis Sativus (Cucumber) Fruit Extract, Cyclohexasiloxane, Cyclopentasiloxane, Diazolidinyl Urea, Disodium EDTA, Ethylparaben, Glycerin, Glyceryl Stearate SE, Lentinula Edodes (Shiitake Mushroom) Extract, Methyl Methacrylate/ Glycol Dimethacrylate Crosspolymer, Methylparaben, Morinda Citrifolia Extract, Phenoxyethanol, Polysorbate 20, Propylparaben, Punica Granatum (Pomegranate) Fruit Extract, Sodium Ascorbyl Phosphate, Sodium Hyaluronate, Sorbitan Oleate, Stearic Acid, Tocopherol, Tocopheryl Acetate, Tricalcium Phosphate, Triethanolamine, Ubiquinone, Yeast Amino Acids",143,1577,1.0,0.0,https://www.sephora.com/product/photodynamic-therapy-3-in-1-facial-lotion-broad-spectrum-spf-30-P274220?icid2=products%20grid:p274220,1.0,85.0
Stoked Weightless Face Moisturizer,Dr Roebuck's,moisturizing-cream-oils-mists,45.0,"Biosaccharide Gum1 (Fucogel), CocoCaprylate*, Glyceryl Oleate Citrate*, Glycerin, Butylene Glycol, Cinnamomum Cassia Bark Extract (Cinnamon), Zingiber Officinale (Ginger) Root Extract, Sanguisorba Officinalis Root Extract (Great Burnet Root Extract), Dicaprylyl Carbonate*, Cetearyl Alcohol*, Fucus Vesiculosus Extract (Seaweed Extract), Tasmannia Lanceolata Fruit Extract (Tasmanina Pepperberry) , Syzygium Luehmannii Fruit Extract (Riberry), Kunzea Pomifera Fruit Extract (Muntari Berry), Tocopheryl Acetate (Vitamin E), Dehydroxanthan Gum*, Dehydroacetic Acid, Benzyl Alcohol*, Sodium Polyacrylate, Lavandula Angustifolia (Lavender) Oil, Sodium Citrate, Simmondsia Chinensis Seed Oil (Jojoba Oil), Anthemis Nobilis Flower Oil (Chamomile Roman Oil). *Plant Derived.",1,226,1.69,0.0,https://www.sephora.com/product/stocked-weightless-face-moisturizer-P446634?icid2=products%20grid:p446634,1.69,26.627218934911244
Alpine Berry Water Sleeping Mask,Primera,moisturizing-cream-oils-mists,45.0,"Propanediol, Cyclopentasiloxane, Glycerin, Cyclohexasiloxane, Trehalose, Polymethylsilsesquioxane, Alcohol, Hydroxyethyl Acrylate/Sodium Acryloyldimethyl Taurate Copolymer, 1,2Hexanediol, Pca Dimethicone, Hydrogenated Poly(C614 Olefin), Sea Water / Maris Aqua / Eau De Mer, Dimethicone, Polysorbate 20, Dimethiconol, Dimethicone/Vinyl Dimethicone Crosspolymer, Butylene Glycol, Acrylates/C1030 Alkyl Acrylate Crosspolymer, Sorbitan Isostearate, Polysorbate 60, Fragrance / Parfum, Tromethamine, Ethylhexylglycerin, Disodium Edta, Pentylene Glycol, Sodium Hyaluronate, Xanthan Gum, Brassica Oleracea Italica (Broccoli) Extract, Achillea Millefolium Extract, Borago Officinalis Extract, Brassica Oleracea Gemmifera (Brussels Sprouts) Extract, Helianthus Annuus (Sunflower) Extract, Fragaria Vesca (Strawberry) Leaf Extract, Phyllanthus Emblica Extract, Tocopherol.",1,831,3.3,0.0,https://www.sephora.com/product/primera-alpine-berry-water-sleeping-mask-P447191?icid2=products%20grid:p447191,3.3,13.636363636363637
Darker Skin Tones Face Cream,Dr. Barbara Sturm,moisturizing-cream-oils-mists,215.0,"Water (Aqua), Glyceryl Stearate Citrate, Macadamia Integrifolia Seed Oil,Glycerin, Caprylic/Capric Triglyceride, Butylene Glycol, Cetearyl Alcohol, Cocoglycerides, Decyloleate, Lactobacillus/Portulaca Oleracea Ferment Extract, CocoCaprylate, Squalane, Tocopheryl Acetate, Maris Aqua/Sea Water (Maris Aqua), Phenoxyethanol, Panthenol,Carbomer, Maltodextrin, Xanthan Gum, Enantia Chlorantha Bark Extract, Lecithin,Sodium Lactate, Sodium Pca, Allantoin, Ethylhexylglycerin, Teprenone, Sodium Hyaluronate,Sodium Hydroxide, Disodium EDTA, Alcohol, Hydrolyzed Algae Extract, Leuconostoc/RadishRoot Ferment Filtrate, Pantolactone, Ascorbyl Palmitate, Magnolia Officinalis Bark Extract,Sodium Benzoate, Citric Acid, Fructose, Glycine, Tocopherol, Inositol, Lactic Acid, Niacinamide, Urea, Oleanolic Acid, Ascorbic Acid, Vitis Vinifera (Grape) Seed Extract.",1,238,1.69,0.0,https://www.sephora.com/product/dr-barbara-sturm-darker-skin-tones-face-cream-P448544?icid2=products%20grid:p448544,1.69,127.21893491124261
Greek Yoghurt After Sun Cooling Gel,KORRES,moisturizing-cream-oils-mists,26.0,"Glycerin, Glyceryl Polyacrylate, Yogurt, Hydrogenated Polyisobutene,Butylene Glycol, Mannan, Ceratonia Siliqua Gum, Dicaprylyl Carbonate,Pentylene Glycol, Panthenol, Sodium Acrylates Copolymer, Epilobium Angustifolium extract, Foeniculum Vulgare (Fennel) Extract, Laureth9, Menthyl Lactate, Glycine Soja (Soybean) Oil, Prunus Amygdalus Dulcis (Sweet Almond) Oil, Calendula Officinalis Flower Extract, Helianthus Annuus (Sunflower) Seed Oil, Hydrogenated Jojoba Esters, Parfum, Amyl Cinnamal, Benzyl Alcohol, Benzyl Salicylate, Citronellol, Coumarin, Hexyl Cinnamal, Hydroxycitronellol, Hydroxyisohexyl 3Cyclohexene Carboxaldehyde, Isoeugenol, Linalool, Phenoxyethanol, Phospholipids, Polyglyceryl10 Stearate, Potassium Sorbate, Tocopherol.",342,11310,5.07,0.0,https://www.sephora.com/product/after-sun-greek-yoghurt-cooling-gel-P96603?icid2=products%20grid:p96603,5.07,5.128205128205128
Essential Fx Acyl-Glutathione Intensive Overnight Moisturizer,Perricone MD,moisturizing-cream-oils-mists,179.0,"Butyrospermum Parkii (Shea) Butter, Myristyl Myristate, Niacinamide, C1215 Alkyl Benzoate, Stearic Acid, Dimethicone, Sodium Acrylates Copolymer, Palmitoyl Glycine, SPalmitoylglutathione, Ethylhexylglycerin, Myristyl Laurate, Ribose, Lecithin, Lactic Acid, Linum Usitatissimum (Linseed) Seed Oil, Macadamia Integrifolia Seed Oil, Salvia Hispanica Seed Oil, Magnesium Aspartate, Zinc Gluconate, Copper Gluconate, Helianthus Annuus (Sunflower) Seed Oil, Rosmarinus Officinalis (Rosemary) Leaf Extract, Tetrasodium Glutamate Diacetate, Sodium Hydroxide, Glyceryl Stearate, PEG100 Stearate, Phenoxyethanol, Fragrance, Citronellol, Hydroxycitronellal, Limonene, Linalool.",131,393,2.0,0.0,https://www.sephora.com/product/essential-fx-acyl-glutathione-intensive-overnight-moisturizer-P433953?icid2=products%20grid:p433953,2.0,89.5
Crème Ancienne Face Oil Elixir,Fresh,moisturizing-cream-oils-mists,175.0,"Limnanthes Alba (Meadowfoam) Seed Oil, Simmondsia Chinensis (Jojoba) Seed Oil, Triticum Vulgare (Wheat) Germ Oil, Ribes Nigrum (Black Currant) Seed Oil, Hippophae Rhamnoides Oil, Commiphora Mukul Resin Extract, Helianthus Annuus (Sunflower) Seed Oil, Rosmarinus Officinalis (Rosemary) Leaf Extract, Tocopherol, Ascorbyl Palmitate, Caprylic/Capric Triglyceride, Dipalmitoyl Hydroxyproline, Palmitic Acid.",2,148,0.0,1.0,https://www.sephora.com/product/fresh-creme-ancienne-face-oil-elixir-P452694?icid2=products%20grid:p452694,1.0,175.0
Luxury Face Oil- Lavender Absolute,RODIN olio lusso ,moisturizing-cream-oils-mists,170.0,"Simmondsia Chinensis (Jojoba) Seed Oil,  Olea Europaea (Olive) Fruit Oil,  Oenothera Biennis (Evening Primrose) Oil,  Prunus Armeniaca (Apricot) Kernel Oil,  Prunus Amygdalus Dulcis (Sweet Almond) Oil,  Rosa Canina Seed Extract,  Argania Spinosa Kernel Oil,  Helianthus Annuus (Sunflower) Seed Oil,  Lavandula Angustifolia (Lavender) Oil,  Calendula Officinalis Extract,  Rosmarinus Officinalis (Rosemary) Leaf Extract,  Linalool,  Linalyl Acetate,  Geraniol,  Coumarin,  Limonene,  Benzyl Benzoate,  Benzyl Alcohol,  Eugenol,  Tocopherol,  Tocopheryl Acetate.",11,355,0.0,1.0,https://www.sephora.com/product/lavender-absolute-luxury-face-oil-P442108?icid2=products%20grid:p442108,1.0,170.0
Dewy Spritz,Ciaté London,moisturizing-cream-oils-mists,25.0,"Butylene Glycol, Betaine, PPG26Buteth26, PEG40 Hydrogenated Castor Oil, Benzyl Alcohol, Hydroxypropyl Cyclodextrin, Sodium Benzoate, Silica, Mica, Potassium Sorbate, Fragrance, Pentylene Glycol, Camellia Sinensis (Tea) Leaf Extract, Sodium Hyaluronate, Citric Acid, Disodium Phosphate, Sodium Phosphate, Tin Oxide, Titanium Dioxide (Ci 77891).",35,4397,4.22,0.0,https://www.sephora.com/product/dewy-spritz-P429922?icid2=products%20grid:p429922,4.22,5.924170616113744
Essential Daily Moisturizer,Skin Laundry,moisturizing-cream-oils-mists,30.0,"Caprylic/Capric Triglyceride, Glycerin, Helianthus Annuus (Sunflower) Seed Oil, Butyrospermum Parkii (Shea) Butter, Glyceryl Stearate SE, Cetearyl Alcohol, Prunus Armeniaca (Apricot) Fruit Extract, Dimethicone, Cetearyl Olivate, Alteromonas Ferment Filtrate, Dipotassium Glycyrrhizate, Propanediol, Sorbitan Olivate, Butylene Glycol, Carbomer, Disodium EDTA, Aminomethyl Propanol, Caprylhydroxamic Acid, Caprylyl Glycol.",12,1159,2.5,0.0,https://www.sephora.com/product/essential-daily-moisturizer-P416594?icid2=products%20grid:p416594,2.5,12.0
ALIVE Prebiotic Balancing Moisturizer SPF 15,Algenist,moisturizing-cream-oils-mists,40.0,"Caprylic/Capric Triglyceride, CocoCaprylate, Glycerin, Glyceryl Behenate, CocoGlucoside, Simmondsia Chinensis (Jojoba) Seed Oil, Cetearyl Alcohol, Glyceryl Caprylate, Sodium Stearoyl Glutamate, Parachlorella Beijerinckii Exopolysaccharides, Chlorella Vulgaris Extract, Lactococcus Ferment Lysate, Alteromonas Ferment Extract, Caesalpinia Spinosa Fruit Pod Extract, Helianthus Annuus (Sunflower) Sprout Extract, Caprylyl Glycol, Microcrystalline Cellulose, Polyglyceryl3 Polyricinoleate, Xanthan Gum, Butylene Glycol, Isostearic Acid, Caprylhydroxamic Acid, Algin, Calcium Alginate, Propanediol, Maltodextrin, Lactic Acid, Sodium Benzoate, Sodium Chloride.",16,1045,1.7,0.0,https://www.sephora.com/product/alive-prebiotic-balancing-moisturizer-spf-15-P442860?icid2=products%20grid:p442860,1.7,23.529411764705884
sweat reset face moisturizer,lululemon selfcare,moisturizing-cream-oils-mists,48.0,"Menthyl: Gives your sweaty face a nonirritating, cooling effect.",28,455,0.0,1.6,https://www.sephora.com/product/sweat-reset-face-moisturizer-P446924?icid2=products%20grid:p446924,1.6,30.0
Multi-Action Overnight Intensive Firming Mask,Perricone MD,moisturizing-cream-oils-mists,99.0,"Squalane, Caprylic/Capric Triglyceride, Isopropyl Palmitate, Cetearyl Alcohol, Cocos Nucifera (Coconut) Oil, Elaeis Guineensis (Palm) Kernel Oil, Dimethyl MEA, Glyceryl Stearate, PEG100 Stearate, Citric Acid, Thioctic Acid, Phosphatidylcholine, Egg Shell Membrane Extract, SPalmitoylglutathione, Butyrospermum Parkii (Shea) Butter, Acetyl Tyrosine, Xanthan Gum, Zinc Gluconate, Magnesium Aspartate, Copper Gluconate, Disodium EDTA, Dimethicone, Cetearyl Glucoside, Ceteareth20, Caprylyl Glycol, Cetyl Alcohol, Phenoxyethanol, Sorbic Acid, Fragrance, Citronellol, Benzyl Benzoate, Hexyl Cinnamal, Linalool.",230,2086,2.0,0.0,https://www.sephora.com/product/multi-action-overnight-treatment-P412305?icid2=products%20grid:p412305,2.0,49.5
Salve The Day Multi Balm,INC.redible,moisturizing-cream-oils-mists,12.0,"Petrolatum, Cera Alba (Beeswax), Butyrospermum Parkii (Shea) Butter, Isopropyl Myristate, Tocopheryl Acetate, Polysorbate 60, Triticum Vulgare (Wheat) Germ Oil, Butyl Methoxydibenzoylmethane, Caprylyl Glycol, Glycine Soja (Soybean) Oil, Bht, Silica, Parfum (Fragrance), Hexyl Cinnamal, Isopropyl Myristate, Aloe Barbadensis (Aloe Vera) Leaf Extract, Aqua (Water), Linalool, Lactic Acid, Benzyl Alcohol, Ricinus Communis (Castor) Seed Oil, Benzyl Salicylate, Amyl Cinnamal, Ci 19140 (Yellow 5 Lake), Tocopherol, Lactobacillus Ferment Lysate, Ci 15850 (Red 7 Lake), Citric Acid, Sodium Benzoate, Potassium Sorbate.",6,786,0.35,0.0,https://www.sephora.com/product/salve-day-multi-balm-P446601?icid2=products%20grid:p446601,0.35,34.285714285714285
Moisturizing Body Milk - Surprise Flowers,SEPHORA COLLECTION,moisturizing-cream-oils-mists,12.0,"Glycerin, Dimethicone, Isopropyl Palmitate, Stearic Acid, Phenoxyethanol, Glyceryl Stearate, Acrylates/C1030 Alkyl Acrylate Crosspolymer, Parfum (Fragrance), Sodium Hydroxide, Palmitic Acid, Ethylhexylglycerin, Linalool, PEG30 Dipolyhydroxystearate, Trideceth6, Citric Acid, Eugenol, Magnolia Liliflora Flower Extract, Sodium Benzoate, Potassium Sorbate, Tocopherol.",7,1115,0.0,0.0,https://www.sephora.com/product/moisturizing-body-milk-surprise-flowers-P442765?icid2=products%20grid:p442765,2.0673014048531417,5.804668816955824
Sleep Face & Body Mist,Vitruvi,moisturizing-cream-oils-mists,24.0,"Nonalcoholic Witch Hazel, Ethylhexylglycerin, Phenylpropanol, Lavender, Frankincense, Ylang Ylang, Roman Chamomile, Vetiver.",3,1082,1.0,0.0,https://www.sephora.com/product/sleep-face-body-mist-P440478?icid2=products%20grid:p440478,1.0,24.0
Belle de Jour Fantastic Fluid,KENZOKI,moisturizing-cream-oils-mists,107.0,"Nonalcoholic Witch Hazel, Ethylhexylglycerin, Phenylpropanol, Lavender, Frankincense, Ylang Ylang, Roman Chamomile, Vetiver.",1,642,1.7,0.0,https://www.sephora.com/product/belle-de-jour-fantastic-fluid-P399724?icid2=products%20grid:p399724,1.7,62.94117647058824
Immortelle Precious Essential Face Mist,L'Occitane,moisturizing-cream-oils-mists,22.0,"Aqua/Glycerin, Helichrysum, Italicum Extract, Polysorbate 20, Rosa Centifolia Flower Helianthus, Annuus (Sunflower) Seed Oil, Peg40 Hydrogenated, Castor Oil, Sodium Pca, Levulinic Acid, Sodium Levulinate, Disodium Edta, Sodium Hydroxide, Methylpropanediol, Sodium, Hyaluronate, Tocopherol, Citric Acid, Hyaluronic Acid, Silanetriol, Sodium Benzoate, Potassium Sorbate, Parfum/Fragrance, Hexyl Cinnamal, Benzyl Salicylate, Alphaisomethyl, Ionone, Citral, Limonene.",1,185,1.6,0.0,https://www.sephora.com/product/immortelle-precious-eye-balm-P451995?icid2=products%20grid:p451995,1.6,13.75
Pure Shots Hydra Bounce Essence-In-Lotion,Yves Saint Laurent,moisturizing-cream-oils-mists,78.0,"Aqua / Glycerin, Dipropylene Glycol, Butylene Glycol, Isononyl Isononanoate, Alcohol Denat., Pentylene Glycol, Phenoxyethanol, Niacinamide, Methyl Gluceth10, BisBehenyl/Isostearyl/Phytosteryl Dimer Dilinoleyl Dimer Dilinoleate, Tocopherol, Peg/Ppg/Polybutylene Glycol8/5/3 Glycerin, Carbomer, Chlorphenesin, Polyglyceryl2 Isostearate, Xanthan Gum, Sclerotium Gum, Potassium Hydroxide, Propylene Glycol, Tetrasodium Glutamate Diacetate, Adenosine, Sodium Hyaluronate, Ribose, Panthenol, Linalool, Geraniol, Citrus Aurantium Amara Flower Extract / Bitter Orange Flower Extract, Benzyl Alcohol, Cellulose Acetate Butyrate, Polyphosphorylcholine Glycol Acrylate, Ammonium Polyacryloyldimethyl Taurate, Polyvinyl Alcohol, Caprylyl Glycol, Sodium Chloride, Parfum / Fragrance",1,188,6.7,0.0,https://www.sephora.com/product/yves-saint-laurent-pure-shots-hydra-bounce-essence-in-lotion-P454078?icid2=products%20grid:p454078,6.7,11.641791044776118
Essential Hydration Cream,Alpha-H,moisturizing-cream-oils-mists,52.0,"Dimethicone, Propylene Glycol, Glycerin, Hydrolysed Corallina Officinalis Extract, Simmondsia Chinensis (Jojoba) Seed Oil, Macadamia Ternifolia (Macadamia) Seed Oil, Oenothera Biennis (Evening Primrose) Oil, Glyceryl Stearate, Cetearyl Alcohol, Ethylhexyl Palmitate, Caprylic/Capric Triglyceride, Carbomer, Phenoxyethanol, Potassium Hydroxide, Tocopheryl Acetate, Panthenol, Symphytum Officinale (Comfrey) Leaf Extract, Panax Ginseng (Asian Ginseng) Root Extract, Isomerized Linoleic Acid, Aluminium/Magnesium Hydroxide Stearate, Caprylyl Glycol, Triticum Vulgare Germ Oil (Triticum Aestivum (Wheat) Germ Oil), Pelargonium Graveolens (Sweet Scented Geranium) Oil, Triolein, Palmitoyl Tripeptide5,  Palmitic Acid, Polygonatum Officinale Rhizome/Root Extract, Arnica Montana (Arnica) Flower Extract, Hordeum Vulgare (Barley) Root Extract, Cupressus Sempervirens (Italian Cypress) Seed Extract, Propyl Gallate, Citric Acid, Ascorbyl Palmitate, Tocopherol, BetaSitosterol, Citral, Citronellol, Geraniol, Linalool.",6,442,1.69,0.0,https://www.sephora.com/product/essential-hydration-cream-P442543?icid2=products%20grid:p442543,1.69,30.76923076923077
Ultra Facial Deep Moisture Balm,Kiehl's Since 1851,moisturizing-cream-oils-mists,30.0,"Water,Glycerin,Shea Butter,Glyceryl Stearate,Ethylhexyl Palmitate,Squalane,Cetyl Alcohol,Cocoa Seed Butter,Mannose,Peg100 Stearate,Carnauba Wax,Phenoxyethanol,Caprylyl Glycol,Sorbic Acid,Tocopherol,Sodium Polyacrylate,Leontopodium Alpinum Extract,Sodium Hydroxide,Stearyl Alcohol,Ceramide 3,Myristyl Alcohol,Adenosine,Capryloyl Salicylic Acid,Pseudoalteromonas Ferment Extract,Lavender Oil,Linalool.",85,5045,1.7,0.0,https://www.sephora.com/product/ultra-facial-deep-moisture-balm-P422511?icid2=products%20grid:p422511,1.7,17.647058823529413
Cream with a Sheen,KENZOKI,moisturizing-cream-oils-mists,49.0,"Glycerin, Methyl Trimethicone, Pentylene Glycol, Boron Nitride, Caprylic/Capric Triglyceride, Dimethicone, Hydrogenated Polyisobutene, Silica, Steareth21, Cetearyl Isononanoate, Nelumbo Nucifera Root Fragrance, Paeonia Suffruticosa Root Extract, Nelumbo Nucifera Flower Extract, Ethylhexyl Methoxycinnamate, Dimethicone/Vinyl Dimethicone Crosspolymer, Phenoxyethanol, Cetyl Palmitate, Glyceryl Stearate, Steareth2, Acrylates/C1030 Alkyl Acrylate Crosspolymer, Cetyl Alcohol, Stearyl Alcohol, Palmitic Acid, Stearic Acid, CI 77891 (Titanium Dioxide), Butylene Glycol, Butyl Methoxydibenzoylmethane, Butylene Glycol Dicaprylate/Dicaprate, Sodium Hydroxide, Tin Oxide, Citric Acid, Hexyl Cinnamal, Hydroxyisohexyl 3Cyclohexene Carboxaldehyde, Bht, Hydroxycitronellal, Palmaria Palmata Extract, Linalool, AlphaIsomethyl Ionone, CI 14700 (Red 4), CI 42090 (Blue 1)",18,941,1.7,0.0,https://www.sephora.com/product/cream-with-sheen-P399710?icid2=products%20grid:p399710,1.7,28.823529411764707
Extra Repair Moisturizing Balm,Bobbi Brown,moisturizing-cream-oils-mists,100.0,"Petrolatum, Dimethicone, BisDiglyceryl Polyacyladipate2, Ceresin, Butyrospermum Parkii (Shea Butter), Pentylene Glycol, Lauryl Peg9 Polydimethylsiloxyethyl Dimethicone, Lanolin Alcohol, Olea Europaea (Olive) Fruit Extract, Aloe Barbadensis Leaf Extract, Salvia Sclarea (Clary) Extract, Pisum Sativum (Pea) Extract, Bambusa Vulgaris (Bamboo) Extract, Cucumis Sativus (Cucumber) Fruit Extract, Cananga Odorata (Ylang Ylang), Triticum Vulgare (Wheat Bran) Extract, Rosmarinus Officinalis (Rosemary), Chamomilla Recutita (Matricaria), Brassica Campestris (Rapeseed) Seed Oil, Pelargonium Graveolens (Geranium) Flower Oil, Oenothera Biennis (Evening Primrose) Oil, Persea Gratissima (Avocado) Oil, Simmondsia Chinensis (Jojoba) Seed Oil, Triticum Vulgare (Wheat) Germ Oil, Prunus Armeniaca (Apricot) Kernel Oil, Vitis Vinifera (Grape) Seed Oil, Olea Europaea (Olive) Fruit Oil, Sesamum Indicum (Sesame) Seed Oil, Rosa Canina (Rose) Fruit Oil, Limnanthes Alba (Meadowfoam) Seed Oil, DiC1215 Alkyl Fumarate, Acetyl Hexapeptide8, Glycerin, Caffeine, Cholesterol, Sucrose, Peg30 Dipolyhydroxystearate, Panthenol, Whey Protein/Lactis Protein/Proteine Du PetitLait, Glucosamine Hcl, Hydroxystearic Acid, Tocopheryl Acetate, Peg8 Distearate, Stearic Acid, Behenyl Alcohol, Palmitic Acid, Linoleic Acid, Butylene Glycol, Tetrahexyldecyl Ascorbate, Sodium Hyaluronate, Potassium Hydroxide, Sodium Chloride, Sodium Hydroxide, Trisodium Edta, Linalool, Limonene, Geraniol, Citronellol, Chlorphenesin, Phenoxyethanol <iln37877></iln37877>",36,2004,1.7,0.0,https://www.sephora.com/product/extra-repair-moisturizing-balm-P305144?icid2=products%20grid:p305144,1.7,58.82352941176471
Dr. Andrew Weil For Origins™ Mega Defense Barrier-Boosting Essence Oil,Origins,moisturizing-cream-oils-mists,58.0,"Caprylic/Capric Triglyceride , Neopentyl Glycol Diheptanoate , Dimethicone , Trisiloxane , Octyldodecanol , Tricaprylin , Camellia Oleifera Seed Oil , Oenothera Biennis (Evening Primrose) Oil , Salicornia Herbacea Extract , Olea Europaea (Olive) Fruit Oil , Citrus Aurantium Dulcis (Orange) Peel Oil*, Pelargonium Graveolens Flower Oil*, Cananga Odorata Flower Oil*, Eugenia Caryophyllus (Clove) Bud Oil*, Rosa Damascena Flower Oil*, Jasminum Officinale (Jasmine) Oil*, Viola Odorata Flower/Leaf Extract, Polianthes Tuberosa Extract, Farnesol, Eugenol, Benzyl Salicylate, Citronellol, Citral, Benzyl Benzoate, Geraniol , Hydrogenated Polyisobutene , Silybum Marianum Seed Oil , Vegetable Oil\Olus\Huile Végétale , Tetrahexyldecyl Ascorbate , Tocopherol , Tocopheryl Acetate. *Essential Oil.",7,1472,1.0,0.0,https://www.sephora.com/product/dr-andrew-weil-for-origins-mega-defense-barrier-boosting-essence-oil-P408236?icid2=products%20grid:p408236,1.0,58.0
Rosa Artica Youth Regenerating Cream,Kiehl's Since 1851,moisturizing-cream-oils-mists,79.0,"Ethylhexl Palamitate, Glyceryl Stearate, Theobroma Cacao Seed Butter/Cocoa Seed Butter, Butyrospermum Parkii Butter/Shea Butter, Cetyl Alcohol, Squalane, Beet Root Extract, PEG100 Stearate, Carnauba Wax, Phenoxyethanol, Caprylyl Glycol, Glycolic Acid, Sorbic Acid, Tocopherol, Sodium Hydroxide, Sodium Polyacrylate, Stearyl Alcohol, Myristyl Alcohol, Adenosine, Yeast Extract, Haberlea Rhodopensis Leaf Extract.",7,1251,2.5,0.0,https://www.sephora.com/product/rosa-artica-youth-regenerating-cream-P437673?icid2=products%20grid:p437673,2.5,31.6
Resurgence® Age–Balancing Moisture Broad Spectrum SPF 30,Murad,moisturizing-cream-oils-mists,74.0,"C1215 Alkyl Benzoate, Glycerin, Tapioca Starch, Hydrogenated Vegetable Glycerides, Butyrospermum Parkii (Shea Butter), Caprylyl Methicone, Cetearly Alcohol, Dicaprylyl Carbonate, Helianthus Annus (Sunflower) Seed Oil, Diethylhexyl 2, 6Naphthalate, Ethoxydiglycol, Phenyl Trimethicone, Sodium Polyacrylate, Butylene Glycol, Vitis Vinifera (Grape) Seed Oil, Jojoba Alcohol, Potassium Jojobate, Panthenol, Arginine, Allantoin, Bisabolol, Dioscorea Villosa (Wild Yam) Root Extract, Disodium EDTA, Octdecyl Ditbutyl4 Hydroxyhydrocinnamate, Persea Gratissima (Avocado) Oil, Tocopheryl Acetate, Benzoic Acid, Dehydroacetic Acid, Disodium Adenosine Triphosphate, Dipotassium Glycyrrhizate, Polymethylsilsequioxane, Selaginella Lepidophylla Extract, Trifolium Pratense (Clover) Flower Extract, Propylene Glycol, Betaine, Inositol, Taurine, Trehalose, Urea, Yeast Amnio Acids, Proline, Glycine, Sorbitol, Carica Papaya Fruit Extract, Algin, Sodium Hyaluronate, Hydrolyzed Soy Protein, Copper Tripeptide1, Iris Florentina Root Extract, Phenoxyethanol, Fragrance, Limonene, Linalool.",31,2011,1.7,0.0,https://www.sephora.com/product/resurgence-age-balancing-moisture-broad-spectrum-spf-30-P388821?icid2=products%20grid:p388821,1.7,43.529411764705884
Future Solution LX Replenishing Treatment Oil,Shiseido,moisturizing-cream-oils-mists,188.0,"Dimethicone,  Caprylic/Capric Triglyceride,  Ethylhexyl Palmitate,  Peg/Poly(1, 2Butanediol)52/32 Dimethyl Ether, Isopropyl Myristate,  Mineral Oil(Paraffinum Liquidum/Huile Minerale),  Diethylhexyl Succinate,  Ethylhexyl Methoxycinnamate,  Diphenylsiloxy Phenyl Trimethicone, Peg20 Hydrogenated Castor Oil, Fragrance, Isostearic Acid, BisEthylhexyloxyphenol Methoxyphenyl Triazine, Dipropylene Glycol, Linalool, Limonene, Butylphenyl Methylpropional, BHT, Tocopherol, AlphaIsomethyl Ionone, Citronellol, Geraniol, Benzyl Benzoate, Argania Spinosa Kernel Oil, Carthamus Tinctorius (Safflower) Seed Oil, Oenothera Biennis (Evening Primrose) Oil, Macadamia Ternifolia Seed Oil, Simmondsia Chinensis (Jojoba) Seed Oil, Sodium Acetylated Hyaluronate, Alcohol, Red 17 (Ci 26100), Saccharomyces Ferment Lysate Filtrate, BetaCarotene (CI 75130), Piperidinepropionic Acid, Camellia Sinensis Leaf Extract, Phenoxyethanol",7,1680,2.5,0.0,https://www.sephora.com/product/future-solution-lx-replenishing-treatment-oil-P405402?icid2=products%20grid:p405402,2.5,75.2
Énergie de Vie The Overnight Recovery Sleeping Mask,Lancôme,moisturizing-cream-oils-mists,66.0,"Water,Glycerin,Dimethicone,Propanediol,Dimethicone/Peg10/15 Crosspolymer,Tocopherol,Alcohol,Lycium Barbarum Fruit Extract,Lactic Acid,Sodium Chloride,Sodium Citrate,Sodium Benzoate,Phenoxyethanol,Peg10 Dimethicone,Polymethylsilsesquioxane,Chlorphenesin,Melissa Officinalis Leaf Oil,Tamarindus Indica Seed Gum,Limonene,Pentylene Glycol,Gentiana Lutea Root Extract,Dioscorea Villosa Root Extract / Wild Yam Root Extract,Dipropylene Glycol,Disodium Edta,Citric Acid,Potassium Sorbate,Citral,Hexyldecanol,Fragrance.",131,5286,2.6,0.0,https://www.sephora.com/product/energie-de-vie-overnight-recovery-sleeping-mask-P409979?icid2=products%20grid:p409979,2.6,25.384615384615383
Bienfait Teinté Beauty Balm Sunscreen Broad Spectrum SPF 30,Lancôme,moisturizing-cream-oils-mists,47.0,"Cyclopentasiloxane, Cyclohexasiloxane, Glycerin, Phenyl Trimethicone, Polyglyceryl4 Isostearate, Hexyl Laurate, Cetyl Peg/Ppg10/1 Dimethicone, Disteardimonium Hectorite, Pentylene Glycol, Moringa Pterygosperma Seed Extract, Triethanolamine, Trihydroxystearin, Silica, Alumina, Aluminum Hydroxide, Magnesium Sulfate, Alcohol Denat., Ascorbyl Glucoside, Disodium Stearoyl Glutamate, Acetylated Glycol Stearate, Panthenol, Castanea Sativa (Chestnut) Seed Extract, Tocopheryl Acetate, Methylparaben, Phenoxyethanol, Diazolidinyl Urea, Linalool, Geraniol, AlphaIsomethyl Ionone, Citronellol, Benzyl Alcohol, Benzyl Salicylate, Fragrance, May Contain:  Titanium Dioxide, Iron Oxides.",97,9274,1.7,0.0,https://www.sephora.com/product/bienfait-teinte-beauty-balm-sunscreen-broad-spectrum-spf-30-P380690?icid2=products%20grid:p380690,1.7,27.647058823529413
SPLASH Absolute Hydration Replenishing Gel Moisturizer,Algenist,moisturizing-cream-oils-mists,58.0,"Dimethicone, Butylene Glycol, Glycerin, BisPEG12 Dimethicone, Sea Water (Maris Aqua), PEG10 Dimethicone Crosspolymer, PEG9 Polydimethylsiloxyethyl Dimethicone, Phenoxyethanol, Algae Exopolysaccharides, Porphyridium Cruentum Extract, Enteromorpha Compressa Extract, Algae Extract, Rhizobian Gum, Alteromonas Ferment Filtrate, Citrullus Lanatus (Watermelon) Fruit Extract, Lens Esculenta (Lentil) Fruit Extract, Pyrus Malus (Apple) Fruit Extract, Sorbitol, Adenosine, Citric Acid, Chondrus Crispus Extract, Disodium EDTACopper, Sodium Lactate, Sodium PCA, Sodium Chloride, Propanediol, Potassium Sorbate, Sodium Benzoate, Fragrance (Parfum), Hexyl Cinnamal, Hydroxyisohexyl 3Cyclohexene Carboxaldehyde, Butylphenyl Methylpropional, Benzyl Benzoate.",93,3268,2.0,0.0,https://www.sephora.com/product/splash-absolute-hydration-replenishing-gel-moisturizer-P407332?icid2=products%20grid:p407332,2.0,29.0
Extra–Firming Day Cream All Skin Types,Clarins,moisturizing-cream-oils-mists,86.0,"Isononyl Isononanoate, Glycerin, Dicaprylyl Carbonate, Dimethicone, Cetearyl Alcohol, Glyceryl Stearate, Peg100 Stearate, Corn Starch Modified, Cetearyl Glucoside, Phenoxyethanol, Parfum/Fragrance, Carbomer, Avena Sativa (Oat) Kernel Extract, Butylene Glycol, Tocopheryl Acetate, Diethylhexyl Adipate, Disodium Edta, Sodium Hyaluronate, Sodium Hydroxide, Tocopherol, Musa Sapientum (Banana) Fruit Extract, Pentylene Glycol, Thymus Citriodorus Flower/Leaf Extract, Sodium Benzoate, Biosaccharide Gum4, Decarboxy Carnosine Hcl, Methylisothiazolinone, Thermus Thermophillus Ferment, Helianthus Annuus (Sunflower) Seed Oil, Humulus Lupulus (Hops) Extract, Lapsana Communis Flower/Leaf/Stem Extract, Bocoa Prouacensis Extract, Potassium Sorbate, Camellia Sinensis Leaf Extract, Rhodiola Rosea Root Extract, Sodium Lauryl Sulfate, Ci 15985/Yellow 6.",24,2003,1.7,0.0,https://www.sephora.com/product/extra-firming-day-cream-all-skin-types-P309205?icid2=products%20grid:p309205,1.7,50.588235294117645
Calm Cool & Corrected,DERMAdoctor,moisturizing-cream-oils-mists,85.0,"Caprylic/Capric Triglyceride, Cyclopentasiloxane, Squalane, Glyceryl Stearate, PEG100 Stearate, Petrolatum, Glycerin, Cetyl Alcohol, Cyclohexasiloxane, Aloe Barbadensis (Aloe Vera) Leaf Juice, Dimethicone, Methyl Methacrylate/ Glycol Dimethacrylate Crosspolymer, Pentaerythrityl Tetraisostearate, Butylene Glycol, Dimethicone/Vinyl Dimethicone Crosspolymer, PEG60 Almond Glycerides, Caprylyl Glycol, Nordihydroguaiaretic Acid, Oleanolic Acid, Sodium Hyaluronate, Stearyl Alcohol, Butyrospermum Parkii (Shea Butter), Tocopheryl Acetate (Vitamin E), Camellia Sinensis (White Tea) Leaf Extract, Panthenol, Chamomilla Recutita (Matricaria) Flower Extract, Superoxide Dismutase, Carbomer, Sodium Hydroxide, Citric Acid, Propylene Glycol, Lecithin, Phenoxyethanol, Butylparaben, Ethylparaben, Propylparaben, Methylparaben.",277,4538,1.7,0.0,https://www.sephora.com/product/calm-cool-corrected-P73517?icid2=products%20grid:p73517,1.7,50.0
WHITE Brightening Lotion,Eve Lom,moisturizing-cream-oils-mists,75.0,"Propanediol, Methyl Methacrylate Crosspolymer, Betaine, Glycerin, Phenoxyethanol, Polyacrylate Crosspolymer6, Zinc Pca, Divinyldimethicone/Dimethicone Copolymer, Dipotassium Glycyrrhizate, Lecithin, Foeniculum Vulgare (Fennel) Seed Extract, Ethylhexylglycerin, Algae Extract, Methyl Undecenoyl Leucinate, Sodium Benzoate, Potassium Sorbate, Rosa Damascena Flower Oil, C1213 Pareth3, C1213 Pareth23, Citric Acid, Sodium Hydroxide, Citronellol, Geraniol, Hexanoyl Dipeptide3 Norleucine Acetate",7,1117,4.05,0.0,https://www.sephora.com/product/white-brightening-lotion-P409627?icid2=products%20grid:p409627,4.05,18.51851851851852
Capture Totale C.E.L.L. ENERGY - Firming & Wrinkle-Correcting Crème,Dior,moisturizing-cream-oils-mists,155.0,"Aqua (Water), Glycerin, Propylene Glycol Dicaprylate/Dicaprate, Niacinamide, Alcohol, Butylene Glycol, Prunus Amygdalus Dulcis (Sweet Almond) Oil, Cetearyl Alcohol, Butyrospermum Parkii (Shea) Butter, Pentaerythrityl Tetraisostearate, Limnanthes Alba (Meadowfoam) Seed Oil, Steareth21, Diglycerin, Polyglycerin3, Aframomum Angustifolium Seed Extract, Paeonia Lactiflora Root Extract, Lilium Candidum Bulb Extract, Jasminum Officinale (Jasmine) Flower Extract, Sodium Surfactin, Ceramide Np, Hydrolyzed Soy Protein, Ascorbyl Glucoside, Sodium Tocopheryl Phosphate, Sodium Acetylated Hyaluronate, Adenosine, Xylitol, Trehalose, Palmaria Palmata Extract, Camelina Sativa Seed Oil, Polymethyl Methacrylate, Dimethicone, Cetearyl Glucoside, Parfum (Fragrance), Glyceryl Stearate, Caprylyl Glycol, Chlorphenesin, Acrylates/C1030 Alkyl Acrylate Crosspolymer, Xanthan Gum, Cetyl Palmitate, Cocoglycerides, Sodium Hydroxide, Glucose, Ci 14700 (Red 4), Citric Acid, Sodium Benzoate, Potassium Sorbate, Tocopherol.",9,98,1.7,0.0,https://www.sephora.com/product/dior-capture-totale-cell-energy-firming-wrinkle-correcting-creme-P454806?icid2=products%20grid:p454806,1.7,91.17647058823529
Neuropeptide Firming Moisturizer,Perricone MD,moisturizing-cream-oils-mists,290.0,"Isopropyl Palmitate, Taurine, Cetearyl Alcohol, LTyrosine, Phosphatidylcholine, Ceteareth20, Glyceryl Stearate, PEG100 Stearate, Dimethyl MEA (DMAE), Dimethicone, Phenoxyethanol, Caprylyl Glycol, Pyridoxine HCl, Disodium EDTA, Elaeis Guineensis (Palm) Oil, Tocotrienols, Sorbic Acid, Tocopherol, Sodium Hyaluronate, Acetyl Hexapeptide8 (Neuropeptide), Fragrance.",3,315,2.0,0.0,https://www.sephora.com/product/neuropeptide-firming-moisturizer-P434344?icid2=products%20grid:p434344,2.0,145.0
Daily Deflector™ Waterlight Broad Spectrum SPF 50+ PA+++ Anti-Aging Sunscreen,Kate Somerville,moisturizing-cream-oils-mists,48.0,"Isododecane, Dimethicone, Butyloctyl Salicylate, C1215 Alkyl Benzoate, CocoCaprylate/Caprate, Glycerin, Caprylyl Methicone, Dicaprylyl Ether, Nylon6/12, Dicaprylyl Carbonate, Butylene Glycol, Cetyl PEG/PPG10/1 Dimethicone, Coconut Alkanes, Methylcellulose, Stearic Acid , Polyhydroxystearic Acid, Sodium Hyaluronate, Tocopheryl Acetate, Adenosine, Lentinus Edodes Extract, Trehalose, Triacetin, Tocopherol, Palmitoyl Oligopeptide, Palmitoyl Tetrapeptide7, Urea, Sodium PCA, Parfum (Fragrance), Ethylhexylglycerin, Polysorbate 20, Polyquaternium51, Carbomer, Pentylene Glycol, Sodium Lactate, Disodium EDTA, Benzoic Acid, Potassium Sorbate, Phenoxyethanol, Alumin",71,3431,1.7,0.0,https://www.sephora.com/product/daily-deflector-waterlight-broad-spectrum-spf-50-pa-anti-aging-sunscreen-P381034?icid2=products%20grid:p381034,1.7,28.235294117647058
Balancing Rose Mist,KORA Organics,moisturizing-cream-oils-mists,34.0,"Aloe Barbadensis Leaf Juice, Rosa Damascena Flower Glycerin, Sodium PCA, Aqua (Water), Polyglycerin10Myristate, Glyceryl Caprylate, Morinda Citrifolia Fruit Extract, Hibiscus Sabdariffa Flower Extract, Malpighia Glabra (Acerola) Fruit Extract, Pelargonium Graveolens Flower Oil, Tocopherol, Sodium Levulinate, Sodium Anisate, Maltodextrin, Sea Salt, Lactic Acid, Quartz, Citronellol, Geraniol, Linalool.",22,3695,3.38,0.0,https://www.sephora.com/product/balancing-rose-mist-P423732?icid2=products%20grid:p423732,3.38,10.059171597633137
DD Cream Dermatologically Defining BB Cream Broad Spectrum SPF 30,DERMAdoctor,moisturizing-cream-oils-mists,40.0,"Alumina, Aluminum Hydroxide, Behenyl Alcohol, Butylene Glycol , C1215 Alkyl Benzoate, Caprylic/Capric/Myristic/Stearic Triglyceride, Caprylyl Glycol, Carbomer, Cellulose Gum, Cetyl Alcohol , Dextrin Palmitate, Dimethicone, Dimethylacrylamide/Acrylic Acid/Polystyrene Ethyl Methacrylate, Disodium EDTA , Ethoxydiglycol, Ethylhexylglycerin, Glycerin, Hexylene Glycol, Hydrogenated Lecithin, Isostearic Acid, Lycium Barbarum (Goji) Fruit Extract, Lysine, Magnesium Chloride, Nordihydroguaiaretic Acid, Octyldodecyl Neopentanoate, Oleanolic Acid, Palmitoyl Hexapeptide14, Panthenol, PEG60 Almond Glycerides, Phenoxyethanol, Phospholipids, Phytantriol, Polyglyceryl3 Diisostearate, Polysorbate 80, Potassium Chloride, Silica, Sodium Benzoate, Sodium Chloride, Sodium Dehydroacetate, Sodium Hyaluronate Crosspolymer, Sodium Hydroxide, Squalane, Steareth2, Steareth21, Stearic Acid, Superoxide Dismutase, Tetrahexyldecyl Ascorbate, Tocopherol, Tocopheryl Acetate, Triethoxycaprylylsilane, Triethylhexanoin, Xanthan Gum, Zinc Chloride, May Contain(+/):  Mica,Titanium Dioxide (CI 77891), Iron Oxides  (CI 77491, CI 77492, CI 77499)",283,4343,1.3,0.0,https://www.sephora.com/product/dd-cream-dermatologically-defining-bb-cream-broad-spectrum-spf-30-P381802?icid2=products%20grid:p381802,1.3,30.769230769230766
Kakadu C™ High Potency Evening Oil,DERMAdoctor,moisturizing-cream-oils-mists,74.0,"Caprylic/Capric Triglyceride, Tetrahexyldecyl Ascorbate, Helianthus Annuus (Sunflower) Seed Oil, Caprylyl Glycol, Tocopheryl Acetate, Phenoxyethanol, Ethyl Ferulate, PEG40 Hydrogenated Castor Oil, Oryza Sativa (Rice) Bran Oil, Vitis Vinifera (Grape) Seed Oil, Camellia Sinensis Leaf Extract, Aqua (Water), Glycerin, Ethoxydiglycol, Passiflora Edulis (Maracuja) Oil, Passiflora Incarnata (Passionflower) Oil, Rosa Roxburghii (Chestnut Rose) Extract, Sclerocarya Birrea (Marula) Kernel Oil, Superoxide Dismutase, Emblica Officinalis (Indian Gooseberry) Fruit Extract, Malpighia Punicifolia (Acerola) Extract, Terminalia Ferdinandiana (Kakadu Plum) Fruit Extract.",3,746,1.0,0.0,https://www.sephora.com/product/kakadu-c-tm-high-potency-evening-oil-P430400?icid2=products%20grid:p430400,1.0,74.0
"Resilience Lift Firming/Sculpting Face and Neck Lotion Broad Spectrum SPF 15, Normal/Combination",Estée Lauder,moisturizing-cream-oils-mists,82.0,"Caprylic/Capric Triglyceride, Tetrahexyldecyl Ascorbate, Helianthus Annuus (Sunflower) Seed Oil, Caprylyl Glycol, Tocopheryl Acetate, Phenoxyethanol, Ethyl Ferulate, PEG40 Hydrogenated Castor Oil, Oryza Sativa (Rice) Bran Oil, Vitis Vinifera (Grape) Seed Oil, Camellia Sinensis Leaf Extract, Aqua (Water), Glycerin, Ethoxydiglycol, Passiflora Edulis (Maracuja) Oil, Passiflora Incarnata (Passionflower) Oil, Rosa Roxburghii (Chestnut Rose) Extract, Sclerocarya Birrea (Marula) Kernel Oil, Superoxide Dismutase, Emblica Officinalis (Indian Gooseberry) Fruit Extract, Malpighia Punicifolia (Acerola) Extract, Terminalia Ferdinandiana (Kakadu Plum) Fruit Extract.",3,915,1.7,0.0,https://www.sephora.com/product/resilience-lift-firming-sculpting-face-neck-lotion-broad-spectrum-spf-15-normal-combination-P380040?icid2=products%20grid:p380040,1.7,48.23529411764706
Blue Herbal Moisturizer,Kiehl's Since 1851,moisturizing-cream-oils-mists,25.0,WaterGlycerinMontmorilloniteDimethiconeCyclohexasiloxaneGlyceryl Stearate SePolyglyceryl3 Methylglucose DistearateStearyl AlcoholPentylene GlycolPropylene GlycolMethylparabenChlorphenesinXanthan GumCarbomeSodium HydroxideSodium PcaButylparabenDipropylene GlycolTetrasodium EdtaLaminaria Saccharina ExtractMentholAloe Barbadensis Leaf JuiceBoswellia Serrata ExtractCamphorHamamelis Virginiana (Witch Hazel) Leaf ExtractPoterium Officinale Root ExtractZingiber Officinale (Ginger) Root ExtractCinnamomum Cassia Bark ExtractBlue 1.,20,1006,3.4,0.0,https://www.sephora.com/product/blue-herbal-moisturizer-P422256?icid2=products%20grid:p422256,3.4,7.352941176470589
Boosted Contouring Serum,Tata Harper,moisturizing-cream-oils-mists,295.0,WaterGlycerinMontmorilloniteDimethiconeCyclohexasiloxaneGlyceryl Stearate SePolyglyceryl3 Methylglucose DistearateStearyl AlcoholPentylene GlycolPropylene GlycolMethylparabenChlorphenesinXanthan GumCarbomeSodium HydroxideSodium PcaButylparabenDipropylene GlycolTetrasodium EdtaLaminaria Saccharina ExtractMentholAloe Barbadensis Leaf JuiceBoswellia Serrata ExtractCamphorHamamelis Virginiana (Witch Hazel) Leaf ExtractPoterium Officinale Root ExtractZingiber Officinale (Ginger) Root ExtractCinnamomum Cassia Bark ExtractBlue 1.,1,285,1.0,0.0,https://www.sephora.com/product/boosted-contouring-serum-P449409?icid2=products%20grid:p449409,1.0,295.0
Pure Shots Perfect Plumper Face Cream,Yves Saint Laurent,moisturizing-cream-oils-mists,88.0,"Aqua / Glycerin, Butyrospermum Parkii Butter / Shea Butter, Cyclohexasiloxane, Isononyl Isononanoate, Butylene Glycol, Dimethicone, Isopropyl Lauroyl Sarcosinate, Peg100 Stearate, Glyceryl Stearate, Citrus Aurantium Amara Flower Extract / Bitter Orange Flower Extract, Adenosine, Capryloyl Salicylic Acid, Disodium Edta, Ribose, Sodium Hydroxide, Niacinamide, Panthenol, Tocopherol, Cera Alba / Beeswax, Boron Nitride, Stearalkonium Hectorite, Acrylates/Beheneth25 Methacrylate Copolymer, Acrylates/C1030, Alkyl Acrylate Crosspolymer, Behenyl Alcohol, Biosaccharide Gum1, Caprylyl Glycol, Cetyl Hydroxyethylcellulose, Ci 77891 / Titanium Dioxide, Citric Acid, Mica, Myristic Acid, Palmitic Acid, Potassium Cetyl Phosphate, Propylene Carbonate, Propylene Glycol, Stearic Acid, Tin Oxide, Dimethiconol, Polysilicone11, Benzyl Alcohol, Geraniol, Linalool, Ci 14700 / Red 4, Ci 15985 / Yellow 6, Ci 19140 / Yellow 5, Chlorphenesin, Phenoxyethanol, Parfum / Fragrance.",1,164,1.6,0.0,https://www.sephora.com/product/yves-saint-laurent-pure-shots-perfect-plumper-face-cream-P454079?icid2=products%20grid:p454079,1.6,55.0
White Lotus Moisturizing Jelly,KENZOKI,moisturizing-cream-oils-mists,45.0,"Hyaluronic Acid: Has a very high moisturizing action (it can retain up to 1,000 times its weight in water).",1,177,1.7,0.0,https://www.sephora.com/product/white-lotus-moisturizing-jelly-P427533?icid2=products%20grid:p427533,1.7,26.47058823529412
Neuropeptide Night Cream,Perricone MD,moisturizing-cream-oils-mists,240.0,"Glycerin, Isononyl Isononanoate, Pentaerythrityl Tetraethylhexanoate, Cetearyl Alcohol, Butyrospermum Parkii (Shea) Butter, C1220 Acid PEG8 Ester, Dimethyl Isosorbide, C1018 Triglycerides, Isodecyl Salicylate, Butylene Glycol, Hydroxyethyl Acrylate/Sodium Acryloyldimethyl Taurate Copolymer, Squalane, C1215 Alkyl Benzoate, Dimethicone, Polymethyl Methacrylate, Dimethyl MEA, Acetyl Hexapeptide8, Pentapeptide18, Tetrapeptide21, Dipeptide2, Palmitoyl Tetrapeptide7, Palmitoyl Hexapeptide12, Tyrosine, Tocopheryl Acetate, Dipotassium Glycyrrhizate, Hesperidin Methyl Chalcone, Ceramide NG, Fructose, Allantoin, Trehalose, Maltose, Glucose, Sodium Hyaluronate, Citric Acid, Sodium Hydroxide, Disodium EDTA, Sodium Chloride, Steareth20, Polysorbate 60, Caprylyl Glycol, Tribehenin, CocoGlucoside, Pentylene Glycol, Hexylene Glycol, Urea, PEG10 Rapeseed Sterol, Sodium Lactate, Sodium PCA, Phenoxyethanol, Potassium Sorbate, Fragrance/Parfum, Linalool, Limonene.",0,226,2.5,0.0,https://www.sephora.com/product/neuropeptide-night-cream-P434343?icid2=products%20grid:p434343,2.5,96.0
Pure Shots Perfect Plumper Face Cream Refill,Yves Saint Laurent,moisturizing-cream-oils-mists,70.0,"Aqua / Glycerin, Butyrospermum Parkii Butter / Shea Butter, Cyclohexasiloxane, Isononyl Isononanoate, Butylene Glycol, Dimethicone, Isopropyl Lauroyl Sarcosinate, Peg100 Stearate, Glyceryl Stearate, Citrus Aurantium Amara Flower Extract / Bitter Orange Flower Extract, Adenosine, Capryloyl Salicylic Acid, Disodium Edta, Ribose, Sodium Hydroxide, Niacinamide, Panthenol, Tocopherol, Cera Alba / Beeswax, Boron Nitride, Stearalkonium Hectorite, Acrylates/Beheneth25 Methacrylate Copolymer, Acrylates/C1030, Alkyl Acrylate Crosspolymer, Behenyl Alcohol, Biosaccharide Gum1, Caprylyl Glycol, Cetyl Hydroxyethylcellulose, Ci 77891 / Titanium Dioxide, Citric Acid, Mica, Myristic Acid, Palmitic Acid, Potassium Cetyl Phosphate, Propylene Carbonate, Propylene Glycol, Stearic Acid, Tin Oxide, Dimethiconol, Polysilicone11, Benzyl Alcohol, Geraniol, Linalool, Ci 14700 / Red 4, Ci 15985 / Yellow 6, Ci 19140 / Yellow 5, Chlorphenesin, Phenoxyethanol, Parfum / Fragrance.",0,226,1.6,0.0,https://www.sephora.com/product/yves-saint-laurent-pure-shots-perfect-plumper-face-cream-refill-P454080?icid2=products%20grid:p454080,1.6,43.75
Superfood Antioxidant Cleanser,Youth To The People,cleanser,36.0,"Sodium Cocoyl Glutamate, Cocamidopropyl Betaine, Panthenol (Vitamin B5),Tocopheryl Acetate (Vitamin E), Ascorbic Acid (Vitamin C), Butylene Glycol, Brassica Oleracea(Kale) Leaf Extract, Spinacia Oleracea (Spinach) Leaf Extract, Camellia Sinensis (Green Tea)Leaf Extract, Chamomilla Recutita (Matricaria) Flower Extract, Medicago Sativa (Alfalfa) Extract,Aloe Barbadensis (Aloe Vera) Leaf Extract, Natural Fragrance, Lecithin, HydroxypropylMethylcellulose, Phenoxyethanol, Potassium Sorbate, Sodium Benzoate, Chlorophyll.",1000,76936,0.0,8.0,https://www.sephora.com/product/kale-spinach-green-tea-age-prevention-cleanser-P411387?icid2=products%20grid:p411387,8.0,4.5
Glycolic Acid 7% Toning Solution,The Ordinary,cleanser,8.7,"Glycolic Acid, Rosa damascena flower water, Centaurea cyanus flower water, Aloe Barbadensis Leaf Propanediol, Glycerin, Triethanolamine, Aminomethyl Propanol, Panax Ginseng Root Extract, Tasmannia Lanceolata Fruit/Leaf Extract, Aspartic Acid, Alanine, Glycine, Serine, Valine, Isoleucine, Proline, Threonine, Histidine, Phenylalanine, Glutamic Acid, Arginine, PCA, Sodium PCA, Sodium Lactate, Fructose, Glucose, Sucrose, Urea, Hexyl Nicotinate, Dextrin, Citric Acid, Polysorbate 20, Gellan Gum, Trisodium Ethylenediamine Disuccinate, Sodium Chloride, Hexylene Glycol, Potassium Sorbate, Sodium Benzoate, 1,2Hexanediol, Caprylyl Glycol.",1000,168585,8.0,0.0,https://www.sephora.com/product/the-ordinary-deciem-glycolic-acid-7-toning-solution-P427406?icid2=products%20grid:p427406,8.0,1.0875
Green Clean Makeup Removing Cleansing Balm,Farmacy,cleanser,34.0,"Cetyl Ethylhexanoate, Caprylic/Capric Triglyceride, Peg20 Glyceryl Triisostearate, Peg10 Isostearate, Polyethylene, Echinacea Purpurea Root Extract, Carica Papaya (Papaya) Fruit Extract, Moringa Pterygosperma Seed Extract, Moringa Oleifera Seed Oil, Zingiber Officinale (Ginger) Root Oil, Helianthus Annuus (Sunflower) Seed Oil, Sorbitan Sesquioleate, Citrus Aurantifolia (Lime) Oil, Citrus Aurantium Bergamia (Bergamot) Fruit Oil, Glycerin, Melia Azadirachta Leaf Extract, Melia Azadirachta Flower Extract, Corallina Officinalis Extract, Citrus Aurantium Dulcis (Orange) Peel Oil, Amber Powder, Cananga Odorata Flower Oil, Coccinia Indica Fruit Extract, Solanum Melongena (Eggplant) Fruit Extract, Curcuma Longa (Turmeric) Root Extract, Ocimum Sanctum Leaf Extract, Butylene Glycol, Disodium Phosphate, Citric Acid, Phenoxyethanol, Citral, Limonene, Linalool.",3000,181566,0.0,3.4,https://www.sephora.com/product/green-clean-makeup-meltaway-cleansing-balm-P417238?icid2=products%20grid:p417238,3.4,10.0
Soy Face Cleanser,Fresh,cleanser,38.0,"CocoGlucoside, Glycerin, Butylene Glycol, PEG7 Glyceryl Cocoate, Xanthan Gum, Glycine Soja (Soybean) Oil, Helianthus Annuus (Sunflower) Seed Oil, Borago Officinalis Seed Oil, Aloe Barbadensis Leaf Juice, Cucumis Sativus (Cucumber) Fruit Extract, Rosa Damascena Extract, Rosa Damascena Flower Centaurea Cyanus Flower Extract, Glycine Soja (Soybean) Sterols, Panax Ginseng Root Extract, Rosa Damascena Flower Oil, Malva Sylvestris (Mallow) Flower Extract, Tocopherol, Ascorbyl Palmitate, PEG120 Methyl Glucose Dioleate, PEG40 Hydrogenated Castor Oil, Caprylyl Glycol, Polysorbate 20, Caprylic/Capric Triglyceride, Silica, Benzoic Acid, Disodium EDTA, Citric Acid, Behenyl Alcohol, Glyceryl Stearate, Lecithin, Pentylene Glycol, Hydrolyzed Soy Protein, Caramel, Sodium Benzoate, Potassium Sorbate, Phenoxyethanol.",7000,168737,0.0,5.1,https://www.sephora.com/product/soy-face-cleanser-P7880?icid2=products%20grid:p7880,5.1,7.450980392156863
The Deep Cleanse Exfoliating Cleanser,Tatcha,cleanser,38.0,* Hadasei3,1000,92912,0.0,5.0,https://www.sephora.com/product/the-deep-cleanse-P427536?icid2=products%20grid:p427536,5.0,7.6
Cleansing & Exfoliating Wipes,SEPHORA COLLECTION,cleanser,8.0,"Aqua (Water), Caprylic/Capric Triglyceride, Peg40 Hydrogenated Castor Oil, Phenoxyethanol, Glycerin, Parfum (Fragrance), Benzyl Alcohol, Ethylhexylglycerin, Glyceryl Stearate, Lauryl Glucoside, Sodium Lauroyl Lactylate, Citric Acid, Cetearyl Alcohol, Sodium Stearoyl Lactylate, Limonene, Cannabis Sativa Seed Oil, Tocopherol.",3000,207690,0.0,0.0,https://www.sephora.com/product/cleansing-exfoliating-wipes-P409800?icid2=products%20grid:p409800,4.92609452736319,1.6240045649879542
The Rice Polish Foaming Enzyme Powder,Tatcha,cleanser,65.0,"Microcrystalline Cellulose, Oryza Sativa (Rice) Powder, Sodium Lauryl Phosphate, Sodium Palmoyl Glutamate, Sodium Lauroyl Glutamate, Lauryl Betaine, Sodium Lauroyl Methylaminopropionate, Saccharomyces/Camellia Sinensis Leaf/Cladosiphon Okamuranus/Rice Ferment Filtrate*, Papain, Oryza Sativa (Rice) Bran, Sericin, Hydrolyzed Silk, Propanediol, Dextrin, Phytosteryl/Octyldodecyl Lauroyl Glutamate, Ethylhexylglycerin, Tocopherol, Propyl Alcohol, Alcohol, Phenoxyethanol. *Hadasei3.",1000,97066,2.1,0.0,https://www.sephora.com/product/polished-rice-enzyme-powder-P426340?icid2=products%20grid:p426340,2.1,30.952380952380953
Beste™ No. 9 Jelly Cleanser,Drunk Elephant,cleanser,32.0,"Glycerin, Cocamidopropyl Betaine, CocoGlucoside, Sodium Lauroyl Methyl Isethionate, Cocamidopropyl Hydroxysultaine, Sodium Methyl Oleoyl Taurate, Propanediol, Aloe Barbadensis Leaf Extract, Glycolipids, LinoleicAcid, Linolenic Acid, Lauryl Glucoside, Cucumis Melo Cantalupensis Fruit Extract, SclerocaryaBirrea Seed Oil, Dipotassium Glycyrrhizate, Tocopherol, Citric Acid, Phenoxyethanol, Sodium Hydroxide, Sodium Benzoate, Sodium Chloride, Polylysine.",1000,67248,5.0,0.0,https://www.sephora.com/product/beste-no-9-jelly-cleanser-P426836?icid2=products%20grid:p426836,5.0,6.4
Purity Made Simple Cleanser,philosophy,cleanser,24.0,"Sodium Lauroamphoacetate, Sodium Trideceth Sulfate, Limnanthes Alba (Meadowfoam) Seed Oil, CocoGlucoside, Coconut Alcohol, Peg120 Methyl Glucose Dioleate, Glycerin, Carbomer, Isopropyl Alcohol, Polysorbate 20, Citric Acid, Imidazolidinyl Urea, Methylparaben, Aniba Rosaeodora (Rosewood) Wood Oil, Propylparaben, Triethanolamine, Amyris Balsamifera Bark Oil, Bulnesia Sarmientoi Wood Oil, Cymbopogon Martini Oil, Pelargonium Graveolens Flower Oil, Rosa Centifolia Flower Oil, Santalum Album (Sandalwood) Oil, Daucus Carota Sativa (Carrot) Seed Oil, Mimosa Tenuiflora Bark Extract, Ormenis Multicaulis Oil, Piper Nigrum (Pepper) Fruit Oil, Salvia Sclarea (Clary) Oil, Fd&amp;C Yellow No. 5 (Ci 19140).",11000,172523,0.0,8.0,https://www.sephora.com/product/purity-made-simple-P7109?icid2=products%20grid:p7109,8.0,3.0
Daily Microfoliant Exfoliator,Dermalogica,cleanser,59.0,"Microcrystalline Cellulose, Magnesium Oxide, Sodium Cocoyl Isethionate, Sodium Lauroyl Glutamate, Colloidal Oatmeal, Disodium Lauryl Sulfosuccinate, Oryza Sativa (Rice) Bran, Oryza Sativa (Rice) Starch, Allantoin, Papain, Salicylic Acid, Ginkgo Biloba Leaf Extract, Camellia Sinensis Leaf Extract, Glycyrrhiza Glabra (Licorice) Root Extract, PCA, Hydrolyzed Wheat Protein, Populus Tremuloides Bark Extract, Cyclodextrin, Lauryl Methacrylate/Glycol Dimethacrylate Crosspolymer, Melaleuca Alternifolia (Tea Tree) Leaf Oil, Limonene, Citrus Paradisi (Grapefruit) Peel Oil, Citric Acid, Titanium Dioxide (CI 77891) , Hexylene Glycol.",274,23787,0.0,2.6,https://www.sephora.com/product/daily-microfoliant-P423688?icid2=products%20grid:p423688,2.6,22.69230769230769
Squalane Cleanser,The Ordinary,cleanser,7.9,"Squalane, CocoCaprylate/Caprate, Glycerin, Sucrose Stearate, Ethyl Macadamiate, Caprylic/Capric Triglyceride, Sucrose Laurate, Hydrogenated Starch Hydrolysate, Sucrose Dilaurate, Sucrose Trilaurate, Polyacrylate Crosspolymer6, Isoceteth20, Sodium Polyacrylate, Tocopherol, Hydroxymethoxyphenyl Decanone, Trisodium Ethylenediamine Disuccinate, Malic Acid, Ethylhexylglycerin, Chlorphenesin.",195,23969,0.0,1.7,https://www.sephora.com/product/the-ordinary-squalane-cleanser-P444718?icid2=products%20grid:p444718,1.7,4.647058823529412
Truth Juice™ Daily Cleanser,OLEHENRIKSEN,cleanser,28.0,"Sodium Cocoyl Isethionate, Sodium Cocoamphoacetate, Cocamidopropyl Hydroxysultaine, Sodium Chloride, Acrylates/Beheneth25 Methacrylate Copolymer, Phenoxyethanol, Citrus Aurantium Dulcis (Orange) Oil, Glycol Distearate, Gluconolactone, Propanediol, Glycerin, 1,2Hexanediol, Citrus Aurantium Dulcis (Orange) Peel Oil, Sodium Benzoate, Citrus Aurantium Dulcis (Orange) Fruit Titanium Dioxide (Ci 77891), Citrus Sinensis (Orange) Fruit Extract, Triethyl Citrate, Caprylhydroxamic Acid, Citrus Aurantium Dulcis (Orange) Fruit Extract, Citrus Limon (Lemon) Fruit Extract, Hippophae Rhamnoides Kernel Extract, Lycium Barbarum Fruit Extract, Rosa Canina Fruit Extract, Calcium Gluconate, Helianthus Annuus (Sunflower) Seed Oil, Leuconostoc/Radish Root Ferment Filtrate, Sodium Hydroxide, Yellow 6 (Ci 15985), Citric Acid, Potassium Sorbate, Xanthan Gum, Sodium Citrate, Limonene, Linalool.",107,13584,5.0,0.0,https://www.sephora.com/product/ole-henriksen-truth-juice-daily-cleanser-P453227?icid2=products%20grid:p453227,5.0,5.6
Glow2OH™ Dark Spot Toner,OLEHENRIKSEN,cleanser,29.0,"Glycolic Acid, Hamamelis Virginiana (Witch Hazel) Lactic Acid, Sodium Hydroxide, Polysorbate 20, Phenoxyethanol, Fragrance, Phytic Acid, Ethylhexylglycerin, Glycerin, Chamomilla Recutita (Matricaria) Flower Extract, Citrus Limon (Lemon) Fruit Extract, Glycyrrhiza Glabra (Licorice) Root Extract, Saccharum Officinarum (Sugar Cane) Extract, Santalum Album (Sandalwood) Extract, Benzoic Acid, Leuconostoc/Radish Root Ferment Filtrate, Tocopherol, Citral, Limonene, Linalool.",2000,72641,0.0,6.5,https://www.sephora.com/product/glow2oh-dark-spot-toner-P439061?icid2=products%20grid:p439061,6.5,4.461538461538462
Take The Day Off Cleansing Balm,CLINIQUE,cleanser,30.0,"Ethylhexyl Palmitate , Carthamus Tinctorius (Safflower) Seed Oil , Caprylic/Capric Triglyceride , Sorbeth30 Tetraoleate , Polyethylene , Peg5 Glyceryl Triisostearate , Tocopherol , Phenoxyethanol <iln30654></iln30654>",3000,139674,0.0,3.8,https://www.sephora.com/product/take-the-day-off-cleansing-balm-P126301?icid2=products%20grid:p126301,3.8,7.894736842105264
Rose Deep Hydration Facial Toner,Fresh,cleanser,45.0,"Glycerin, Butylene Glycol, Rosa Centifolia Flower, Rosa Damascena Flower Rosa Multiflora Fruit Extract, Angelica Keiskei Extract, Rosa Damascena Flower Oil, Sodium Hyaluronate, PEG150, PPG26Buteth26, PEG40 Hydrogenated Castor Oil, Sodium Citrate, Xanthan Gum, Citric Acid, BHT, Parfum (Fragrance), Phenoxyethanol, Citronellol, Geraniol.",1000,121977,0.0,8.4,https://www.sephora.com/product/rose-deep-hydration-facial-toner-P417936?icid2=products%20grid:p417936,8.4,5.357142857142857
Bi-Facil Double-Action Eye Makeup Remover,Lancôme,cleanser,30.0,"Aqua/Cyclopentasiloxane, Isohexadecane, Sodium Chloride, Poloxamer 184, Hexylene Glycol, Dipotassium Phosphate, Benzyl Alcohol, Potassium Phosphate, Quaternium15, Benzalkonium Chloride, Parfum / Fragrance, Citronellol, Geraniol.",3000,52966,0.0,4.2,https://www.sephora.com/product/bi-facil-double-action-eye-makeup-remover-P54477?icid2=products%20grid:p54477,4.2,7.142857142857142
Pure Skin Face Cleanser,First Aid Beauty,cleanser,21.0,"Sodium Cocoyl Isethionate, Glycerin, Stearic Acid, Hydrogenated Coconut Acid, Sodium Isethionate, Stearyl Alcohol, Allantoin, Chrysanthemum Parthenium (Feverfew) Extract, Camellia Sinensis Leaf Extract, Glycyrrhiza Glabra (Licorice) Extract, Aloe Barbadensis Leaf Juice, Tocopherol, Caprylyl Glycol, Sodium PCA, CocoGlucoside, Glyceryl Oleate, Hydroxypropyl Methylcellulose, Hydrogenated Palm Glycerides Citrate, Disodium Cocoamphodiacetate, Phenoxyethanol, Sodium Chloride, Disodium EDTA, Citric Acid, Maltodextrin, Leuconostoc/Radish Root Ferment Filtrate, EDTA.",3000,85588,0.0,5.0,https://www.sephora.com/product/face-cleanser-P248404?icid2=products%20grid:p248404,5.0,4.2
Super Amino Gel Cleanser,Summer Fridays,cleanser,38.0,"Water (Aqua), CocoGlucoside, Disodium Cocoamphodiacetate, Glycerin, Sodium Lauroamphoacetate, Aloe Barbadensis (Aloe Vera) Leaf Juice, Sodium PCA, Sodium Lactate, Arginine, Aspartic Acid, PCA, Glycine, Alanine, Serine, Valine, Proline, Threonine, Isoleucine, Histidine, Phenylalanine, Maris Sal (Atomized Sea Water), Helianthus Annuus (Sunflower) Seed Oil, Phytosteryl/Octyldodecyl Lauroyl Glutamate, Tocopheryl (Vitamin E) Acetate, Natural Fragrance, Acrylates/C1030 Alkyl Acrylate Crosspolymer, Citric Acid, Phenoxyethanol, Ethylhexylglycerin.",0,3710,5.0,0.0,https://www.sephora.com/product/summer-fridays-super-amino-gel-cleanser-P455242?icid2=products%20grid:p455242,5.0,7.6
Balancing Force™ Oil Control Toner,OLEHENRIKSEN,cleanser,29.0,"Polysorbate 20, Hamamelis Virginiana (Witch Hazel) Gylcerin, Gluconolactone, Glycolic Acid, Lactic Acid, Oleth20, Salicylic Acid, Sodium Hydroxide, Sodium Benzoate, Menthyl Lactate, Eucalpytus Globulus Leaf Oil, Mentha Piperita (Peppermint) Oil, Melia Azadirachta Seed Oil, Linoleic Acid, Macrocystis Pyrifera (Kelp) Extract, Eucalyptus Globulus Leaf Extract, Chondrus Crispus (Carrageenan) Extract, Camellia Sinensis Leaf Extract, Linolenic Acid, Phenoxyethanol, Calcium Gluconate, Benzoic Acid, Tocopherol, Limonene.",1000,67924,6.5,0.0,https://www.sephora.com/product/balancing-force-oil-control-toner-P416816?icid2=products%20grid:p416816,6.5,4.461538461538462
ExfoliKate® Intensive Pore Exfoliating Treatment,Kate Somerville,cleanser,24.0,"Lactic Acid, Silica, Glycine Soja (Soybean) Oil, Pectin, Cetearyl Alcohol, Carica Papaya (Papaya) Fruit, Ceteareth20, Cetyl Alcohol, Phenoxyethanol, Dehydroxanthan Gum, Glyceryl Stearate, PEG100 Stearate, Salicylic Acid, Lactobacillus/Pumpkin Ferment Extract, Alcohol Denat., Sorbic Acid, Cinnamal, Mel/Honey/Miel, Citrus Aurantium Bergamia (Bergamot) Fruit Oil, Eugenol, Potassium Sorbate, Limonene, Linalool, Lavandula Angustifolia (Lavender) Oil, BetaCarotene, Aloe Barbadensis Leaf Juice Powder, Bromelain, Papain, Retinyl Palmitate, Tocopheryl Acetate, Cinnamomum Cassia Leaf Oil, Acetic Acid, Pogostemon Cablin Oil, Pelargonium Graveolens Flower Oil, Aniba Rosaeodora (Rosewood) Wood Extract, Citrus Aurantium Dulcis (Orange) Peel Oil, CI 75810 (ChlorophyllinCopper Complex).",2000,56428,0.0,0.5,https://www.sephora.com/product/exfolikate-intensive-exfoliating-treatment-P232915?icid2=products%20grid:p232915,0.5,48.0
Calendula Herbal Extract Alcohol Free Toner,Kiehl's Since 1851,cleanser,38.0,"Propylene Glycol, Pentylene Glycol, Methylparaben, Disodium EDTA, Arctium Lappa Extract/Arctium Lappa Root Extract, Calendula Officinalis Extract/Calendula Officinalis Flower Extract, Calendula Officinalis Flower Extract, Hydrolyzed Corn Starch, Allantoin, Hedera Helix Extract  Ivy Leaf/Stem Extract, Althaea Officinalis/Althaea Officinalis Root Extract.",133,24410,0.0,8.4,https://www.sephora.com/product/calendula-herbal-extract-alcohol-free-toner-P421997?icid2=products%20grid:p421997,8.4,4.523809523809524
Checks and Balances™ Frothy Face Wash,Origins,cleanser,24.0,"Lavandula Angustifolia (Lavender) Flower Myristic Acid, Glycerin, Behenic Acid, Sodium Methyl Cocoyl Taurate, Palmitic Acid, Potassium Hydroxide, Lauric Acid, Stearic Acid, Anthemis Nobilis Flower Oil *, Mentha Viridis (Spearmint) Leaf Oil*, Pelargonium Graveolens Flower Oil*, Lavandula Hybrida Oil*, Citrus Aurantium Bergamia (Bergamot) Fruit Oil*, Styrax Benzoin Gum, Linalool, Peg3 Distearate, Tourmaline, Laminaria Saccharina Extract, Hydrolyzed Wheat Protein, Cetearyl Alcohol, Polyquaternium7, Butylene Glycol, Disodium Edta, Methylchloroisothiazolinone, Methylisothiazolinone.*Essential Oil.",2000,77499,0.0,5.0,https://www.sephora.com/product/checks-balances-frothy-face-wash-P297516?icid2=products%20grid:p297516,5.0,4.8
"Take The Day Off Makeup Remover For Lids, Lashes & Lips",CLINIQUE,cleanser,19.5,"Isohexadecane , Dimethicone , Cyclopentasiloxane , Trisiloxane , Peg4 Dilaurate , Lauryl Methyl Gluceth10 Hydroxypropyldimonium Chloride , Hexylene Glycol , Sodium Chloride , Potassium Phosphate , Dipotassium Phosphate , Dipotassium Edta , Phenoxyethanol <iln29490>",3000,67918,0.0,4.2,https://www.sephora.com/product/take-the-day-off-makeup-remover-for-lids-lashes-lips-P122735?icid2=products%20grid:p122735,4.2,4.642857142857142
Slaai™  Makeup-Melting Butter Cleanser,Drunk Elephant,cleanser,34.0,"Bambusa Arundinacea Stem Extract, Charcoal Powder, Microcrystalline Cellulose, Mannitol, Zea Mays (Corn) Starch, Potassium Sorbate.",838,47052,0.0,0.0,https://www.sephora.com/product/slaai-makeup-melting-butter-cleanser-P442566?icid2=products%20grid:p442566,4.92609452736319,6.902019401198806
Waterproof Eye Makeup Remover,SEPHORA COLLECTION,cleanser,11.0,"Bambusa Arundinacea Stem Extract, Charcoal Powder, Microcrystalline Cellulose, Mannitol, Zea Mays (Corn) Starch, Potassium Sorbate.",3000,68564,0.0,4.2,https://www.sephora.com/product/waterproof-eye-makeup-remover-P276319?icid2=products%20grid:p276319,4.2,2.619047619047619
Facial Cotton,Shiseido,cleanser,12.0,"Bambusa Arundinacea Stem Extract, Charcoal Powder, Microcrystalline Cellulose, Mannitol, Zea Mays (Corn) Starch, Potassium Sorbate.",2000,95088,0.0,0.0,https://www.sephora.com/product/facial-cotton-P173726?icid2=products%20grid:p173726,4.92609452736319,2.436006847481931
The Clean Truth™ Foaming Cleanser,OLEHENRIKSEN,cleanser,30.0,"Sodium Methyl Cocoyl Taurate, Cocamidopropyl Betaine, PPG5Ceteth20, Fragrance, Cocamidopropyl PGDimonium Chloride Phosphate, PEG8 Dimethicone, Phenoxyethanol, PEG8 Ricinoleate, Leuconostoc/Radish Root Ferment Filtrate, Citric Acid, Ascorbic Acid, Aloe Barbadensis Leaf Juice, Glycerin, Calcium Ascorbate, Cucurbita Pepo (Pumpkin) Fruit Extract, Chamomilla Recutita (Matricaria) Flower Extract, Aspalathus Linearis Leaf Extract, Ribes Nigrum (Black Currant) Seed Oil, Linum Usitatissimum (Linseed) Seed Oil, Daucus Carota Sativa (Carrot) Seed Oil, Borago Officinalis Seed Oil, Butyrospermum Parkii (Shea) Butter, Sodium Benzoate, Potassium Sorbate, Sodium Sulfite, Limonene.",1000,52649,0.0,7.0,https://www.sephora.com/product/the-clean-truth-foaming-cleanser-P211343?icid2=products%20grid:p211343,7.0,4.285714285714286
Sugar Strawberry Exfoliating Face Wash,Fresh,cleanser,33.0,"Glycerin, Sucrose, Butylene Glycol, Fragaria Vesca (Strawberry) Fruit Extract, PEG6 Caprylic/Capric Glycerides, Ribes Nigrum (Black Currant) Fruit Extract, Zea Mays (Corn) Starch, Vitis Vinifera (Grape) Seed Oil, Fragaria Ananassa (Strawberry) Fruit Juice, Sapindus Mukorossi Peel Extract, Tocopherol, Parfum (Fragrance), Carbomer, Sodium Hydroxide, BHT, Potassium Sorbate, Phenoxyethanol, Limonene, Citral, Benzyl Alcohol, Linalool.",916,34416,0.0,4.2,https://www.sephora.com/product/sugar-strawberry-exfoliating-face-wash-P445827?icid2=products%20grid:p445827,4.2,7.857142857142857
Transforming Walnut Scrub,OLEHENRIKSEN,cleanser,28.0,"Cocamidopropyl Hydroxysultaine, Juglans Regia (Walnut) Shell Powder, Glyceryl Stearate SE, Sodium Lauroyl Sarcosinate, Prunus Armenaica (Apricot) Seed Powder, Cetyl Alcohol, Sorbitol, Acrylates Copolymer, Parfum/Fragrance, Benzyl Alcohol, Sodium Chloride, Phenoxyethanol, Chlorphenesin, Caprylyl Glycol, Glycerin, Sodium Benzoate, Glycol Distearate, Cocomidopropyl Betaine, Hexylene Glycol, Ethylhexylglycerin, Potassium Hydroxide, Tetrasodium EDTA, Laureth4, Panax Ginseng Root Extract, Chamomilla Recutita (Chamomile) Flower Extract, Calendula Officinalis (Calendula) Flower Extract, Tocopheryl Acetate, Lecithin, Allantoin, Aloe Barbadensis Leaf Juice Powder, Citric Acid, Linalool, Hexyl Cinnamal, Limonene.",1000,48450,3.0,0.0,https://www.sephora.com/product/transforming-walnut-scrub-P42318?icid2=products%20grid:p42318,3.0,9.333333333333334
Greek Yoghurt Foaming Cream Cleanser ,KORRES,cleanser,26.0,"WaterSodium Cocoyl Isethionate, CocobetaineCetearyl Alcohol, DisodiuLauryl Sulfosuccinate, Zea Mays (CornStarch, Glycerin, CocamidopropyBetaine, Sodium Methyl Cocoyl TaurateMagnesium Aluminum Silicate, GlyceryLaurate, Sclerotium Gum, AlcoholAmaranthus Caudatus Seed ExtractHydrogenated Castor Oil, HydrolyzeRice Protein, Lactis Proteinum/WheProtein/Protéine Du Lait, LactoseLonicera Caprifolium (HoneysuckleFlower Extract, Lonicera Japonic(Honeysuckle) Flower ExtractParfum/Fragrance, Sodium CocoyAlaninate, Sodium Cocoyl HydrolyzeAmaranth Protein, Sodium PhytateTitanium Dioxide, Yogurt Powder",3000,50225,0.0,5.07,https://www.sephora.com/product/greek-yoghurt-foaming-cream-cleanser-P392253?icid2=products%20grid:p392253,5.07,5.128205128205128
Ready Steady Glow Daily AHA Toner,REN Clean Skincare,cleanser,38.0,"REN does not use skin unfriendly ingredients, all products are free from synthetic fragrance, poreblocking petrochemicals, sulfate detergents, silicones, synthetic colors, animal ingredients, and parabens. In addition, REN products do not contain potential irritants including: glycols and diglycols (such as propylene glycol), PEG's, PPGs, urea, D.E.A, T.E.A, PABA, and other synthetic sunscreens, aliphatic alcohols/hydrocarbons, phthalates, fumarates, amines, alkanolamines, synthetic AHAs/BHAs, polyacrylamide, metacrylate, elastomer, poloxamer, styrene, vinyl, polyquaternium, synthetic chelating agents, nylon, nitriles, nitrates, nitrosamine releasers, bromates, fluor, aluminum, and alumina",589,37523,0.0,8.5,https://www.sephora.com/product/ready-steady-glow-daily-aha-tonic-P428095?icid2=products%20grid:p428095,8.5,4.470588235294118
CoQ-10 Toner,Indie Lee,cleanser,34.0,"Aloe Barbadensis, Ubiquinone (Coenzyme Q10), Hyaluronic Acid, Anthemis Nobilis (Chamomile), Salvia Officinalis (Sage), Carica Papaya Leaf Extract, Cucums Sativus (Cucumber) Extract, Citrus Aurantium Flower Oil, Propanediol, Ethylhexylglycerin, Potassium Sorbate",233,21841,4.2,0.0,https://www.sephora.com/product/coq-10-toner-P432272?icid2=products%20grid:p432272,4.2,8.095238095238095
Special Cleansing Gel,Dermalogica,cleanser,39.0,"Sodium Laureth Sulfate, Disodium Lauroamphodiacetate, Sodium Trideceth Sulfate, Hexylene Glycol, Hydroxyethylcellulose, Lavandula Angustifolia (Lavender) Extract, Melissa Officinalis Leaf Extract, Quillaja Saponaria Bark Extract, Lavandula Angustifolia (Lavender) Oil, PPG5Ceteth20, Citric Acid, Sodium Chloride, Phenoxyethanol, Methylparaben, Propylparaben.",167,9259,0.0,8.4,https://www.sephora.com/product/special-cleansing-gel-P423136?icid2=products%20grid:p423136,8.4,4.642857142857142
ExfoliKate® Cleanser Daily Foaming Wash,Kate Somerville,cleanser,38.0,"Stearic Acid, Sodium Cocoyl Glycinate, Lauramidopropyl Betaine, Glycerin, Hydroxypropyl Starch Phosphate, CetearylPhosphate, Xylitylglucoside, Dimethicone PEG8 Meadowfoamate, Anhydroxylitol, Xylitol, Leuconostoc/Radish Root Ferment Filtrate, Bromelain, Papain, Lactobacillus/Pumpkin Fruit Ferment Filtrate, Lauramide DIPA, Aloe Barbadensis Leaf Juice Powder, Lactic Acid, Glycolic Acid, Citrus Aurantium Bergamia (Bergamot) Fruit Oil, Aniba Rosaeodora (Rosewood) Wood Extract, Citrus Aurantium Dulcis (Orange) Peel Oil, Glucose, Pelargonium Graveolens Flower Oil,Citral, Benzyl Benzoate, Benzyl Alcohol, Sodium Hydroxide, Limonene, Chlorphenesin, Linalool,Citronellol, Maltodextrin, Geraniol,CI 75810(ChlorophyllinCopperComplex).",702,40929,0.0,4.0,https://www.sephora.com/product/exfolikate-cleanser-daily-foaming-wash-P404322?icid2=products%20grid:p404322,4.0,9.5
microdermabrasion age defying exfoliator,Dr. Brandt Skincare,cleanser,79.0,"Water (Aqua), Alumina, Glycerin, Caprylic/Capric Triglyceride, Cetyl Alcohol, Glyceryl Stearate, Ammonium Acryloyldimethyltaurate/Vp Copolymer, Simmondsia Chinensis (Jojoba) Seed Oil, Xanthan Gum, Peg100 Stearate, Phenoxyethanol, Lactic Acid, Menthone Glycerin Acetal, Caprylyl Glycol, Allantoin, Disodium Edta, Tocopheryl Acetate, Sodium Benzoate, Aloe Barbadensis Leaf Extract, Vitis Vinifera (Grape) Seed Extract, Sd Alcohol 40a, Camellia Sinensis Leaf Extract, Propylene Glycol, Chamomilla Recutita (Matricaria) Flower Extract, Fragrance (Parfum), Citral, Limonene.",1000,43838,0.0,2.0,https://www.sephora.com/product/microdermabrasion-age-defying-exfoliator-P45503?icid2=products%20grid:p45503,2.0,39.5
Liquid Facial Soap,CLINIQUE,cleanser,18.5,"Sodium Laureth Sulfate, Sodium Chloride, Cocamidopropyl Hydroxysultaine, Lauramidopropyl Betaine, Sodium Cocoyl Sarcosinate, TeaCocoyl Glutamate, DiPpg2 Myreth10 Adipate, Aloe Barbadensis Leaf Juice, Peg120 Methyl Glucose Dioleate, Sucrose, Sodium Hyaluronate, Cetyl Triethylmonium Dimethicone Peg8 Succinate, Butylene Glycol, Hexylene Glycol, Polyquaternium7, Laureth2, Caprylyl Glycol, Sodium Sulfate, Tocopheryl Acetate, Edta, Disodium Edta, Phenoxyethanol <iln41230>",2000,45129,0.0,6.7,https://www.sephora.com/product/liquid-facial-soap-P139000?icid2=products%20grid:p139000,6.7,2.761194029850746
Cleansing Wipes - Coconut Water,SEPHORA COLLECTION,cleanser,8.0,"<div arialabelledby=""tab2"" class=""css1rny024"" hidden="""" id=""tabpanel2"" role=""tabpanel"" tabindex=""0""><p class=""css189uj0g"" datacomp=""Text Box "">Get more information about<! > </p><div class=""cssk13wt5"" datacomp=""Link Box "">shipping rates, schedules, methods and restrictions</div>.<p class=""css1khw9z2"" datacomp=""Text Box "">If you are not completely satisfied with an online purchase or gift, you may return your U.S.or Canadian purchase in stores or by mail. Restrictions apply for returns made outside the U.S.</p></div>",80,0,0.0,0.0,https://www.sephora.com/product/cleansing-exfoliating-wipes-P410144?icid2=products%20grid:p410144,4.92609452736319,1.6240045649879542
Find Your Balance™ Oil Control Cleanser,OLEHENRIKSEN,cleanser,26.0,"Sodium Cocoyl Isethionate, Decyl Glucoside, Cocamidopropyl Betaine, Glycerin, Acrylates Copolymer, Glycol Distearate, Phenoxyethanol, Glycolic Acid, Lactic Acid, Sodium Hydroxide, Caprylyl Glycol, Eucalyptus Globulus Leaf Oil, Mentha Piperita (Peppermint) Oil, Laureth4, Ethylhexylglycerin, Hexylene Glycol, Melia Azadirachta Seed Oil, Linoleic Acid, Camellia Sinensis Leaf Extract, Chonrus Crispus (Carrageenan) Extract, Eucalyptus Globulus Leaf Extract, Macrocystis Pyrifera (Kelp) Extract, Phytic Acid, Linolenic Acid, Sodium Benzoate, Tocopherol, Limonene.",1000,46075,0.0,5.0,https://www.sephora.com/product/find-your-balance-oil-control-cleanser-P416815?icid2=products%20grid:p416815,5.0,5.2
The Cleansing Foam,La Mer,cleanser,95.0,"Declustered Water (+)\Aqua\Eau DeStructuree (+), Myristic Acid, Glycerin, Behenic Acid, Palmitic Acid, Sodium Methyl Cocoyl Taurate, Potassium Hydroxide, Lauric Acid, Stearic Acid, Algae (Seaweed) Extract, Sesamum Indicum (Sesame) Seed Oil, Medicago Sativa (Alfalfa) Seed Powder, Helianthus Annuus (Sunflower) Seedcake, Prunus Amygdalus Dulcis (Sweet Almond) Seed Meal, Eucalyptus Globulus (Eucalyptus) Leaf Oil, Sodium Gluconate, Copper Gluconate, Calcium Gluconate, Magnesium Gluconate, Zinc Gluconate, Tocopheryl Succinate, Niacin, Sesamum Indicum (Sesame) Seed Powder, Quartz Powder, Nephrite Powder, Pearl Powder, Caffeine, Sea Salt\Maris Sal\Sel Marin, Humic Acids, Sodium Hyaluronate, Sucrose, Tourmaline, Macrocystis Pyrifera (Kelp) Protein, Polyquaternium51, Aloe Barbadensis Leaf Trehalose, Cellulose, Butylene Glycol, Sodium Coco PgDimonium Chloride Phosphate, Sodium Bicarbonate, Sodium Pca, Peg3 Distearate, Urea, Fragrance (Parfum), Disodium Edta, Linalool, Limonene, Phenoxyethanol, Methylchloroisothiazolinone, Methylisothiazolinone, Yellow 5 (Ci 19140), Yellow 6 (Ci 15985), Blue 1 (Ci 42090), Green 5 (Ci 61570).",81,14077,0.0,4.2,https://www.sephora.com/product/the-cleansing-foam-P416344?icid2=products%20grid:p416344,4.2,22.619047619047617
Brightening Cleanser,Indie Lee,cleanser,34.0,"Decyl Glucoside (Veg. Oils &amp; Sugar), Disodium CocoGlucoside Citrate, Coco Glucoside (Coconut and Sunflower Oil), Glyceryl Oleate, Hydrolyzed Wheat Protein, Xanthan Gum, Fragaria Chiloensis (Strawberry) Seed Oil, Lycopene (Tomato), Propanediol, Ethylhexylglycerin, Potassium Sorbate.",374,24021,4.2,0.0,https://www.sephora.com/product/brightening-cleanser-P432271?icid2=products%20grid:p432271,4.2,8.095238095238095
Blueberry Bounce Gentle Cleanser,Glow Recipe,cleanser,34.0,"Palm Kernel/Coco Glucoside, Caulerpa Lentillifera (Seaweed) Extract, Sodium Hyaluronate, Vaccinium Angustifolium (Blueberry) Fruit Extract, Vaccinium Angustifolium (Blueberry) Fruit, Glycolic Acid, Lactic Acid, Physalis Peruviana (Groundcherry) Fruit Extract, Rubus Idaeus (Raspberry) Fruit Extract, Arctostaphylos Uva Ursi (Bearberry) Leaf Extract, Morus Nigra (Mulberry) Fruit Extract, Vaccinium Myrtillus (Bilberry) Fruit Extract, BetaGlucan, Scutellaria Baicalensis (Skullcap) Root Extract, Paeonia Suffruticosa (Peony) Root Extract, Glycyrrhiza Glabra (Licorice) Root Extract, Betaine, Sodium Chloride, Fragrance.",485,29595,0.0,5.41,https://www.sephora.com/product/blueberry-bounce-gentle-cleanser-P436359?icid2=products%20grid:p436359,5.41,6.284658040665434
MakeUp-BreakUp Cool Cleansing Oil,boscia,cleanser,32.0,"Cetyl Ethylhexanoate, Olea Europaea (Olive) Fruit Oil, Polyglyceryl10 Diisostearate, Hydrogenated Polyisobutene, PEG20 Glyceryl Triisostearate, Glyceryl Behenate/Eicosadioate, Persea Gratissima (Avocado) Oil, Camellia Sinensis Leaf Extract, Rosa Canina Fruit Oil, Eucalyptus Globulus Leaf Oil, Camellia Oleifera Leaf Extract, Corallina Officinalis Extract, Simmondsia Chinensis (Jojoba) Seed Extract, Epilobium Angustifolium Flower/Leaf/Stem Extract, Curcuma Longa (Turmeric) Root Extract, Ocimum Sanctum Leaf Extract, Aloe Barbadensis Flower Extract, Carthamus Tinctorius (Safflower) Seed Oil, Solanum Melongena (Eggplant) Fruit Extract, Coccinia Indica Fruit Extract, Simmondsia Chinensis (Jojoba) Seed Oil, Melia Azadirachta Flower Extract, Melia Azadirachta Leaf Extract, Isostearic Acid, Menthol, Butylene Glycol, Tocopheryl Acetate.",2000,84713,0.0,5.0,https://www.sephora.com/product/makeup-breakup-cool-cleansing-oil-P254604?icid2=products%20grid:p254604,5.0,6.4
Regenerating Exfoliating Cleanser,Tata Harper,cleanser,42.0,"Hordeum Vulgare Leaf Juice*, Cetearyl Alcohol, Cetearyl Olivate, Helianthus Annuus (Sunflower) Seed Oil*, Propanediol, Prunus Armeniaca (Apricot) Seed Powder, Sorbitan Olivate, Lactobacillus Ferment, Lactobacillus/Punica Granatum Fruit Ferment Extract, Leuconostoc Ferment Filtrate, Sambucus Nigra Fruit Extract, Salix Alba (Willow) Bark Extract, Arnica Montana (Arnica) Extract*, Borago Officinalis (Borage) Leaf Extract*, Calendula Officinalis (Calendula) Flower Extract*, Medicago Sativa (Alfalfa) Extract*, Spiraea Ulmaria (Meadowsweet) Extract*, CocoGlucoside, Cetearyl Glucoside, Olea Europaea (Olive) Oil*, Kaolin (White Clay), Sclerotium Gum, Cetyl Palmitate, Sorbitan Palmitate, Sodium Phytate, CI77491 (Red Iron Oxide), Aroma**, Alcohol, Citral, Limonene, Linalool*Ingredients from Organic farming. ** Clinical grade essential oils blend.",388,25324,0.0,1.7,https://www.sephora.com/product/regenerating-cleanser-P379710?icid2=products%20grid:p379710,1.7,24.705882352941178
Calendula Deep Clean Foaming Face Wash,Kiehl's Since 1851,cleanser,32.0,"Aqua/Sodium Cocoyl Glycinate, CocoBetaine, Glycerin, Acrylates Copolymer, Sodium Chloride, Phenoxyethanol, Citrus Limon Peel Oil/Lemon Peel Oil, Limonene, Sodium Hydroxide, Tetrasodium Edta, Propylene Glycol, Geranium Maculatum Oil, Citral, Calendula Officinalis Flower Extract, Cymbopogon Schoenanthus Oil, Artemisia Absinthium Extract, Citric Acid.",178,20697,0.0,7.7,https://www.sephora.com/product/calendula-deep-clean-foaming-face-wash-P422013?icid2=products%20grid:p422013,7.7,4.1558441558441555
The Original MakeUp Eraser® Makeup Remover Cloth,Makeup Eraser,cleanser,20.0,"Aqua/Sodium Cocoyl Glycinate, CocoBetaine, Glycerin, Acrylates Copolymer, Sodium Chloride, Phenoxyethanol, Citrus Limon Peel Oil/Lemon Peel Oil, Limonene, Sodium Hydroxide, Tetrasodium Edta, Propylene Glycol, Geranium Maculatum Oil, Citral, Calendula Officinalis Flower Extract, Cymbopogon Schoenanthus Oil, Artemisia Absinthium Extract, Citric Acid.",2000,77558,0.0,0.0,https://www.sephora.com/product/the-original-makeup-eraser-makeup-remover-cloth-P396033?icid2=products%20grid:p396033,4.92609452736319,4.060011412469885
Instant Foaming Cleanser,Caudalie,cleanser,28.0,"Hydroxyethylcellulose, Sodium Hyaluronate, Disodium EDTA, Sodium Nitrate, Algae Extract, Calcium Pantothenate, Glycerin, Phenoxyethanol.",13,1680,0.0,5.0,https://www.sephora.com/product/caudalie-instant-foaming-cleanser-P454778?icid2=products%20grid:p454778,5.0,5.6
Treatment Enzyme Peel Cleansing Powder,AMOREPACIFIC,cleanser,60.0,"Mannitol, Sodium Cocoyl Glycinate,Sodium Lauroyl Glutamate, Zeolite, Silica,Betaine, Allantoin, Potassium Laurate,Polycaprolactone, Fragrance,Zea Mays (Corn) Starch, Peg75,Dipotassium Glycyrrhizate, Disodium Edta,Trehalose, Butylene Glycol,Papain, Lactobacillus Ferment Lysate,Yellow 5 (Ci19140), Zingiber Officinale (Ginger)Root Extract, Zizyphus Jujuba Fruit Extract,Camellia Sinensis Leaf Extract.",1000,54186,0.0,1.76,https://www.sephora.com/product/treatment-enzyme-peel-P232931?icid2=products%20grid:p232931,1.76,34.09090909090909
EradiKate® Daily Cleanser Acne Treatment,Kate Somerville,cleanser,38.0,"Sodium Cocoyl Isethionate, CocoGlucoside, Acrylates Copolymer, Coconut Alcohol, Glycereth18 Ethylhexanoate, Glycereth18, Stearyl Alcohol, Mel Extract/Honey Extract/Extrait de Miel, Oryza Sativa (Rice) Bran Extract, Avena Sativa (Oat) Kernel Extract, Oligopeptide10, Boswellia Serrata Extract, Behenyl Alcohol, Glycerin, Xanthan Gum, Caprylyl Glycol, Hexylene Glycol, Butylene Glycol, Phenoxyethanol, Parfum/Fragrance, Citric Acid, Sodium Hydroxide, Ethylhexylglycerin, Disodium EDTA, Disodium Carboxyethyl Siliconate, Linalool, Potassium Sorbate, Sodium Benzoate , CI 77891 (Titanium Dioxide), CI 77491 (Iron Oxides).",477,27820,4.0,0.0,https://www.sephora.com/product/eradikate-daily-cleanser-acne-treatment-P415667?icid2=products%20grid:p415667,4.0,9.5
Cleanser,Eve Lom,cleanser,80.0,"Paraffinum Liquidum, PEG30 Lanolin, Cetearyl Alcohol, BisDiglyceryl Polyacyladipate2, Aluminum Stearate, Theobroma Cacao (Cocoa) Seed Butter, Peg75 Lanolin, Phenoxyethanol, Eugenia Caryophyllus (Clove) Leaf Oil, Humulus Lupulus (Hop) Oil, Chamomilla Recutita (Matricaria) Flower Oil, Eucalyptus Globulus Leaf Oil, BHT.",630,29083,0.0,3.4,https://www.sephora.com/product/cleanser-P381436?icid2=products%20grid:p381436,3.4,23.529411764705884
Kombucha + 11% AHA Exfoliation Power Toner,Youth To The People,cleanser,38.0,"LArginine, Lactic Acid, Glycolic Acid, Pentylene Glycol, Glycerin, Betaine, Phenoxyethanol, Potassium Sorbate, Zingiber Officinale (Ginger) Citrus Limon (Lemon) Fruit Saccharomyces/Xylinum/Black Tea Ferment, Tetrasodium Glutamate Diacetate, Pichia Ferment Lysate Filtrate, Caramel.",421,25340,4.0,0.0,https://www.sephora.com/product/kombucha-11-aha-exfoliation-power-toner-P446935?icid2=products%20grid:p446935,4.0,9.5
Ultra Repair Wild Oat Hydrating Toner,First Aid Beauty,cleanser,22.0,"Glycerin, Glycereth26, Squalane, Sorbitan Oleate, Avena Strigosa Seed Extract, Mel (Honey, Miel), Saccharomyces/Honey Ferment Filtrate, Sodium Hyaluronate, Colloidal Oatmeal, Avena Sativa (Oat) Kernel Extract, Propolis Extract, Glycyrrhiza Glabra (Licorice) Root Extract, Chrysanthemum Parthenium (Feverfew) Extract, Camellia Sinensis Leaf Extract, BetaGlucan, Acrylates/C1030 Alkyl Acrylate Crosspolymer, Leuconostoc/Radish Root Ferment Filtrate, Xanthan Gum, Ethylhexylglycerin, Ethylhexyl Salicylate, Phenoxyethanol, Sodium Hydroxide, Citric Acid, Potassium Sorbate, Sodium Benzoate, Chlorphenesin, Sorbic Acid, Benzoic Acid.",94,10608,6.0,0.0,https://www.sephora.com/product/ultra-repair-wild-oat-hydrating-toner-P447603?icid2=products%20grid:p447603,6.0,3.6666666666666665
Squalane + Glycolic Renewal Mask,Biossance,cleanser,68.0,"Glycerin, Glycolic Acid, Squalane, Caprylic/Capric Triglyceride, Stearyl Alcohol, Arachidyl Alcohol, Clay Mineral Oxides, Behenyl Alcohol, Sodium Hydroxide, Lactic Acid, Pyrus Malus (Apple) Fruit Extract, Capryloyl Glycerin/Sebacic Acid Copolymer, Vaccinium Myrtillus Fruit Extract, Saccharum Officinarum (Sugarcane) Extract, Acer Saccharum (Sugar Maple) Extract, Kaolin, Sodium Hyaluronate, Xanthan Gum, Diheptyl Succinate, Citrus Aurantium Dulcis (Orange) Fruit Extract, Citrus Limon (Lemon) Fruit Extract, Citric Acid, Tartaric Acid, Glycyrrhiza Glabra (Licorice) Root Extract, Citrus Limon (Lemon) Peel Oil, Montmorillonite, Illite, Acacia Senegal Gum, Biosaccharide Gum1, Arachidyl Glucoside, Polyacrylate Crosspolymer6, Phenoxyethanol, Ethylhexylglycerin, Sodium Phytate, Limonene",116,26574,2.02,0.0,https://www.sephora.com/product/squalane-glycolic-renewal-facial-P433886?icid2=products%20grid:p433886,2.02,33.663366336633665
Purifying Cleansing Gel,boscia,cleanser,28.0,"Hydrogenated Starch Hydrolysate, Disodium Cocoyl Glutamate, Diglycerin, Acrylates/Steareth20 Methacrylate Copolymer, Sodium Cocoyl Glycinate, Butylene Glycol, Methyl Gluceth10, Sodium Cocoyl Glutamate, Simmondsia Chinensis (Jojoba) Seed Extract, Epilobium Angustifolium Flower/Leaf/Stem Extract, Rosmarinus Officinalis (Rosemary) Leaf Extract, Camellia Oleifera Leaf Extract, Hydrangea Serrata Leaf Extract, Pelargonium Graveolens Flower Oil, Citric Acid, Glycerin, 1,2Hexanediol, Caprylyl Glycol, Cellulose Gum, Sclerotium Gum, Trisodium Ethylenediamine Disuccinate, Sodium Lauroyl Glutamate, Sodium Chloride, Polysorbate 20.",1000,47848,5.0,0.0,https://www.sephora.com/product/purifying-cleansing-gel-P61204?icid2=products%20grid:p61204,5.0,5.6
Pore-Balance™ Facial Sauna Scrub,OLEHENRIKSEN,cleanser,28.0,"PEG400, Kaolin, Zeolite, Volcanic Sand, Glyceryl Stearate, Butylene Glycol, Cetearyl Alcohol, Glycerin, Cetearyl Glucoside, Phenoxyethanol, Glycolic Acid, Lactic Acid, Melia Azadirachta Seed Oil, Linoleic Acid, Caprylyl Glycol, Eucalyptus Globululs Leaf Oil, Mentha Piperita (Peppermint) Oil, Enantia Chlorantha Bark Extract, Chondrus Crispus (Carrageenan) Extract, Camellia Sinensis Leaf Extract, Linolenic Acid, Hexylene Glycol, Ethylhexylglycerin, Decyl Glucoside, Tocopherol, Oleanolic Acid, Limonene.",633,43347,3.0,0.0,https://www.sephora.com/product/pore-balance-tm-facial-sauna-scrub-P418872?icid2=products%20grid:p418872,3.0,9.333333333333334
Precleanse Cleansing Oil,Dermalogica,cleanser,45.0,"Caprylic/Capric Triglycerides, Prunus Armeniaca (Apricot) Kernel Oil, PEG40 Sorbitan Peroleate, Helianthus Annuus (Sunflower) Seed Oil, Citrus Aurantium Dulcis (Orange) Oil, Citrus Grandis (Grapefruit) Peel Oil, Cymbopogon Schoenanthus Oil, Borago Officinalis Seed Oil, Lavandula Angustifolia (Lavender) Oil, Rosmarinus Officinalis (Rosemary) Leaf Extract, Solanum Lycopersicum (Tomato) Extract, Lavandula Hybrida Oil, Citrus Nobilis (Mandarin Orange) Peel Oil, Oryza Sativa (Rice) Bran Oil, Carthamus Tinctorius (Safflower) Seed Oil, Aleurites Moluccana Seed Oil, Cetyl Ethylhexanoate, Dicaprylyl Carbonate, Tocopheryl Acetate, Tocopherol, C1215 Alkyl Benzoate, Citral, Limonene, Linalool.",162,11876,0.0,5.1,https://www.sephora.com/product/precleanse-P423148?icid2=products%20grid:p423148,5.1,8.823529411764707
Clear Complexion Cleanser,boscia,cleanser,28.0,"Hydrogenated Starch Hydrolysate, Disodium Cocoyl Glutamate, Diglycerin, Acrylates/Steareth20 Methacrylate Copolymer, Sodium Cocoyl Glycinate, Butylene Glycol, Methyl Gluceth10, Sodium Cocoyl Glutamate, Salix Nigra (Willow) Bark Extract, Simmondsia Chinensis (Jojoba) Seed Extract, Epilobium Angustifolium/Leaf/Stem Extract, Rosmarinus Officinalis (Rosemary) Leaf Extract, Pelargonium Graveolens Flower Oil, Citric Acid, 1,2Hexanediol, Caprylyl Glycol, Sodium Lauroyl Glutamate, Trisodium Ethylenediamine Disuccinate, Cellulose Gum, Sclerotium Gum, Polysorbate 20.",1000,42828,5.0,0.0,https://www.sephora.com/product/clear-complexion-cleanser-P199612?icid2=products%20grid:p199612,5.0,5.6
Facial Treatment Clear Lotion Toner,SK-II,cleanser,76.0,"Galactomyces Ferment Filtrate (Pitera), Butylene Glycol, Polysorbate 20, Glycerin, Sodium Hyaluronate, PEG150, Cellulose Gum, Disodium EDTA, Citric Acid, Salicylic Acid, Lactic Acid, Malic Acid, Sodium Citrate, Sodium Benzoate, Methylparaben.",176,15368,0.0,5.4,https://www.sephora.com/product/facial-treatment-clear-lotion-P375853?icid2=products%20grid:p375853,5.4,14.074074074074073
Moisturizing Toner,Caudalie,cleanser,28.0,"Butylene Glycol, Peg40 Hydrogenated Castor Oil*, Sodium Carboxymethyl Betaglucan (Vinolevure), Methylpropanediol, Sodium Benzoate, Fragrance, Caprylyl Glycol, Citric Acid*, Biosaccharide Gum1, Phenylpropanol, Glyceryl Caprylate.",514,33640,0.0,6.7,https://www.sephora.com/product/moisturizing-toner-P253623?icid2=products%20grid:p253623,6.7,4.17910447761194
Ultra Facial Cleanser,Kiehl's Since 1851,cleanser,21.0,"Sodium Laureth Sulfate, Decyl Glucoside, Glycerin, Cocamidopropyl Betaine, Disodium Cocoamphodiacetate, Acrylates Copolymer, PEG200 Hydrogenated Glyceryl Palmate, Lauryl Glucoside, Sodium Chloride, Pentylene Glycol, Triethanolamine, Phenoxyethanol, PEG7 Glyceryl Cocoate, Distearyl Ether, Behenyl Alcohol, Methylparaben, Laureth2, Propylparaben, Sodium Methylparaben, Squalane, Prunus Amygdalus Dulcis Oil/Sweet Almond Oil, Prunus Armeniaca Kernel Oil/Apricot Kernel Oil, Tocopherol, Ascorbyl Glucoside, Persea Gratissima Oil/Avocado Oil, Sodium Hydroxide, Citric Acid.",645,26092,5.0,0.0,https://www.sephora.com/product/ultra-facial-cleanser-P422007?icid2=products%20grid:p422007,5.0,4.2
Tonique Confort Re-Hydrating Comforting Toner with Acacia Honey,Lancôme,cleanser,31.0,"Aqua/Butylene Glycol, Glycerin, Cyclopentasiloxane, Phenoxyethanol, Isopropyl Palmitate, Peg60 Hydrogenated Castor Oil, Triethanolamine, Acrylates/C1030 Alkyl Acrylate Crosspolymer, Methylparaben, Mel/Honey, Mannitol, Parfum/Fragrance, Tocopheryl Acetate, Propylparaben, Sodium Hyaluronate, Cyclodextrin, Prunus Amygdalus Dulcis Protein/Sweet Almond Protein, Hexyl Cinnamal, Faex/Yeast Extract, AlphaIsomethyl Ionone, Disodium Succinate, Ci 14700/Red 4.",1000,38090,0.0,6.7,https://www.sephora.com/product/tonique-confort-comforting-rehydrating-toner-P54509?icid2=products%20grid:p54509,6.7,4.626865671641791
Clarifying Lotion 2,CLINIQUE,cleanser,17.0,"Alcohol Denat. , Glycerin , Hamamelis Virginiana (Witch Hazel) , Menthol , Acetyl Glucosamine , Trehalose , Sodium Hyaluronate , Butylene Glycol , Sodium Bicarbonate , Red 6 (Ci 15850) , Red 33 (Ci 17200) , Ext. Violet 2 (Ci 60730) <iln39723></iln39723>",1000,30526,0.0,6.7,https://www.sephora.com/product/clarifying-lotion-2-P122882?icid2=products%20grid:p122882,6.7,2.5373134328358207
Sugar Face Polish Exfoliator,Fresh,cleanser,62.0,"Sucrose, Propylene Glycol Dicaprylate/Dicaprate, PEG7 Glyceryl Cocoate, Stearalkonium Hectorite, Fragaria Vesca (Strawberry) Fruit Extract, Euphorbia Cerifera (Candelilla) Wax, Mangifera Indica (Mango) Seed Butter, Propylene Carbonate, Parfum (Fragrance), Limonene, Limnanthes Alba (Meadowfoam) Seed Oil, Vitis Vinifera (Grape) Seed Oil, Prunus Domestica Seed Oil, Fructose, Glucose, Tocopheryl Acetate, Caramel, Glycerin, Aqua (Water), Potassium Sorbate, BHT, Citral.",969,65059,0.0,4.4,https://www.sephora.com/product/sugar-face-polish-P12295?icid2=products%20grid:p12295,4.4,14.09090909090909
Vinopure Pore Purifying Gel Cleanser,Caudalie,cleanser,28.0,"Vitis Vinifera (Grape) Fruit Decyl Glucoside, Glycerin, Sodium Cocoyl Glutamate, Sucrose Cocoate, Acacia Senegal Gum, Xanthan Gum, Propanediol, Sodium Glutamate, Sodium Chloride, Caprylyl Glycol, Coconut Acid, Salicylic Acid, Vitis Vinifera (Grape) Juice, Cymbopogon Citratus Leaf Oil, Lavandula Hybrida Oil, Melissa Officinalis Leaf Oil, Mentha Piperita (Peppermint) Oil, Pelargonium Graveolens Flower Oil, Rosmarinus Officinalis (Rosemary) Leaf Oil, Citric Acid, Potassium Sorbate, Sodium Benzoate, Citral, Citronellol, Geraniol, Linalool.",124,12279,5.0,0.0,https://www.sephora.com/product/vinopure-pore-purifying-gel-cleanser-P446939?icid2=products%20grid:p446939,5.0,5.6
Alpha Beta® Pore Perfecting Cleansing Gel,Dr. Dennis Gross Skincare,cleanser,38.0,"Glycerin, Sodium Lauroyl Methyl Isethionate, Propanediol, Sodium Cocoamphoacetate, Cocamidopropyl Hydroxysultaine, Disteareth75 IPDI, Glycereth7 Caprylate/Caprate, Sodium Chloride, Trisodium Ethylenediamine Disuccinate, PEG40 Hydrogenated Castor Oil, Mandelic Acid, Glycolic Acid, Salix Alba (Willow) Bark Extract, Phytic Acid, Potassium Azeloyl Diglycinate, Citric Acid, Farnesol, Barosma Betulina Leaf Extract, Sodium PCA, Sodium Hyaluronate, Tremella Fuciformis (Mushroom) Extract, Aloe Barbadensis Leaf Juice, Bisabolol, Hydrolyzed Soy Protein, Camellia Sinensis Leaf Extract, Butylene Glycol, Caprylic/Capric Triglyceride, Dimethyl Isosorbide, Alcohol, Sodium Phytate, Jasminum Officinale (Jasmine) Flower/Leaf Extract, Vitis Vinifera (Grape) Fruit Extract, Lavandula Angustifolia (Lavender) Flower/Leaf/Stem Extract, Eugenia Caryophyllus (Clove) Flower Extract, Polyglyceryl3 Laurate, PEG7 Glyceryl Cocoate, Sodium Hydroxide, Benzoic Acid, Sodium Benzoate, Potassium Sorbate, Phenoxyethanol.",228,15088,0.0,7.5,https://www.sephora.com/product/alpha-beta-r-pore-perfecting-cleansing-gel-P430816?icid2=products%20grid:p430816,7.5,5.066666666666666
Sens’Eyes - Waterproof Sensitive Eye Cleanser,MAKE UP FOR EVER,cleanser,25.0,"Isododecane, Methylpropanediol, Pentylene Glycol, Acrylates Copolymer, Tromethamine, Butylene Glycol, Glycerin, Caprylyl Glycol, Sodium Dehydroacetate, Disodium Edta, Panthenol, Mel Extract (Honey Extract), Sodium Lauryl Sulfate, Urea, Gossypium Herbaceum (Cotton) Flower Extract, Ci 42090 (Blue 1), Fructose, Glucose, Inositol, Sucrose, Trehalose, Arginine Hcl, Lysine Hcl, Ornithine Hcl, Sodium Lactate, Sodium Citrate.",2000,25305,0.0,3.38,https://www.sephora.com/product/sens-eyes-waterproof-sensitive-eye-cleanser-P171101?icid2=products%20grid:p171101,3.38,7.396449704142012
Confidence in a Cleanser,IT Cosmetics,cleanser,28.0,"Disodium Cocoamphodiacetate, Glycerin, Acrylates Copolymer, Sodium Chloride, 1,2Hexanediol, PEG7 Glyceryl Cocoate, Arginine Cocoate, Cocamidopropyl Betaine, PEG120 Methyl Glucose Dioleate, Styrene/Acrylates Copolymer, Potassium Cocoyl Glycinate, CocoGlucoside, Citric Acid, Hexylene Glycol, Portulaca Oleracea Extract, Limnanthes Alba (Meadowfoam) Seed Oil, Allantoin, Xanthan Gum, Cymbopogon Martini Oil, Pelargonium Graveolens Flower Oil, Citrus Paradisi (Grapefruit) Peel Oil, Lavandula Angustifolia (Lavender) Oil, Citrus Sinensis Peel Oil Expressed, Butylene Glycol, Hydrolyzed Collagen, Ethylhexylglycerin, Niacinamide, Camellia Sinensis Leaf Extract, Tocopheryl Acetate, Ascorbyl Tetraisopalmitate, Glycyrrhiza Glabra (Licorice) Root Extract, Chamomilla Recutita (Matricaria) Flower Colloidal Oatmeal, Leuconostoc/Radish Root Ferment Filtrate, Aloe Barbadensis Leaf Extract, Curcuma Longa (Turmeric) Root Extract, Melaleuca Alternifolia (Tea Tree) Leaf Oil, Glyceryl Stearate, Palmitic Acid, Stearic Acid, Phytosteryl/Isostearyl/Cetyl/Stearyl/Behenyl Dimer Dilinoleate, Hydrogenated Polydecene, Ceramide Np, Butyrospermum Parkii (Shea) Butter, Ceteareth20, Glyceryl Citrate/Lactate/Linoleate/Oleate, Hydroxypropyl Bispalmitamide Mea, Glycosphingolipids, Glycine Soja (Soybean) Sterols, Meadowfoam Estolide, Ceramide AP, Ethylhexyl Isonanoate, Squalane, Sodium Hyaluronate, Polysorbate 20, Carbomer, Palmitoyl Pentapeptide4, Steareth20, Chrysin, Palmitoyl Tripeptide1, Palmitoyl Tetrapeptide7, NHydroxysuccinimide, Disodium EDTA, Benzoic Acid, Phenoxyethanol, Potassium Sorbate, Chlorhexidine Digluconate, FD&amp;C Yellow No. 5 (Ci 19140).",296,16419,0.0,5.0,https://www.sephora.com/product/confidence-in-cleanser-tm-skin-transforming-hydrating-cleansing-serum-P426829?icid2=products%20grid:p426829,5.0,5.6
Exfoliating Scrub,CLINIQUE,cleanser,23.0,"Glyceryl Stearate , Polyethylene , Hexylene Glycol , Disodium Cocoamphodiacetate , Disodium Oleamido MipaSulfosuccinate , Magnesium Aluminum Silicate , Salicylic Acid , Menthol , Stearamidoethyl Diethylamine , Oleamide Mipa , Trisodium Sulfosuccinate , Sodium Sulfate , Phenoxyethanol , Methylisothiazolinone , Titanium Dioxide (Ci 77891) <iln36188>Rds Product Name: Spf30 Face Cream   Division: Cl (Clinique)Ethylhexyl Salicylate , Methyl Trimethicone , Homosalate , Butylene Glycol , Benzophenone3 (Oxybenzone) , Butyloctyl Salicylate , Neopentyl Glycol Diheptanoate , Butyl Methoxydibenzoylmethane , Butyrospermum Parkii (Shea Butter) , Octocrylene , Peg100 Stearate , Silica , Dipentaerythrityl TriPolyhydroxystearate , Lauryl Peg9 Polydimethylsiloxyethyl Dimethicone , Dimethicone , Glyceryl Stearate , Laurdimonium Hydroxypropyl Hydrolyzed Soy Protein , Rosmarinus Officinalis (Rosemary) Extract , Perilla Ocymoides Leaf Extract , Plankton Extract , Caffeine , Potassium Cetyl Phosphate , Sucrose , Styrene/Acrylates Copolymer , C3038 Olefin/Isopropyl Maleate/Ma Copolymer , Cetyl Alcohol , Vp/Eicosene Copolymer , Ethylhexylglycerin , Ammonium Acryloyldimethyltaurate/Vp Copolymer , Peg8 Laurate , Sodium Rna , Lecithin , Propyl Gallate , Arginine Ferulate , Tocopheryl Acetate , Caprylyl Glycol , Ascorbyl Tocopheryl Maleate , Stearic Acid , Xanthan Gum , Hexylene Glycol , Nordihydroguaiaretic Acid , Disodium Edta , Phenoxyethanol , Mica , Sodium Dehydroacetate <iln37117>Rds Product Name: Spf50 Body Cream   Division: Cl (Clinique)Benzophenone3 (Oxybenzone) , Ethylhexyl Salicylate , Methyl Trimethicone , Homosalate , Butylene Glycol , Butyloctyl Salicylate , Neopentyl Glycol Diheptanoate , Butyl Methoxydibenzoylmethane , Butyrospermum Parkii (Shea Butter) , Octocrylene , Peg100 Stearate , Silica , Dipentaerythrityl TriPolyhydroxystearate , Lauryl Peg9 Polydimethylsiloxyethyl Dimethicone , Dimethicone , Glyceryl Stearate , Laurdimonium Hydroxypropyl Hydrolyzed Soy Protein , Rosmarinus Officinalis (Rosemary) Extract , Perilla Ocymoides Leaf Extract , Caffeine , Potassium Cetyl Phosphate , Sucrose , Styrene/Acrylates Copolymer , C3038 Olefin/Isopropyl Maleate/Ma Copolymer , Cetyl Alcohol , Vp/Eicosene Copolymer , Ethylhexylglycerin , Ammonium Acryloyldimethyltaurate/Vp Copolymer , Peg8 Laurate , Sodium Rna , Lecithin , Propyl Gallate , Arginine Ferulate , Tocopheryl Acetate , Caprylyl Glycol , Ascorbyl Tocopheryl Maleate , Stearic Acid , Xanthan Gum , Hexylene Glycol , Nordihydroguaiaretic Acid , Disodium Edta , Phenoxyethanol , Mica , Sodium Dehydroacetate <iln37122></iln37122></iln37117></iln36188>",1000,29592,3.4,0.0,https://www.sephora.com/product/exfoliating-scrub-P122718?icid2=products%20grid:p122718,3.4,6.764705882352941
"Take The Day Off Makeup Remover For Lids, Lashes & Lips Jumbo",CLINIQUE,cleanser,26.0,"Isohexadecane, Dimethicone, Cyclopentasiloxane, Trisiloxane, PEG4 Dilaurate, Lauryl Methyl Gluceth10 Hydroxypropyldimonium Chloride, Hexylene Glycol, Sodium Chloride, Potassium Phosphate, Dipotassium Phosphate, Dipotassium EDTA, Phenoxyethanol.",1,0,0.0,6.7,https://www.sephora.com/product/take-day-off-makeup-remover-for-lids-lashes-lips-jumbo-P433827?icid2=products%20grid:p433827,6.7,3.8805970149253732
The Method: Polish,LANCER Skincare,cleanser,75.0,"Butylene Glycol, Sodium Bicarbonate, PEG8, Magnesium Oxide, Glycerin, Oleth20, Trihydroxystearin, Glyceryl Stearate, PEG100 Stearate, Silica, Alaria Escilenta Extract, Lactobacillus/Pumpkin Ferment Extract, Lactobacillus/Punica Granatim Fruit Ferment Extract, Helianthis Annus (Sunflower) Seed Oil, Leuconostoc/Radish Root Ferment Filtrate, Lavandula Angustifolia (Lavender) Oil, Tocopheryl Acetate, Retinyl Palmitate, Caprylic/Capric Triglyceride, Linalool.",510,13728,0.0,4.2,https://www.sephora.com/product/the-method-polish-P399737?icid2=products%20grid:p399737,4.2,17.857142857142858
AHA/BHA Exfoliating Cleanser,Murad,cleanser,40.0,"Sodium Laureth Sulfate, Cocamidopropyl Betaine, Jojoba Esters, Acrylates Copolymer, Glycol Stearate, Butylene Glycol, Sodium PCA, Dipotassium Glycyrrhizate, Sodium Ascorbyl Phosphate, Glycolic Acid, Lactic Acid, Salicylic Acid, Polyquaternium4, Sodium Hydroxide, Sodium Chloride, Citric Acid, Disodium EDTA, Phenoxyethanol, Methylparaben, Propylparaben.",660,31120,0.0,6.75,https://www.sephora.com/product/aha-bha-exfoliating-cleanser-P4010?icid2=products%20grid:p4010,6.75,5.925925925925926
Facial Treatment Cleanser,SK-II,cleanser,75.0,"Sodium Lauroyl Glutamate, Propylene Glycol, PEG150 Stearate, Galactomyces Ferment Filtrate (Pitera), Sodium PCA, Glycol Stearate, Butylene Glycol, Cocamide Mea, Rosa Canina Fruit Oil, Stearamide Amp, Pentylene Glycol, Salix Alba Bark Extract/Salix Alba (Willow) Bark Extract, Dipotassium Glycyrrhizate, Hydroxyphenyl Propamidobenzoic Acid, Ascorbyl Palmitate, BHT, Phenethyl Alcohol, Methylparaben, Propylparaben.",90,9875,3.6,0.0,https://www.sephora.com/product/facial-treatment-cleanser-P375850?icid2=products%20grid:p375850,3.6,20.833333333333332
Cleansing Wipes - Watermelon - Hydrating,SEPHORA COLLECTION,cleanser,8.0,"<div arialabelledby=""tab2"" class=""css1rny024"" hidden="""" id=""tabpanel2"" role=""tabpanel"" tabindex=""0""><p class=""css189uj0g"" datacomp=""Text Box "">Get more information about<! > </p><div class=""cssk13wt5"" datacomp=""Link Box "">shipping rates, schedules, methods and restrictions</div>.<p class=""css1khw9z2"" datacomp=""Text Box "">If you are not completely satisfied with an online purchase or gift, you may return your U.S.or Canadian purchase in stores or by mail. Restrictions apply for returns made outside the U.S.</p></div>",70,0,0.0,0.0,https://www.sephora.com/product/cleansing-wipes-watermelon-hydrating-P433300?icid2=products%20grid:p433300,4.92609452736319,1.6240045649879542
Clarifying Cleanser,Murad,cleanser,30.0,"Cocamidopropyl Betaine, Sodium C1416 Olefin Sulfonate, Methyl Gluceth20, PPG26Buteth26, PEG40 Hydrogenated Castor Oil, Butylene Glycol, Cimicifuga Racemosa Root Extract, Camellia Oleifera Leaf Extract, Silver Citrate, Menthol, PEG150 Distearate, Corn Starch, Hydrolyzed Corn Starch, Hydrolyzed Corn Starch Octenylsuccinate, Glyceryl Stearate, Cocamidopropyl Dimethylamine, Polysorbate 80, Citric Acid, Tetrasodium EDTA, Chlorphenesin, Methylisothiazolinone, Limonene, Tangerine Leaf Oil, Citronella Oil, Lemon Peel Oil, Lime Oil, Lavandula Hybrida Oil, Mandarin Orange Peel Oil, Apricot Kernel Oil, Fragrance.",2000,40295,0.0,6.75,https://www.sephora.com/product/clarifying-cleanser-P4016?icid2=products%20grid:p4016,6.75,4.444444444444445
Clean Bee Ultra Gentle Facial Cleanser,Farmacy,cleanser,28.0,"Sodium Lauroyl Methyl Isethionate, Cocamidopropyl Hydroxysultaine, Chamomilla Recutita (Matricaria) Flower Decyl Glucoside, Maltooligosyl Glucoside, Lauryl Glucoside, Glycerin, Hydrogenated Starch Hydrolysate, Echinacea Purpurea Root Extract, Honey Extract, Propolis Extract, Royal Jelly Extract, Hydrolyzed Sodium Hyaluronate, Calendula Officinalis Flower Extract, Glycyrrhiza Glabra (Licorice) Root Extract, Aloe Barbadensis Leaf Juice, Melia Azadirachta Leaf Extract, Lavandula Angustifolia (Lavender) Oil, Lavandula Hybrida Oil, Curcumin, Curcuma Longa (Turmeric) Root Extract, Betaine, Sodium Pca, Disodium Cocoyl Glutamate, Sodium Cocoyl Glutamate, Citric Acid, Sodium Benzoate, Abies Sibirica Oil, Cymbopogon Martini Oil, Pelargonium Graveolens Oil, Pogostemon Cablin Leaf Oil, Caramel, Anthemis Nobilis Flower Oil, Ocimum Basilicum (Basil) Flower/Leaf Extract, Ocimum Sanctum Leaf Extract, Melia Azadirachta Flower Extract, Corallina Officinalis Extract, Flavor (Aroma)*, Potassium Sorbate, Maltodextrin, Trisodium Ethylenediamine Disuccinate, Sodium Chloride, Sodium Phytate, Propanediol, Linalool.",546,29142,5.0,0.0,https://www.sephora.com/product/clean-bee-ultra-gentle-facial-cleanser-P431187?icid2=products%20grid:p431187,5.0,5.6
Vinopure Natural Salicylic Acid Pore Minimizing Toner,Caudalie,cleanser,28.0,*Plant origin.,219,23514,6.7,0.0,https://www.sephora.com/product/vinopure-natural-salicylic-acid-pore-minimizing-toner-P433625?icid2=products%20grid:p433625,6.7,4.17910447761194
Ultra Facial Toner,Kiehl's Since 1851,cleanser,17.0,"Glycerin, Squalane, Phenoxyethanol, Acrylates/C1030 Alkyl Acrylate Crosspolymer, Sorbitan Oleate, Ethylhexyl Salicylate, Peg100 Stearate, Potassium Sorbate, Triethanolamine, PAnisic Acid, Ascorbyl Glucoside, Sodium Hyaluronate, Prunus Amygdalus Dulcis Oil / Sweet Almond Oil, Prunus Armeniaca Kernel Oil / Apricot Kernel Oil, Tocopherol, Persea Gratissima Oil / Avocado Oil.",112,18878,0.0,8.4,https://www.sephora.com/product/ultra-facial-toner-P422011?icid2=products%20grid:p422011,8.4,2.0238095238095237
Bye Bye Makeup Cleansing Balm,IT Cosmetics,cleanser,38.0,"Ethylhexyl Palmitate, Peg20 Glyceryl Triisostearate, Carthamus Tinctorius (Safflower) Seed Oil, Polyethylene, Macadamia Ternifolia Seed Oil, Peg8 Isostearate, Butyrospermum Parkii (Shea) Butter, Tocopheryl Acetate, Aloe Barbadensis Leaf Extract, Camellia Sinensis Leaf Extract, Butylene Glycol, Glycerin, Glyceryl Linolenate, BetaSitosterol, Ceteth24, Cholesterol, Glyceryl Linoleate, Choleth24, Polysorbate 20, Niacinamide, Squalane, Peg40 Hydrogenated Castor Oil, Glyceryl Arachidonate, Propylene Glycol, Panthenol, Avena Sativa (Oat) Kernel Extract, Ubiquinone, Ceramide Np, Ceramide Ap, Phytosphingosine, Curcuma Longa (Turmeric) Root Extract, Palmitoyl Tripeptide1, Disteardimonium Hectorite, Propylene Carbonate, Palmitoyl Tetrapeptide7, Palmitoyl Hexapeptide12, Xanthan Gum, Copper Tripeptide1, Palmitoyl Pentapeptide4, Acetyl Hexapeptide8, Ceramide Eos, Melaleuca Alternifolia (Tea Tree) Leaf Oil, Sodium Ascorbyl Phosphate, Retinyl Palmitate, Potassium Cetyl Phosphate, Silica, Hyaluronic Acid, Glycyrrhiza Glabra (Licorice) Root Extract, Hydrolyzed Collagen, Chamomilla Recutita (Matricaria) Flower Colloidal Oatmeal, Leuconostoc/Radish Root Ferment Filtrate, Biotin, Octyldodecanol, Hydrogenated Lecithin, Carbomer, Caprylic/Capric Triglyceride, Sodium Lauroyl Lactylate, Sodium Lactate, Lecithin, Pentaerythrityl Tetraisostearate, Cyclomethicone, Dimethicone, Paraffinum Liquidum/ Mineral Oil/Huile Minerale, Citrus Aurantium Dulcis (Orange) Oil, Citric Acid, Disodium EDTA, Caprylyl Glycol, Phenoxyethanol, 1,2Hexanediol, Ethylhexylglycerin, Fragrance, Alcohol.",456,24757,0.0,2.82,https://www.sephora.com/product/bye-bye-makeup-3-in-1-makeup-melting-cleansing-balm-P411399?icid2=products%20grid:p411399,2.82,13.47517730496454
SUPERTONER™ Exfoliating Acid Solution Toner,GLAMGLOW,cleanser,42.0,"Alcohol Denat., Propanediol, Mandelic Acid, Glycolic Acid, Salicylic Acid, Lactic Acid, Tartaric Acid, Pyruvic Acid, Charcoal Powder, Eucalyptus Globulus Leaf Powder, Eucalyptus Globulus Leaf, Hamamelis Virginiana (Witch Hazel) Extract, Algae Extract, Salix Alba (Willow) Bark Extract, Nylon12, Aloe Barbadensis Leaf Juice, Mentha Piperita (Peppermint) Oil, Sodium Hydroxide, Citric Acid, Fragrance, Limonene, Linalool, Disodium Edta, Phenoxyethanol, Mica, Titanium  Dioxide (Ci 77891), Iron Oxides (Ci 77499).",290,18341,7.0,0.0,https://www.sephora.com/product/supertoner-exfoliating-acid-solution-P441865?icid2=products%20grid:p441865,7.0,6.0
Acne Solutions Cleansing Foam,CLINIQUE,cleanser,22.0,"Glycerin, Butylene Glycol, Sodium Methyl Cocoyl Taurate, Sucrose, Disodium Phosphate, Arginine Cocoate, Laminaria Saccharina Extract, Caffeine, Algae Extract, Cola Acuminata (Kola) Seed Extract, Sea Whip Extract, Peg/Ppg18/18 Dimethicone, Sodium Hyaluronate, Ppg6Decyltetradeceth30, Lactobacillus Ferment, Stearamidopropyl Dimethylamine, Acetyl Glucosamine, Capryloyl Glycine, 10Hydroxydecanoic Acid, Polyquaternium7, Phospholipids, Stearic Acid, Sodium Hydroxide, Disodium Edta, Phenoxyethanol, Chloroxylenol.",956,29697,4.2,0.0,https://www.sephora.com/product/acne-solutions-cleansing-foam-P188309?icid2=products%20grid:p188309,4.2,5.238095238095238
Clarifying Blemish & Oil Control Cleanser,Tata Harper,cleanser,72.0,"Hordeum Vulgare Leaf Juice*, Caprylyl/Capryl Glucoside, Coco Glucoside, Glycerin, Decyl Glucoside, Lauryl Glucoside, Maltooligosyl Glucoside, Mel/Honey/Miel, Salix Alba (Willow) Bark Extract, Hydrogenated Starch Hydrolysate, Aroma**, Hydrolyzed Opuntia FicusIndica Flower Extract, Lactobacillus Ferment, Leuconostoc Ferment Filtrate, Gaultheria Procumbens (Wintergreen) Leaf Extract, L (+) Lactic Acid, Citric Acid, Yucca Schidigera Extract, Chlorella Pyrenoidosa, Juniperus Communis Fruit Extract, Saccharide Isomerate, Arnica Montana (Arnica) Extract*, Borago Officinalis (Borage) Leaf Extract*, Calendula Officinalis (Calendula) Flower Extract*, Medicago Sativa (Alfalfa) Extract*, Spiraea Ulmaria (Meadowsweet) Extract*, Olea Europaea (Olive) Oil*, Serenoa Serrulata Fruit Extract, Tocopherol, Sambucus Nigra Fruit Extract, pAnisic Acid, Menthol, Menthyl Lactate, Sodium Phytate, Acacia Senegal Gum, Xanthan Gum, Sodium Citrate, Sodium Caproyl/Lauroyl Lactylate, Polyglyceryl10 Laurate, CI 77288, Alcohol, Limonene, Linalool",122,12747,4.1,0.0,https://www.sephora.com/product/clarifying-cleanser-P429954?icid2=products%20grid:p429954,4.1,17.5609756097561
Knockout Tingle Treatment Toner,tarte,cleanser,39.0,"niacinamide, lactic acid, citric acid, propanediol, glycerin, gluconolactone, malic acid, phytic acid, salicylic acid, sodium benzoate, magnesium chloride, acetic acid, potassium sorbate, allium cepa (onion) bulb extract, calcium gluconate, cochlearia armoracia (horseradish) root extract, commiphora myrrha resin extract, myrtus communis extract, rumex acetosa leaf extract, thymus vulgaris (thyme) flower/leaf extract, calcium chloride, sodium chloride, potassium chloride, sulfur.",578,33256,0.0,5.0,https://www.sephora.com/product/knockout-tingling-treatment-P427427?icid2=products%20grid:p427427,5.0,7.8
Treatment Cleansing Foam,AMOREPACIFIC,cleanser,50.0,"Glycerin, Stearic Acid, Myristic Acid, Potassium Hydroxide, Lauric Acid, Peg8, Sodium Myristoyl Glutamate, Glyceryl Stearate, Peg32, Peg/Ppg25/30 Copolymer, Sorbitol, Peg200 Hydrogenated Glyceryl Palmate, Cocamidopropyl Betaine, Phyllostachis Bambusoides Juice, Panax Ginseng Root Extract, Mangifera Indica (Mango) Seed Butter, Olea Europaea (Olive) Fruit Oil, Helianthus Annuus (Sunflower) Seed Oil, Algae Extract, Glycyrrhiza Glabra (Licorice) Root Extract, Corallina Officinalis Extract, Lactose, Disodium Edta, Microcrystalline Cellulose, Butylene Glycol, Sucrose, Alcohol, Zea Mays (Corn) Starch, Olive Oil Peg8 Esters, Ultramarines (Ci 77007), Xanthan Gum, Tocopheryl Acetate, Trehalose, Triclosan, Phosphatidylcholine, Propylene Glycol, Peg100 Stearate, Peg14m, Peg5 Rapeseed Sterol, Peg7 Glyceryl Cocoate, Hydrogenated Lecithin, Sodium Benzoate, Fragrance",441,14052,0.0,4.1,https://www.sephora.com/product/treatment-cleansing-foam-P232930?icid2=products%20grid:p232930,4.1,12.195121951219512
Truth™ On the Glow Cleansing Cloths,OLEHENRIKSEN,cleanser,15.0,"Gluconolactone, Olea Europaea (Olive) Fruit Oil, Sodium Benzoate, Glycerin, Parfum/Fragrance, CocoGlucoside, Aroma/Flavor, Dehydroacetic Acid, Tocopheryl Acetate, Citric Acid, Ascorbic Acid, Calcium Gluconate, Elaeis Guineensis Oil, Vitis Vinifera (Grape) Seed Oil, Simmondsia Chinensis (Jojoba) Seed Oil, Squalane, Propylene Glycol, Ribes Nigrum (Black Currant) Seed Oil, Pullulan, Cera Carnauba/Copernicia Cerifera (Carnauba) Wax/Cire De Carnauba, Camellia Sinensis Leaf Extract, Rosa Gallica Flower Extract, Decyl Glucoside, Nannochloropsis Oculata Extract, Pentylene Glycol, Punica Granatum (Pomegranate) Fruit Extract, Potassium Sorbate, Phenoxyethanol, Ubiquinone, Vitis Vinifera (Grape) Seed Extract, Tocopherol, Sorbic Acid, Rosa Damascena Flower Oil, Sodium Sulfite, Trisodium EDTA, Limonene, Benzyl Alcohol, Citral, Linalool.",618,22036,0.0,0.0,https://www.sephora.com/product/truth-on-the-glow-cleansing-cloths-P385342?icid2=products%20grid:p385342,4.92609452736319,3.0450085593524143
Cleansing Wipes - Rose - Moisturizing,SEPHORA COLLECTION,cleanser,8.0,"<div arialabelledby=""tab2"" class=""css1rny024"" hidden="""" id=""tabpanel2"" role=""tabpanel"" tabindex=""0""><p class=""css189uj0g"" datacomp=""Text Box "">Get more information about<! > </p><div class=""cssk13wt5"" datacomp=""Link Box "">shipping rates, schedules, methods and restrictions</div>.<p class=""css1khw9z2"" datacomp=""Text Box "">If you are not completely satisfied with an online purchase or gift, you may return your U.S.or Canadian purchase in stores or by mail. Restrictions apply for returns made outside the U.S.</p></div>",78,0,0.0,0.0,https://www.sephora.com/product/cleansing-exfoliating-wipes-P410148?icid2=products%20grid:p410148,4.92609452736319,1.6240045649879542
Exfoliating Wipes - Charcoal - Detoxifying,SEPHORA COLLECTION,cleanser,8.0,"<div arialabelledby=""tab2"" class=""css1rny024"" hidden="""" id=""tabpanel2"" role=""tabpanel"" tabindex=""0""><p class=""css189uj0g"" datacomp=""Text Box "">Get more information about<! > </p><div class=""cssk13wt5"" datacomp=""Link Box "">shipping rates, schedules, methods and restrictions</div>.<p class=""css1khw9z2"" datacomp=""Text Box "">If you are not completely satisfied with an online purchase or gift, you may return your U.S.or Canadian purchase in stores or by mail. Restrictions apply for returns made outside the U.S.</p></div>",97,0,0.0,0.0,https://www.sephora.com/product/cleansing-exfoliating-wipes-P410157?icid2=products%20grid:p410157,4.92609452736319,1.6240045649879542
Micellar Cleansing Water,Caudalie,cleanser,14.0,"Glycerin*, Poloxamer 188, Vitis Vinifera (Grape) Fruit Water*, Heptyl Glucoside*, Capryl/Capramidopropyl Betaine, Sodium Levulinate*, Sodium Anisate*, Sodium Chloride, Fragrance, Chamomilla Recutita (Matricaria) Flower Extract*, Citric Acid*, Vitis Vinifera (Grape) Juice*, Sodium Benzoate, Potassium Sorbate (067/178) *Plant Origin.",584,28639,0.0,3.38,https://www.sephora.com/product/micellar-cleansing-water-P381020?icid2=products%20grid:p381020,3.38,4.1420118343195265
Pekee™ Cleansing Bar,Drunk Elephant,cleanser,28.0,"Sodium CocoSulfate, Disodium Lauryl Sulfosuccinate, Triticum Vulgare (Wheat) Starch, Cetearyl Alcohol, Paraffin, Sclerocarya Birrea Seed Oil, Titanium Dioxide (CI 77891), Honey/Mel/Miel, Glycerin, Vaccinium Angustifolium (Blueberry) Fruit Extract.",381,17486,4.0,0.0,https://www.sephora.com/product/pekee-bar-tm-P392248?icid2=products%20grid:p392248,4.0,7.0
Anti-Aging Cleansing Gel,Peter Thomas Roth,cleanser,39.0,"Sodium Laureth SulfateCocamidopropyl Betaine, LauryGlucoside, Propylene Glycol, SalicyliAcid, Glycolic Acid, Quercus Alba BarExtract, Citrus Grandis (Grapefruit) FruiExtract, Prunus Persica (Peach) FruiExtract, Citrus Aurantifolia (Lime) FruiExtract, Citrus Limon (Lemon) FruiExtract, Arginine, Tilia Cordata FloweExtract, Allantoin, Bht, PanthenolButylene Glycol, Potassium SorbateSodium Benzoate, Phenoxyethanol, AmyCinnamal, Linalool, FragranceRed 40 (Ci 16035), Yellow 5 (Ci 19140)",1000,22458,0.0,8.5,https://www.sephora.com/product/anti-aging-cleansing-gel-P39274?icid2=products%20grid:p39274,8.5,4.588235294117647
Pore Clarifying Toner 10% Glycolic Acid + Pore Control Complex,Saturday Skin,cleanser,30.0,"Glycolic Acid, Hamamelis Virginiana (Witch Hazel) Sodium Hydroxide, Pentylene Glycol, Glycerin, Propanediol, 1,2Hexanediol, Panthenol, Sodium PCA, PEG60 Hydrogenated Castor Oil, Caprylyl Glycol, Xanthan Gum, Ethylhexylglycerin, Citrus Limon (Lemon) Peel Oil, Disodium EDTA, Juniperus Mexicana Oil, Hydrogenated Lecithin, Citrus Aurantium Dulcis (Orange) Peel Oil, Citrus Grandis (Grapefruit) Peel Oil, Eucalyptus Globulus Leaf Oil, Lavandula Angustifolia (Lavender) Oil, Rosmarinus Officinalis (Rosemary) Leaf Oil, Butylene Glycol, Cholesterol, PEG800, Polysorbate 20, Tocopherol, Melaleuca Alternifolia (Tea Tree) Extract, Camellia Sinensis Leaf Extract, Trifolium Pratense (Clover) Flower Extract, Octanediol, shOligopeptide1, shPolypeptide1, shOligopeptide2, shPolypeptide22, shPolypeptide45, shPolypeptide8, shPolypeptide9.",2,2610,4.22,0.0,https://www.sephora.com/product/saturday-skin-pore-clarifying-toner-10-glycolic-acid-pore-control-complex-P455234?icid2=products%20grid:p455234,4.22,7.109004739336493
Acne Solutions Clarifying Lotion,CLINIQUE,cleanser,17.0,"Alcohol Denat., Nylon12, Butylene Glycol, Hamamelis Virginiana (Witch Hazel), Laminaria Saccharina Extract, Caffeine, Sucrose , Glycerin, Acetyl Glucosamine, Sorbitol, Sea Whip Extract, Barium Sulfate, 10Hydroxydecanoic Acid, Silica, Disodium Edta, Benzalkonium Chloride.",925,28917,6.7,0.0,https://www.sephora.com/product/acne-solutions-clarifying-lotion-P188307?icid2=products%20grid:p188307,6.7,2.5373134328358207
Exfoliating Peel Gel,boscia,cleanser,34.0,"Alcohol Denat., Nylon12, Butylene Glycol, Hamamelis Virginiana (Witch Hazel), Laminaria Saccharina Extract, Caffeine, Sucrose , Glycerin, Acetyl Glucosamine, Sorbitol, Sea Whip Extract, Barium Sulfate, 10Hydroxydecanoic Acid, Silica, Disodium Edta, Benzalkonium Chloride.",1000,45647,5.0,0.0,https://www.sephora.com/product/exfoliating-peel-gel-P393292?icid2=products%20grid:p393292,5.0,6.8
Umbrian Clay Pore Purifying Face Exfoliator,Fresh,cleanser,33.0,"Solum Fullonum (Fuller'sEarth), Kaolin, Glycerin, Bambusa Arundinacea Stem Extract,Butylene Glycol, Olea Europaea(Olive) Seed Powder, PentyleneGlycol, Hydroxyethyl Acrylate/Sodium Acryloyldimethyl Taurate Copolymer, Cocamidopropyl Betaine, Vitis Vinifera(Grape) Seed Oil, Olea Europaea (Olive) Leaf Extract, Santalum Album (Sandalwood)Oil, Lavandula Angustifolia(Lavender) Flower Anthemis Nobilis Flower Oil,Citrus Medica Limonum(Lemon) Fruit Extract, AmyrisBalsamifera Bark Oil, SpiraeaUlmaria Extract, Fusanus Spicatus Wood Oil, Tocopheryl Acetate, Citric Acid, Sodium Chloride, Xanthan Gum, Polysorbate 60, Sorbitan Isostearate,Fragrance, BHT,Phenoxyethanol, Linalool.",156,22327,3.3,0.0,https://www.sephora.com/product/umbrian-clay-mattifying-face-exfoliant-P379065?icid2=products%20grid:p379065,3.3,10.0
GinZing™ Refreshing Scrub Cleanser,Origins,cleanser,21.0,"Cocamidopropyl Hydroxysultaine, CocoBetaine, Sodium Lauroyl Oat Amino Acids, Decyl Glucoside, Sodium Cocoyl Sarcosinate, Acrylates Copolymer, Copernicia Cerifera (Carnauba) Wax\Cera Carnauba\Cire De Carnauba, Jojoba Esters, Sodium Chloride, Polysorbate 20, Disodium Cocoyl Glutamate, Citrus Limon (Lemon) Peel Oil*, Citrus Grandis (Grapefruit) Peel Oil*, Mentha Viridis (Spearmint) Leaf Oil*, Panax Ginseng (Ginseng) Root Extract, Caffeine, Garcinia Mangostana Peel Extract, Cordyceps Sinensis Extract, Butylene Glycol, Ethylhexylglycerin, Glycerin, Aloe Barbadensis Leaf Juice, Sodium Cocoyl Glutamate, Monosodium Citrate, Citric Acid, Sodium Hydroxide, Disodium Edta, Methylchloroisothiazolinone, Methylisothiazolinone, Phenoxyethanol. *Essential Oil.",1000,30908,5.0,0.0,https://www.sephora.com/product/ginzing-refreshing-scrub-cleanser-P386197?icid2=products%20grid:p386197,5.0,4.2
Clarifying Cleansing Foam,Shiseido,cleanser,36.0,"Stearic Acid, Peg8, Myristic Acid, Glycerin, Potassium Hydroxide, Dipropylene Glycol, Lauric Acid, Glyceryl Stearate Se, Sorbitol, Cocamidopropyl Betaine, Peg60 Glyceryl Isostearate, Sodium Methyl Cocoyl Taurate, Phytosteryl Macadamiate, Fragrance, Polyquaternium39, Disodium Edta, Oryza Sativa (Rice) Germ Oil, Linalool, Geraniol, Citronellol, Kaolin, Sodium Benzoate, Butylene Glycol, Acrylates Copolymer, Betaine, Silk Powder(Serica/Poudre De Soie), Tocopherol, Sodium Acetylated Hyaluronate, Artemisia Princeps Leaf Extract, Sodium Lauryl Sulfate.",34,4291,4.6,0.0,https://www.sephora.com/product/clarifying-cleansing-foam-P433618?icid2=products%20grid:p433618,4.6,7.82608695652174
Detoxifying Black Charcoal Cleanser,boscia,cleanser,30.0,"Glycereth26, Glycerin, Sodium Cocoyl Glutamate, Sodium Lauroyl Glutamate, PEG120 Methyl Glucose Dioleate, Charcoal Powder, Cynara Scolymus (Artichoke) Leaf Extract, Ascorbyl Glucoside, Glycyrrhiza Glabra (Licorice) Root Extract, Glycolic Acid, Simmondsia Chinensis (Jojoba) Seed Extract, Pelargonium Graveolens Flower Oil, Epilobium Angustifolium Flower/Leaf/Stem Extract, Citrus Paradisi (Grapefruit) Seed Extract, Glucosyl Hesperidin, Ceteth25, Oleth10, Xanthan Gum, Butylene Glycol, Polysorbate 20.",2000,97036,0.0,5.0,https://www.sephora.com/product/detoxifying-black-cleanser-P302940?icid2=products%20grid:p302940,5.0,6.0
The Microdelivery Exfoliating Facial Wash,philosophy,cleanser,8.0,"Solum Diatomeae/Diatomaceous Earth/Terre De Diatomees, Sodium Cocoyl Apple Amino Acids, Glycerin, Acrylates/Steareth20 Methacrylate Copolymer, Acrylates Copolymer, Decyl Glucoside, Disodium Cocoamphodiacetate, Phenoxyethanol, Lauryl Glucoside, Lithium Magnesium Sodium Silicate, Polysorbate 20, Hexylene Glycol, Sodium Hydroxide, Citrus Aurantium Dulcis (Orange) Peel Extract, Limonene, Decylene Glycol, Ethylhexylglycerin, Panthenol, Tetrasodium Edta, 1,2Hexanediol, Ascorbyl Glucoside, Borago Officinalis Seed Oil, Tocopherol, Helianthus Annuus (Sunflower) Seed Oil, Tocotrienols, Triolein, Trilinolein, Magnesium Nitrate, Methylisothiazolinone, Methylchloroisothiazolinone, Magnesium Chloride.",3000,42923,0.0,2.0,https://www.sephora.com/product/the-microdelivery-exfoliating-wash-P184109?icid2=products%20grid:p184109,2.0,4.0
JuJu Exfoliating Bar,Drunk Elephant,cleanser,28.0,"Sodium CocoSulfate, Disodium Lauryl Sulfosuccinate, Triticum Vulgare (Wheat) Starch, Cetearyl Alcohol, Bambusa Vulgaris Leaf/Stem Extract, Paraffin, Sclerocarya Birrea Seed Oil, Heilmoor Clay, Titanium Dioxide (CI 77891), Helianthus Annuus (Sunflower) Seed Oil, Euterpe Oleracea Fruit Extract, Lycium Barbarum Fruit Extract.",349,25215,4.0,0.0,https://www.sephora.com/product/juju-bar-P392249?icid2=products%20grid:p392249,4.0,7.0
Barrier+ Foaming Oil Cleanser,Skinfix,cleanser,28.0,"Glycerin, Caprylyl/Capryl Glucoside, Sodium Methyl Cocoyl Taurate, Sodium Lauroamphoacetate, Sodium Cocoyl Isethionate, Cocamidopropyl Hydroxysultaine, Glycol Distearate, Betaine, Sodium Hyaluronate, Panthenol, Aloe Barbadensis Leaf Juice, Gluconolactone, Jojoba Oil/Macadamia Seed Oil Esters, Squalene, Phytosteryl Macadamiate, Phytosterols, Tocopherol, Chondrus Crispus Extract, Hydroxypropyl Guar Hydroxypropyltrimonium Chloride, Ethylhexylglycerin, Trisodium Ethylenediamine Disuccinate, Caprylic/Capric Triglyceride, Propanediol, Xanthan Gum, Coconut Acid, Citric Acid, Phenoxyethanol, Sodium Chloride, Benzoic Acid, Sodium Benzoate.",354,8086,6.0,0.0,https://www.sephora.com/product/barrier-foaming-oil-cleanser-P442836?icid2=products%20grid:p442836,6.0,4.666666666666667
Bye Bye Pores Leave-On Solution Pore-Refining Toner,IT Cosmetics,cleanser,34.0,"Alcohol Denat., Glycerin, Propanediol, Silica [Nano]/Silica, Phenoxyethanol, Methyl Methacrylate Crosspolymer, Kaolin, Zinc Gluconate, Aloe Barbadensis Leaf Juice Powder, Parfum/Fragrance, Menthoxypropanediol, Cocos Nucifera Fruit Juice/Coconut Fruit Juice, Hamamelis Virginiana Water/Witch Hazel Allantoin, Hydrolyzed Silk, Avena Sativa Kernel Flour/Oat Kernel Flour, Linalool, Salicylic Acid, Propylene Glycol, Pentylene Glycol, Hydrolyzed Rice Protein, Limonene, Citric Acid, Soluble Collagen, Sodium Benzoate, Potassium Sorbate, Disodium Edta, Trisodium Edta.",131,14563,6.8,0.0,https://www.sephora.com/product/bye-bye-pores-leave-on-solution-pore-refining-toner-P448934?icid2=products%20grid:p448934,6.8,5.0
Rare Earth Deep Pore Daily Cleanser,Kiehl's Since 1851,cleanser,24.0,"Kaolin, Bentonite, Propanediol, Glycerin, CI 77891/Titanium Dioxide, Caprylic/Capric Triglyceride, Cetearyl Alcohol, Zea Mays Starch/Corn Starch, Phenoxyethanol, Ceteareth20, Caprylyl Glycol, Xanthan Gum, Ethylhexylglycerin, Tocopherol, Lecithin, Aloe Barbadensis/Aloe Barbadensis Leaf Juice, Avena Sativa Flour/Oat Kernel Flour, Allantoin.",123,14477,5.0,0.0,https://www.sephora.com/product/rare-earth-deep-pore-daily-cleanser-P422248?icid2=products%20grid:p422248,5.0,4.8
Time Release Acne Cleanser,Murad,cleanser,39.0,"Disodium Cocoamphodiacetate, Glycerin, Cetyl Alcohol, Cocamidopropyl Betaine, Cetearyl Alcohol, Sodium Cocoyl Isethionate, PEG100 Stearate, Glyceryl Stearate, Butylene Glycol, Sodium Hyaluronate, Tocopheryl Acetate, Caprylic/Capric Triglyceride, Retinol, Salix Alba (Willow) Bark Extract, Ascorbic Acid, Chitosan, Silver Citrate, Sodium PCA, Betaine, Sorbitol, Glycine, Alanine, Proline, Serine, Threonine, Arginine, Lysine, Glutamic Acid, Zinc Gluconate, Argania Spinosa Kernel Extract, Serenoa Serrulata Fruit Extract, Sesamum Indicum (Sesame) Seed Extract, Cimicifuga Racemosa Root Extract, Melaleuca Alternifolia (Tea Tree) Leaf Oil, Cocamidopropyl Dimethylamine, Zea Mays (Corn) Starch, Hydrolyzed Corn Starch, Hydrolyzed Corn Starch Octenylsuccinate, Citric Acid, Disodium EDTA, Propyl Gallate, Polysorbate 80, Menthol, Cetearyl Glucoside, Glycol Distearate, Steareth4, PEG150 Distearate, Hydroxyethylcellulose, Polyacrylate13, Polyisobutene, Polysorbate 20, Trisodium Ethylenediamine Disuccinate, Phenoxyethanol, Caprylyl Glycol, Chlorphenesin, Fragrance.",850,27033,6.75,0.0,https://www.sephora.com/product/time-release-acne-cleanser-P254720?icid2=products%20grid:p254720,6.75,5.777777777777778
Hemp Cleansing Wipes,SEPHORA COLLECTION,cleanser,8.0,"Aqua (Water), Caprylic/Capric Triglyceride, Peg40 Hydrogenated Castor Oil, Phenoxyethanol, Glycerin, Parfum (Fragrance), Benzyl Alcohol, Ethylhexylglycerin, Glyceryl Stearate, Lauryl Glucoside, Sodium Lauroyl Lactylate, Citric Acid, Cetearyl Alcohol, Sodium Stearoyl Lactylate, Limonene, Cannabis Sativa Seed Oil, Tocopherol.",2,0,0.0,0.0,https://www.sephora.com/product/sephora-collection-hemp-cleansing-wipes-P455211?icid2=products%20grid:p455211,4.92609452736319,1.6240045649879542
Rub-A-Dub Refining Peel Gel,Saturday Skin,cleanser,28.0,"Glycerin, Cellulose, Butylene Glycol, Alcohol Denat., Dipropylene Glycol, Pentylene Glycol, Ceteareth12, Citrus Limon (Lemon) Peel Oil, Juniperus Mexicana Oil, Citrus Aurantium Dulcis (Orange) Peel Oil, Citrus Grandis (Grapefruit) Peel Oil, Eucalyptus Globulus Leaf Oil, Lavandula Angustifolia (Lavender) Oil, Rosmarinus Officinalis (Rosemary) Leaf Oil,  Aloe Barbadensis Leaf Polysaccharides, Phoenix Dactylifera (Date) Seed, 1,2hexanediol, Triethanolamine, Polysorbate 20, Caprylyl Glycol, Lactose, Hydroxypropyl Methylcellulose, Ethylhexylglycerin, Jojoba Esters, Hydrogenated Lecithin, Mannitol, Ascorbyl Palmitate, Tocopheryl Acetate, Cholesterol, Peg800, Bromelain, Papain, Ascorbic Acid, Sholigopeptide1, Shpolypeptide1, Sholigopeptide2, Shpolypeptide22, Shpolypeptide45, Shpolypeptide8, Shpolypeptide9, Carbomer, Disodium Edta, Ultramarines (Ci 77007).",1000,16674,2.53,0.0,https://www.sephora.com/product/rub-a-dub-refining-peel-gel-P423971?icid2=products%20grid:p423971,2.53,11.067193675889328
Rinse-Off Foaming Cleanser,CLINIQUE,cleanser,22.0,"Potassium Myristate , Glycerin , Potassium Behenate , Sodium Methyl Cocoyl Taurate , Potassium Palmitate , Potassium Laurate , Potassium Sterate , Peg3 Distearate , Cholesteryl Hydroxystearate , Butylene Glycol , Sodium Hyaluronate , Trisodium Edta , Disodium Edta , Phenoxyethanol , Ext. Violet 2 (Ci 60730) , Red 4 (Ci 14700) <iln33888></iln33888>",765,12032,0.0,5.0,https://www.sephora.com/product/rinse-off-foaming-cleanser-P122762?icid2=products%20grid:p122762,5.0,4.4
Polyhydroxy Acid (PHA) Gentle Exfoliating Toner,The INKEY List,cleanser,10.99,"Water (Aqua / Eau), Propanediol, Gluconolactone, Niacinamide, Pentylene Glycol, Glycerin, Aloe Barbadensis Leaf Juice, Potassium Sorbate, Sodium Benzoate, Ppg26Buteth26, Peg40 Hydrogenated Castor Oil, 1,2Hexanediol, Caprylyl Glycol, Ethylhexylglycerin, Citric Acid, Sodium Hydroxide.",18,5421,3.4,0.0,https://www.sephora.com/product/poly-hydroxide-acid-toner-P450262?icid2=products%20grid:p450262,3.4,3.2323529411764707
Blackhead Solutions Self-heating Blackhead Extractor,CLINIQUE,cleanser,29.0,"Magnesium Sulfate, Dimethicone, Isononyl Isononanoate, Isododecane, Polysilicone11, Phenyl Trimethicone, Hydrogenated Lecithin, Acetyl Glucosamine, Polysorbate 20, Polysorbate 80, Polyethylene, Diatomaceous Earth/Solum Diatomeae/Terre De Diatomées, Triethylhexanoin, Pumice, Bambusa Arundinacea (Bamboo) Stem Extract, Peg15/Lauryl Dimethicone Crosspolymer, Caprylyl Glycol, Stearyl Glycyrrhetinate, Silica.",129,23254,0.68,0.0,https://www.sephora.com/product/blackhead-solutions-self-heating-blackhead-extractor-P432243?icid2=products%20grid:p432243,0.68,42.647058823529406
Gentle Cleansing Foam,Sulwhasoo,cleanser,38.0,"Water / Aqua / Eau, Potassium Cocoyl Glycinate, Disodium Cocoamphodiacetate, Cocamidopropyl Betaine, Acrylates/Beheneth25 Methacrylate Copolymer, Peg200 Hydrogenated Glyceryl Palmate, Sodium Chloride, Pentylene Glycol, 1,2Hexanediol, Sodium Methyl Cocoyl Taurate, Caprylyl/Capryl Glucoside, Peg7 Glyceryl Cocoate, Fragrance / Parfum, Isostearic Acid, Potassium Hydroxide, Butylene Glycol, Limonene, Disodium Edta, Ethylhexylglycerin, Sodium Benzoate, Tetrasodium Edta, Coix LacrymaJobi MaYuen Seed Extract, Citrus Unshiu Peel Extract, Castanea Crenata (Chestnut) Shell Extract, Linalool, Spirodela Polyrhiza Extract, Dioscorea Japonica Root Extract, Dextrin, Theobroma Cacao (Cocoa) Extract, Rubus Idaeus (Raspberry) Fruit Extract, Ulmus Davidiana Root Extract, Salicornia Herbacea E.",5,1355,6.76,0.0,https://www.sephora.com/product/gentle-cleansing-foam-P450632?icid2=products%20grid:p450632,6.76,5.621301775147929
Clean Skin Gel - Cleanse + Tone,SEPHORA COLLECTION,cleanser,10.0,"CocoGlucoside, Glycerin, Xanthan Gum, Sodium PCA, Sodium Benzoate, Potassium Sorbate, Fragrance, Citric Acid, Aloe Barbadensis Extract, Sodium Hydroxide.",345,12064,0.0,0.0,https://www.sephora.com/product/clean-skin-gel-cleanse-tone-P438618?icid2=products%20grid:p438618,4.92609452736319,2.0300057062349426
Midnight Recovery Botanical Cleansing Oil,Kiehl's Since 1851,cleanser,32.0,Evening Primrose Oil: Boosts radiance.,148,15489,5.9,0.0,https://www.sephora.com/product/midnight-recovery-botanical-cleansing-oil-P422257?icid2=products%20grid:p422257,5.9,5.423728813559322
FLASHMUD™ Brightening Treatment Mask,GLAMGLOW,cleanser,59.0,"Silica, Kaolin, Cetyl Alcohol, C1215 Alkyl Benzoate, Butylene Glycol, Niacinamide, Acetyl Glucosamine, Polymethylsilsesquioxane, Pumice, Glyceryl Stearate, Peg100 Stearate, Pentylene Glycol, Diamond Powder, Rosmarinus Officinalis (Rosemary) Leaf Extract, Betula Alba Leaf Extract, Lactic Acid, Paeonia Suffruticosa (Peony) Root Extract, Tetrahexyldecyl Ascorbate, Betula Pendula Wood Powder, Salicylic Acid, Lilium Candidum (White Lily) Bulb Extract, Glycerin, Ribes Nigrum (Blackcurrent) Seed Oil, Solidago Virgaurea (Goldenrod) Extract, Octyldodecyl Oleate, Ethylhexylglycerin, Rosa Canina Flower Extract, Octyldodecanol, Camellia Sinensis Leaf Extract, Allantoin, Jasminum Officinale (Jasmine) Flower Extract, Tocopheryl Acetate, Octyldodecyl Stearoyl Stearate, Magnesium Aluminum Silicate, Xanthan Gum, Fragrance, Benzyl Alcohol, AlphaIsomethyl Ionone, Benzyl Benzoate, Linalool, Amyl Cinnamal, Hexyl Cinnamal, Benzyl Salicylate, Limonene, Geraniol, Disodium Edta, Potassium Sorbate, Phenoxyethanol, Titanium Dioxide (Ci 77891) <iln42925></iln42925>",648,64640,0.0,1.7,https://www.sephora.com/product/flashmud-tm-brightening-treatment-P397313?icid2=products%20grid:p397313,1.7,34.705882352941174
Essential-C Cleanser,Murad,cleanser,39.0,"Cocamidopropyl Betaine, Disodium Laureth Sulfosuccinate, Glycerin, Butylene Glycol, Aminomethyl Propanol, Polysorbate 20, Acrylates/C1030 Alkyl Acrylate Crosspolymer, Panthenol, Phospholipids, Tocopheryl Acetate, Retinyl Palmitate, Ascorbyl Palmitate, Ascorbic Acid, Chitosan, Rice Amino Acids, Zinc Aspartate, Allantoin, Sodium PCA, Lactose, Cellulose, Hydroxypropyl Methylcellulose, Propyl Gallate, Disodium EDTA, Phenoxyethanol, Caprylyl Glycol, Chlorphenesin, Limonene, Linalool, Orange Oil, Mandarin Orange Peel Oil, Basil Oil, Grapefruit Peel Oil, Galbanum Resin Oil, Fragrance, Iron Oxides (CI 77492).",320,11316,0.0,6.5,https://www.sephora.com/product/essential-c-cleanser-P9941?icid2=products%20grid:p9941,6.5,6.0
Multi-Active Toner ,Dermalogica,cleanser,41.0,"Butylene Glycol, Aloe Barbadensis Extract, Arginine, Lavandula Angustifolia (Lavender) Flower/Leaf/Stem Extract, Melissa Officinalis Leaf Extract, Citrus Limon (Lemon) Peel Oil, Citrus, Aurantium Bergamia (Bergamot) Fruit Oil, Cymbopogon Winterianus Herb Oil, Glycine, Alanine, Serine Lavandula Angustifolia (Lavender) Oil, Dipotassium Glycyrrhizate, Cucumis Sativus (Cucumber) Fruit Extract, Arnica Montana Flower Extract, Hedera Helix (Ivy) Extract, Malva Sylvestris (Mallow) Flower Extract, Parietaria Officinalis Extract, Sambucus Nigra Flower Extract, Tocopherol, Phenylalanine, Histidine, Valine, Isoleucine, Proline, Threonine, Sodium PCA, Sodium Lactate, Citric Acid, Polyquaternium4, Aspartic Acid, PCA, Ethylhexylglycerin, Methyl Gluceth20, Polysorbate 20, 1,2Hexanediol, Caprylyl Glycol, PEG12 Dimethicone, Ricinoleth40, Sodium Citrate, Sodium Hydroxide, Tetrasodium Glutamate Diacetate, Linalool, Limonene, Citral, Geraniol, Phenoxyethanol.",120,4134,0.0,8.4,https://www.sephora.com/product/multi-active-toner-P423150?icid2=products%20grid:p423150,8.4,4.8809523809523805
Gentle Foaming Cleanser with Cottonseed,Clarins,cleanser,26.0,"Glycerin, Stearic Acid, Myristic Acid, Potassium Hydroxide, Dimethicone, Lauric Acid, Sodium Lauroyl Sarcosinate, TipaLaureth Sulfate, Glycol Distearate, Glyceryl Behenate, Ozokerite, Parfum/Fragrance, Propylene Glycol, Tetrasodium Edta, AlphaGlucan Oligosaccharide, Polymnia Sonchifolia Root Juice, Maltodextrin, Gossypium Herbaceum (Cotton) Seed Extract, Gypsophila Paniculata Root Extract, Lactobacillus, Potassium Sorbate, Methylchloroisothiazolinone, Methylisothiazolinone, Bh, Benzyl Salicylate, Butylphenyl, Methylpropional, Limonene, Linalool, Ci7789/Titanium Dioxide.",504,11729,4.4,0.0,https://www.sephora.com/product/gentle-foaming-cleanser-P228101?icid2=products%20grid:p228101,4.4,5.909090909090908
Ceramic Slip Cleanser,SUNDAY RILEY,cleanser,35.0,"Disodium Laureth Sulfosuccinate, Octyldoecanol, Polyacrylate33, Propanediol, Polygyceryl2 Caprate, Sodium Cocoyl Isethionate, Montmorillonoite, Kaolin, Olive Oil Polyglyceryl6 esters, Rice Oil Glycereth8 esters, Phospholipids, Sodium Lauroamphoacetate, Bisabolol, Pentylene Glycol, Sodium Chloride, Sodium Phytate, Caprylyl Glycol, Dehydeoacetic Acid, Benzoic Acid, Propylene Carbonate, Linalool, Farnesol",832,40703,0.0,5.0,https://www.sephora.com/product/ceramic-slip-clay-cleanser-P309310?icid2=products%20grid:p309310,5.0,7.0
Clarifying Lotion 3,CLINIQUE,cleanser,17.0,"Alcohol Denat. , Salicylic Acid , Hamamelis Virginiana (Witch Hazel) , Butylene Glycol , Glycerin , Trehalose , Sodium Hyaluronate , Citric Acid , Sodium Hydroxide , Disodium Edta , Bht , Phenoxyethanol , Benzophenone4 , Ext. Violet 2 (Ci 60730) , Red 6 (Ci 15850) , Orange 4 (Ci 15510) <iln37038></iln37038>",860,19687,0.0,6.7,https://www.sephora.com/product/clarifying-lotion-3-P122881?icid2=products%20grid:p122881,6.7,2.5373134328358207
SEA Deep Dive Cleansing Gel,tarte,cleanser,25.0,"Cocamidopropyl Betaine, Disodium Cocoamphodipropionate,  Sodium Lauroyl Sarcosinate, Sodium Lauryl Sulfoacetate, Propanediol, Sodium Coco PGDimonium Chloride Phosphate, Caprylyl Glycol, Polyquaternium10, Fructosyl Cocoate/Olivate, Sodium Chloride, Glyceryl Laurate, Phenoxyethanol, Sodium Cocoyl/Olivoyl Hydrolyzed Oat/Wheat Protein, Potassium Sorbate, Allantoin, Panthenol, Cocamidopropyl Dimethylamine, Sodium Glycolate, Hexylene Glycol, Citric Acid, Cocoyl Hydroxyethyl Imidazoline, Methyl Alcohol, Lavandula Angustifolia (Lavender) Oil, Algae Extract, Cocos Nucifera (Coconut) Oil, Gardenia Tahitensis Flower Extract, Tocopherol,  Phyllanthus Emblica Fruit Extract, Linalool.",1000,47187,0.0,5.0,https://www.sephora.com/product/sea-deep-dive-cleansing-gel-P405096?icid2=products%20grid:p405096,5.0,5.0
Enzyme Cleanser,Dr. Barbara Sturm,cleanser,75.0,"Sodium Lauroyl Glutamate, Talc, Cellulose, Maltodextrin, Water (Aqua), Xanthan Gum, Ascorbic Acid, Subtilisin, Lipase.",7,1451,2.6,0.0,https://www.sephora.com/product/dr-barbara-sturm-enzyme-cleanser-P448554?icid2=products%20grid:p448554,2.6,28.846153846153847
Mattifying Blotting Films,SEPHORA COLLECTION,cleanser,8.0,"<div arialabelledby=""tab2"" class=""css1rny024"" hidden="""" id=""tabpanel2"" role=""tabpanel"" tabindex=""0""><p class=""css189uj0g"" datacomp=""Text Box "">Get more information about<! > </p><div class=""cssk13wt5"" datacomp=""Link Box "">shipping rates, schedules, methods and restrictions</div>.<p class=""css1khw9z2"" datacomp=""Text Box "">If you are not completely satisfied with an online purchase or gift, you may return your U.S.or Canadian purchase in stores or by mail. Restrictions apply for returns made outside the U.S.</p></div>",130,11123,0.0,0.0,https://www.sephora.com/product/mattifying-blotting-films-P388013?icid2=products%20grid:p388013,4.92609452736319,1.6240045649879542
Deep Cleansing Exfoliator,Caudalie,cleanser,35.0,"Polylactic Acid, Hexyldecyl Stearate, Glycerin, Glyceryl Stearate, Pentaerythrityl Distearate, Arachidyl Alcohol, Polyacrylate Crosspolymer6, Vitis Vinifera (Grape) Fruit Behenyl Alcohol, Arachidyl Glucoside, Potassium Cetyl Phosphate, Fragrance, Caprylyl Glycol, Tocopherol, Helianthus Annuus (Sunflower) Seed Oil, Potassium Sorbate, Xanthan Gum, Menthol, Sodium Phytate, Vitis Vinifera (Grape) Juice, Vitis Vinifera (Grape) Fruit Extract, Sodium Hydroxide, Citric Acid, Sodium Benzoate, Alcohol, Limonene, Butylphenyl, Methylpropional.",164,15548,2.5,0.0,https://www.sephora.com/product/deep-cleansing-exfoliator-P374574?icid2=products%20grid:p374574,2.5,14.0
The Tonic,La Mer,cleanser,95.0,"Declustered Water ()\Aqua\Eau DeStructuree (), Methyl Gluceth20, Glycereth26, Laminaria Saccharina Extract, Algae (Seaweed) Extract, Sesamum Indicum (Sesame) Seed Oil, Medicago Sativa (Alfalfa) Seed Powder, Helianthus Annuus (Sunflower) Seedcake, Prunus Amygdalus Dulcis (Sweet Almond) Seed Meal, Eucalyptus Globulus (Eucalyptus) Leaf Oil, Sodium Gluconate, Copper Gluconate, Calcium Gluconate, Magnesium Gluconate, Zinc Gluconate, Tocopheryl Succinate, Niacin, Sesamum Indicum (Sesame) Seed Powder, Butylene Glycol, Ppg28Buteth35, Ppg5Ceteth20, Sodium Hyaluronate, Citric Acid, Sodium Citrate, Polysorbate 20, Sucrose, Caffeine, Disodium Edta, Benzophenone4, Phenoxyethanol, Potassium Sorbate, Fragrance (Parfum), Linalool, Yellow 5 (Ci 19140), Red 33 (Ci 17200).",26,5451,6.7,0.0,https://www.sephora.com/product/the-tonic-P417243?icid2=products%20grid:p417243,6.7,14.17910447761194
Pure Clean Daily Facial Cleanser,Jack Black,cleanser,19.0,"Water (Aqua), Sodium C1416 Olefin Sulfonate, Disodium Cocoamphodiacetate, Aloe Barbadensis Leaf Juice*, Cocamidopropyl Betaine, Sodium Lauroyl Oat Amino Acids, Glycol Distearate, PEG150 Distearate, Hamamelis Virginiana (Witch Hazel) Extract, Glycerin, Lavandula Angustifolia (Lavender) Extract*, Salvia Officinalis (Sage) Leaf Extract*, Chamomile Recutita (Matricaria) Flower Oil, Rosmarinus Officinalis (Rosemary) Leaf Oil, Salvia Officinalis (Sage) Leaf Oil, Backhousia Citriodora Oil, PEG 8Dimethicone, Sodium Chloride, Sodium PCA, Cetyl Alcohol, Citric Acid, Benzyl Alcohol, Dehydroacetic Acid. * Certified Organic",223,7601,0.0,6.0,https://www.sephora.com/product/pure-clean-daily-facial-cleanser-P171300?icid2=products%20grid:p171300,6.0,3.1666666666666665
Toning Lotion with Camomile,Clarins,cleanser,26.0,"Sorbitol, Dipropylene Glycol, Oleth20, Glycerin, Panthenol, Butylene Glycol, Propylene Glycol, Parfum (Fragrance),PEG8, AlphaGlucan Oligosaccharide, PEG32, Lactic Acid, Carbomer, Tilia Cordata Wood Extract, Tocopheryl Acetate, Anthemis Nobilis Flower Extract, Bletia Hycinthina Bulb Extract, Retinyl Palmitate, Helianthus Annuus (Sunflower) Seed Oil, Phenoxyethanol, Methylparaben, Sodium Citrate, Disodium EDTA, BHT, Limonene, Linalool, Geraniol, Citral, Citronellol, CI 19140/Yellow 5.",328,14769,6.8,0.0,https://www.sephora.com/product/toning-lotion-normal-dry-skin-P94801?icid2=products%20grid:p94801,6.8,3.823529411764706
Triple Action Cleansing Water,SEPHORA COLLECTION,cleanser,12.0,"PEG6 Caprylic/Capric Glycerides, Propanediol, PEG12 Dimethicone, PEG40 Hydrogenated Castor Oil, Sodium Chloride, Phenoxyethanol, Polaxmer 184, Parfum (Frangrance), Tetrasodium Edta, Glycerin, Citric Acid, Panthenol, Zinc Gluconate, Butylenr Glycol, Calendula Officinalis Flower Extract, Cassia Angustifolia Seed Polysaccharide, DLimonene, Linalool, Sodium Hydroxide, Hydroxyethylcellulose, BHT.",1000,29538,0.0,0.0,https://www.sephora.com/product/triple-action-cleansing-water-P297132?icid2=products%20grid:p297132,4.92609452736319,2.436006847481931
Soothing Face Cleanser Oil,Bobbi Brown,cleanser,50.0,"Isopropyl Palmitate, Pentaerythrityl Tetraethylhexanoate, Peg20 Glyceryl Triisostearate, Isohexadecane, Triisostearin, Triethylhexanoin, Peg8 Diisostearate, Isododecane, Peg12 Diisostearate, Aleurites Moluccana (Kukui) Seed Oil, Bisabolol, Simmondsia Chinensis (Jojoba) Seed Oil, Dipentaerythrityl TriPolyhydroxystearate, Helianthus Annuus (Sunflower) Seed Oil, Lavandula Angustifolia (Lavender) Oil, Vaccinium Angustifolium (Blueberry) Fruit Extract, Vaccinium Macrocarpon (Cranberry) Fruit Extract, Lycium Chinense (Wolfberry) Fruit Extract, Opuntia Tuna Extract, Sodium Palmitoyl Proline, Methyldihydrojasmonate, Zingiber Officinale (Ginger) Root Extract, Glycerin, Butylene Glycol, Nymphaea Alba (Water Lily) Flower Extract, Tocopherol, Spilanthes Acmella Flower Extract, Bixa Orellana Seed Extract, Jasminum Officinale (Jasmine) Flower Wax, Yeast Extract, Glyceryl Laurate, Olea Europaea (Olive) Fruit Oil, Tocopheryl Acetate, Pentylene Glycol, Caprylic/Capric Triglyceride, Dipropylene Glycol, Linalool.",7,2018,6.8,0.0,https://www.sephora.com/product/soothing-face-cleanser-oil-P446518?icid2=products%20grid:p446518,6.8,7.352941176470589
Salicylic Acid Acne + Pore Cleanser,The INKEY List,cleanser,9.99,"Glycerin, Sodium Methyl Cocoyl Taurate, Cocamidopropyl Betaine, Cocamidopropyl Dimethylamine, PEG120 Methyl Glucose Dioleate, Salicylic Acid, Betaine, Zinc PCA, Phenoxyethanol, Sodium Chloride, Allantoin, CocoGlucoside, Glyceryl Oleate, Benzyl Alcohol, Coconut Acid, Ethylhexylglycerin, Sodium Benzoate, Citric Acid, Dehydroacetic Acid, Trisodium Ethylenediamine Disuccinate, Tocopherol, Hydrogenated Palm Glycerides Citrate.",31,7513,5.0,0.0,https://www.sephora.com/product/salicylic-acid-cleanser-P443833?icid2=products%20grid:p443833,5.0,1.998
White Lucent Brightening Cleansing Foam,Shiseido,cleanser,40.0,"Myristic Acid, Glycerin, Stearic Acid, Potassium Hydroxide, Sorbitol, Dipropylene Glycol, Lauric Acid, Peg60 Glyceryl Isostearate, Peg6, Peg32, Glycol Distearate, Glyceryl Stearate Se, Sodium Methyl Cocoyl Taurate, Fragrance, Disodium Edta, Limonene, Magnesium Aluminum Silicate, Serine, Tocopherol.",387,17029,4.7,0.0,https://www.sephora.com/product/white-lucent-brightening-cleansing-foam-P173660?icid2=products%20grid:p173660,4.7,8.51063829787234
Take The Day Off Micellar Cleansing Towelettes for Face & Eyes,CLINIQUE,cleanser,15.5,"Isopropyl Palmitate , Pentylene Glycol , Dimethicone , Trisiloxane , Methyl Glucose Sesquistearate , Peg20 Methyl Glucose Sesquistearate , Caprylyl Glycol , Arginine , Hexylene Glycol , Sorbic Acid , Disodium Edta , Phenoxyethanol <iln42313></iln42313>",279,13342,0.0,0.0,https://www.sephora.com/product/take-day-off-micellar-cleansing-towelettes-for-face-eyes-P406924?icid2=products%20grid:p406924,4.92609452736319,3.146508844664161
One-Step Gentle Exfoliating Cleanser with Orange Extract,Clarins,cleanser,38.0,"Sodium Laureth Sulfate, Cetearyl Alcohol, Cellulose, Cocamidopropyl Betaine, Lauramide Mipa, Glycol Distearate, Cetearyl Glucoside, Glycerin, Acrylates/C1030 Alkyl Acrylate Crosspolymer, TeaCocoyl Glutamate, Citrus Aurantium Dulcis (Orange) Fruit Silica, Butyrospermum Parkii (Shea Butter) Fruit, Fragrance (Parfum), Phenoxyisopropanol, Sodium Chloride, Propylene Glycol, Sodium Hydrozide, Benzophenone2, Butylparaben, Disodium Edta, Methylchloroisothiazolinone, Moringa Pterygosperma Seed Extract, Methylisothiazolinone, Chlorphenesin, Ethylparaben, Methylparaben, BHT, Benzyl Salicylate, Butylphenyl Methylpropional, Limone, Linalool, Geraniol, Yellow 6 (CI 15985).",472,15786,0.0,4.3,https://www.sephora.com/product/one-step-gentle-exfoliating-facial-cleanser-P94812?icid2=products%20grid:p94812,4.3,8.837209302325581
Mini Cleansing Wipes - Watermelon - Hydrating,SEPHORA COLLECTION,cleanser,3.0,"<div arialabelledby=""tab2"" class=""css1rny024"" hidden="""" id=""tabpanel2"" role=""tabpanel"" tabindex=""0""><p class=""css189uj0g"" datacomp=""Text Box "">Get more information about<! > </p><div class=""cssk13wt5"" datacomp=""Link Box "">shipping rates, schedules, methods and restrictions</div>.<p class=""css1khw9z2"" datacomp=""Text Box "">If you are not completely satisfied with an online purchase or gift, you may return your U.S.or Canadian purchase in stores or by mail. Restrictions apply for returns made outside the U.S.</p></div>",4,0,0.0,0.0,https://www.sephora.com/product/mini-cleansing-wipes-watermelon-hydrating-P444238?icid2=products%20grid:p444238,4.92609452736319,0.6090017118704828
Face Buff Energizing Scrub,Jack Black,cleanser,18.0,"<div arialabelledby=""tab2"" class=""css1rny024"" hidden="""" id=""tabpanel2"" role=""tabpanel"" tabindex=""0""><p class=""css189uj0g"" datacomp=""Text Box "">Get more information about<! > </p><div class=""cssk13wt5"" datacomp=""Link Box "">shipping rates, schedules, methods and restrictions</div>.<p class=""css1khw9z2"" datacomp=""Text Box "">If you are not completely satisfied with an online purchase or gift, you may return your U.S.or Canadian purchase in stores or by mail. Restrictions apply for returns made outside the U.S.</p></div>",244,7285,0.0,3.0,https://www.sephora.com/product/face-buff-energizing-scrub-P12571?icid2=products%20grid:p12571,3.0,6.0
Cleansing Oil-in-Balm,SEPHORA COLLECTION,cleanser,18.0,"Hydrogenated Coconut Oil, Isopropyl Palmitate, Glyceryl Stearate, C1215 Alkyl Benzoate, Hydrogenated Castor Oil, Myristyl Myristate, PEG20 Glyceryl Triisostearate, PEG7 Glyceryl Cocoate, Beheneth25, Stearic Acid, Palmitic Acid, Isopropyl Isostearate, Fragrance, PEG40 Hydrogenated Castor Oil, Phenoxyethanol, Acacia Dealbata Flower Cera (Acacia Dealbata Flower Wax), Jasminum Officinale Flower Cera (Jasminum Officinale (Jasmine) Flower Wax), Diethylhexyl Syringylidene Malonate, Rosa Centifolia Flower Cera (Rosa Centifolia Flower Wax), Rosa Damascena Flower Cera (Rosa Damascena Flower Wax), Caprylic/Capric Triglyceride, Red 40 (Ci 16035).",187,11276,3.04,0.0,https://www.sephora.com/product/cleansing-oil-in-balm-P427609?icid2=products%20grid:p427609,3.04,5.921052631578947
Cleansing Spa Water Makeup Remover,Koh Gen Do,cleanser,66.0,"Dipropylene Glycol, Peg7 Glyceryl Cocoate, Methylparaben, Phenoxyethanol, Stearamidopropyl Dimethylamine, Lactic Acid, Arginine, Butylene Glycol, Artemisia Princeps Leaf Extract, Rosmarinus Officinalis (Rosemary) Leaf Extract, Lavandula Angustifolia (Lavender) Extract, Salvia Officinalis (Sage) Leaf Extract, Perilla Ocymoides Leaf Extract, Betula Alba Juice, Zingiber Officinale (Ginger) Root Extract, Glycerin.",399,22021,0.0,12.85,https://www.sephora.com/product/cleansing-spa-water-P294007?skuId=2082535&icid2=products%20grid:p294007,12.85,5.136186770428016
Purity Made Simple One-Step Facial Cleansing Cloths,philosophy,cleanser,15.0,"Butylene Glycol, Sodium Citrate, Gluconolactone, Limnanthes Alba (Meadowfoam) Seed Oil, Santalum Album (Sandalwood) Oil, Salvia Sclarea (Clary) Oil, Rosa Centifolia Flower Oil, Piper Nigrum (Pepper) Fruit Oil, Aniba Rosaeodora (Rosewood) Wood Oil, Amyris Balsamifera Bark Oil, Bulnesia Sarmientoi Wood Oil, Daucus Carota Sativa (Carrot) Seed Oil, Cymbopogon Martini Oil, Mimosa Tenuiflora Bark Extract, Ormenis Multicaulis Oil, Pelargonium Graveolens Flower Oil, Tocopherol, Glycerin, Calcium Gluconate, Cetyl Palmitate, Cetearyl Isononanoate, Ethylhexylglycerin, Glyceryl Stearate, Cetearyl Alcohol, Ceteareth12, Ceteareth20, Sodium Hydroxide, Sodium Benzoate, Phenoxyethanol, Benzoic Acid, Geraniol, Linalool.",319,16181,0.0,0.0,https://www.sephora.com/product/purity-made-simple-one-step-facial-cleansing-cloths-P374947?icid2=products%20grid:p374947,4.92609452736319,3.0450085593524143
Glycolic Acid Toner,Mario Badescu,cleanser,18.0,"Propylene Glycol, Glycolic Acid, Citrus Grandis (Grapefruit) Fruit Extract, Aloe Barbadensis Leaf Juice, Butyl Methoxydibenzoylmethane, Ethylhexyl Methoxycinnamate, PPG26Buteth26, Ethylhexyl Salicylate, PEG40 Hydrogenated Castor Oil, Fragrance, Sodium Chloride, Methylparaben, Propylparaben, Diazolidinyl Urea, CI 42090 (Blue 1), CI 45410 (Red 28), CI 19140 (Yellow 5).",42,10648,8.0,0.0,https://www.sephora.com/product/mario-badescu-glycolic-acid-toner-P440486?icid2=products%20grid:p440486,8.0,2.25
Blackhead Solutions 7 Day Deep Pore Cleanse & Scrub,CLINIQUE,cleanser,24.0,"Kaolin, Glycerin, Butylene Glycol, Magnesium Aluminum Silicate, Glyceryl Stearate, Peg100 Stearate, Silica, Sodium Lauroyl Sarcosinate, Allyl Methacrylates Crosspolymer, Gentiana Lutea (Gentian) Root Extract, Laminaria Saccharina Extract, Sucrose, Acetyl Glucosamine, Caprylyl Glycol, 1,2Hexanediol, Tocopheryl Acetate, Sodium Hydroxide, Xanthan Gum, Disodium Edta, Phenoxyethanol, Titanium Dioxide (Ci 77891), Blue 1 (Ci 42090), Yellow 5 (Ci 19140).",492,11064,4.2,0.0,https://www.sephora.com/product/blackhead-solutions-7-day-deep-pore-cleanse-scrub-P432242?icid2=products%20grid:p432242,4.2,5.714285714285714
Bear Naked Wipes,Josie Maran,cleanser,12.0,"Water**, Cetearyl  Isononanoate, Ceteareth20, Cetearyl Alcohol** , Glyceryl Stearate**, Ceteareth12, Cetyl Palmitate**,Glycerin**, Polysorbate 20, Cucumis Sativa (Cucumber) Extract**, Althaea Officinalis (Marshmallow) Extract**, Aloe Barbadensis (Aloe Vera) Gel**, Tocopheryl Acetate, Chamomilla Recutita (Matricaria) Extract, Citrus Grandis (Grapefruit) Peel Oil**, Argania Spinosa (Argan) Kernel Oil*, Sodium Chloride**, Sodium Citrate**, Phenoxyethanol. *Organic. **Natural.",1000,13907,0.0,0.0,https://www.sephora.com/product/bear-naked-wipes-P223416?icid2=products%20grid:p223416,4.92609452736319,2.436006847481931
Cleanser,Dr. Barbara Sturm,cleanser,70.0,"Sodium Cocoamphoacetate, Lauryl Glucoside, Glycerin, Aloe Barbadensis Leaf Juice, Sodium Cocoyl Glutamate, Sodium Lauryl Glucose Carboxylate, Panthenol, Urea, Lactobacillus/Portulaca Oleracea Ferment Extract, Citric Acid, Benzyl Alcohol, Phenoxyethanol, Potassium Sorbate, Salicylic Acid, Leuconostoc/Radish Root Ferment Filtrate, Tocopherol, Pantolactone, Sodium Benzoate.",12,1527,5.0,0.0,https://www.sephora.com/product/dr-barbara-sturm-cleanser-P447783?icid2=products%20grid:p447783,5.0,14.0
Baby Pekee Bar™ + Juju Bar Travel Duo,Drunk Elephant,cleanser,16.0,"Sodium CocoSulfate, Disodium Lauryl Sulfosuccinate, Triticum Vulgare (Wheat) Starch, Cetearyl Alcohol, Bambusa Vulgaris Leaf/Stem Extract, Paraffin, Sclerocarya Birrea Seed Oil, Heilmoor Clay, Titanium Dioxide (CI 77891), Helianthus Annuus (Sunflower) Seed Oil, Euterpe Oleracea Fruit Extract, Lycium Barbarum Fruit Extract.",492,45498,0.0,0.0,https://www.sephora.com/product/baby-pekee-bar-tm-juju-bar-tm-travel-duo-P405584?icid2=products%20grid:p405584,4.92609452736319,3.2480091299759084
Baby Bar Travel Duo with Case,Drunk Elephant,cleanser,22.0,Juju Bar is vegan.,66,13632,0.0,0.0,https://www.sephora.com/product/baby-bar-travel-duo-with-case-P440658?icid2=products%20grid:p440658,4.92609452736319,4.466012553716874
8% Glycolic Solutions Toner,Peter Thomas Roth,cleanser,40.0,"Glycolic Acid, Alcohol Denat., Methyl Gluceth20, Propylene Glycol, Hamamelis Virginiana (Witch Hazel) Sodium Hydroxide, Glycerin, Sodium PCA, Aloe Barbadensis Leaf Juice, Allantoin, Camellia Sinensis Leaf Extract, Chamomilla Recutita (Matricaria) Flower Extract, Arginine, Sodium Ascorbyl Phosphate, Lactic Acid, Citric Acid, Polysorbate 20, Butylene Glycol, Potassium Sorbate, Sodium Benzoate, Benzoic Acid, Phenoxyethanol.",74,5948,5.0,0.0,https://www.sephora.com/product/8-glycolic-solutions-toner-P422233?icid2=products%20grid:p422233,5.0,8.0
Skin Rescue Deep Cleanser With Red Clay,First Aid Beauty,cleanser,24.0,"Sodium Lauroyl Sarcosinate, Cocamidopropyl Betaine, Glycerin, Peg120 Methyl Glucose Dioleate, Acrylates/Steareth20 Methacrylate Copolymer, Dipropylene Glycol, Camellia Sinensis Leaf Extract, Chrysanthemum Parthenium (Feverfew) Extract, Glycyrrhiza Uralensis (Licorice) Root Extract, Bisabolol, Rosmarinus Officinalis (Rosemary) Leaf Oil, Allantoin, Acrylates/C1030 Alkyl Acrylate Crosspolymer, Panthenol, Illite, Potassium Hydroxide, Disodium Edta, Mica, Caprylyl Glycol, Phenoxyethanol, Iron Oxides (Ci 77491).",965,29081,4.7,0.0,https://www.sephora.com/product/skin-rescue-deep-cleanser-with-red-clay-P384539?icid2=products%20grid:p384539,4.7,5.106382978723404
Evercalm™ Gentle Cleansing Milk ,REN Clean Skincare,cleanser,32.0,"Sodium Lauroyl Sarcosinate, Cocamidopropyl Betaine, Glycerin, Peg120 Methyl Glucose Dioleate, Acrylates/Steareth20 Methacrylate Copolymer, Dipropylene Glycol, Camellia Sinensis Leaf Extract, Chrysanthemum Parthenium (Feverfew) Extract, Glycyrrhiza Uralensis (Licorice) Root Extract, Bisabolol, Rosmarinus Officinalis (Rosemary) Leaf Oil, Allantoin, Acrylates/C1030 Alkyl Acrylate Crosspolymer, Panthenol, Illite, Potassium Hydroxide, Disodium Edta, Mica, Caprylyl Glycol, Phenoxyethanol, Iron Oxides (Ci 77491).",355,13416,5.1,0.0,https://www.sephora.com/product/evercalm-gentle-cleansing-milk-P174626?icid2=products%20grid:p174626,5.1,6.274509803921569
Aqua Bomb Jelly Cleanser,belif,cleanser,28.0,"Glycerin, Potassium Cocoyl Glycinate, CocoBetaine, 1,2Hexanediol, Potassium Cocoate, Lauramidopropyl Betaine, Acrylates/C1030 Alkyl Acrylate Crosspolymer, Stellaria Media (Chickweed) Extract+ **, Alchemilla Vulgaris Leaf Extract**, Equisetum Arvense Leaf Extract**, Urtica Dioica (Nettle) Leaf Extract**, Avena Sativa (Oat) Kernel Extract+, Calendula Officinalis Flower Extract+, Nepeta Cataria Extract+, Rubus Idaeus (Raspberry) Leaf Extract+, Baptisia Tinctoria Root Extract+, Potassium Hydroxide, Sodium Chloride, Ethylhexylglycerin, Glyceryl Oleate, CocoGlucoside, Butylene Glycol, Tetrasodium EDTA, Malachite Extract, Citric Acid, Citrus Aurantium Dulcis (Orange) Peel Oil++, Citrus Aurantifolia (Lime) Oil++, Pelargonium Graveolens Flower Oil++, Rosmarinus Officinalis (Rosemary) Leaf Oil++, Limonene, Citronellol, Geraniol, Citral.",537,6007,5.41,0.0,https://www.sephora.com/product/aqua-bomb-jelly-cleanser-P444057?icid2=products%20grid:p444057,5.41,5.175600739371534
Crème Radiance Gentle Cleansing Creamy-Foam Cleanser,Lancôme,cleanser,27.0,"Glycerin, Myristic Acid, Stearic Acid, Potassium Hydroxide, Palmitic Acid, Glyceryl Stearate Se, Lauric Acid, CocoGlucoside, Glycol Distearate, Fragrance, PAnisic Acid, Tocopherol, Peg14m, Nelumbo Nucifera Flower Extract, Limonene, Benzyl Salicylate, Linalool, Benzyl Alcohol, Propylene Glycol, Disodium Edta, Rosa Gallica Extract, Butylphenyl Methylpropional, Cryptomeria Japonica Bud Extract.",360,13063,0.0,4.2,https://www.sephora.com/product/creme-radiance-clarifying-cream-to-foam-cleanser-P217932?icid2=products%20grid:p217932,4.2,6.428571428571428
Pep-Start 2-in-1 Exfoliating Cleanser,CLINIQUE,cleanser,19.5,"Glycerin , Sodium Laureth Sulfate , Silica , Acrylates Copolymer , Lauramidopropyl Betaine , Butylene Glycol , Sucrose , Cocamidopropyl Hydroxysultaine , Carica Papaya (Papaya) Fruit Extract , Bambusa Arundinacea (Bamboo) Stem Extract , Laminaria Saccharina Extract , Salicylic Acid , Palmitoyl Tetrapeptide7 , Palmitoyl Tripeptide1 , Caffeine , Sodium Hyaluronate , Acetyl Glucosamine , Sodium Coco PgDimonium Chloride Phosphate , Polysorbate 20 , Disodium Cocoyl Glutamate , Citric Acid , Sodium Cocoyl Glutamate , Laureth2 , Sodium Chloride , Sodium Hydroxide , Sodium Sulfate , Carbomer , Monosodium Citrate , Disodium Edta , Edta , Bht , Phenoxyethanol , Orange 4 (Ci 15510) , Yellow 5 (Ci 19140) , Red 4 (Ci 14700) <iln42477></iln42477>",355,14014,4.2,0.0,https://www.sephora.com/product/pep-start-2-in-1-exfoliating-cleanser-P409101?icid2=products%20grid:p409101,4.2,4.642857142857142
Ultracalming Cleanser,Dermalogica,cleanser,39.0,"Cetearyl Alcohol, Bisabolol, Zingiber Officinale (Ginger) Root Extract, Leuconostoc/Radish Root Ferment Filtrate, Glycerin, Avena Sativa (Oat) Kernel Extract, Cucumis Sativus (Cucumber) Fruit Extract, Rubus Idaeus (Raspberry) Fruit Extract, Lavandula Angustifolia (Lavender) Flower Extract, Salix Alba Bark Extract, Usnea Barbata (Lichen) Extract, Butylene Glycol , Pentylene Glycol , Hydroxyphenyl , ropamidobenzoic Acid, Citrus Medica Limonum (Lemon) Fruit Extract, Fumaria Officinalis Flower/Leaf/Stem Extract, Fumaric Acid, Echinacea Purpurea Extract, Panthenol, Acrylates/ C1030 Alkyl Acrylate, rosspolymer, Cocamidopropyl PGDimonium Chloride Phosphate, Disodium Lauryl Sulfosuccinate, Cetrimonium Chloride, Aminomethyl Propanol, Glyceryl Caprylate, Disodium EDTA.",26,2983,0.0,8.4,https://www.sephora.com/product/ultracalming-cleanser-P423127?icid2=products%20grid:p423127,8.4,4.642857142857142
No:Rinse Intensive Pore Minimizing Toner,Perricone MD,cleanser,45.0,"Dimethyl MEA, Glycerin, SD Alcohol 40B,Magnesium Aspartate, Zinc Gluconate, Phosphatidylcholine, Phenoxyethanol,Caprylyl Glycol, Ethoxydiglycol, Salicylic Acid, Acetyl Tyrosine, ThiocticAcid, Polysorbate 20, Copper Complex Gluconate, Butylene Glycol, Fragrance/Parfum,Sorbic Acid, Sodium Hyaluronate, Tetrapeptide21, Linalool.",187,3029,4.0,0.0,https://www.sephora.com/product/no-rinse-intensive-pore-minimizing-toner-P434345?icid2=products%20grid:p434345,4.0,11.25
SUPERCLEANSE™ Clearing Cream-to-Foam Cleanser,GLAMGLOW,cleanser,32.0,"Sodium C1416 Olefin Sulfonate, Magnesium Aluminum Silicate, Sodium Cocoamphoacetate, Cetearyl Alcohol, Glyceryl Stearate, Glycerin, Charcoal Powder, Propanediol, Kaolin, Carbon, Eucalyptus Globulus Leaf Powder, Mentha Piperita (Peppermint) Oil, Glycyrrhiza Glabra (Licorice) Root Extract, Nigella Sativa Seed Extract, Ethylhexylglycerin, Sodium Chloride, Glyceryl Polyacrylate, Cocamidopropyl Hydroxysultaine, Xanthan Gum, Caprylyl Glycol, Lactic Acid, Glycolic Acid, Fragrance, Linalool, Benzyl Benzoate, Phenoxyethanol, Titanium Dioxide (Ci 77891) <iln44277></iln44277>",539,15965,5.0,0.0,https://www.sephora.com/product/supercleanse-tm-clearing-cream-to-foam-cleanser-P421948?icid2=products%20grid:p421948,5.0,6.4
Cleansing Wipes - Aloe Vera - Moisturizing,SEPHORA COLLECTION,cleanser,8.0,"<div arialabelledby=""tab2"" class=""css1rny024"" hidden="""" id=""tabpanel2"" role=""tabpanel"" tabindex=""0""><p class=""css189uj0g"" datacomp=""Text Box "">Get more information about<! > </p><div class=""cssk13wt5"" datacomp=""Link Box "">shipping rates, schedules, methods and restrictions</div>.<p class=""css1khw9z2"" datacomp=""Text Box "">If you are not completely satisfied with an online purchase or gift, you may return your U.S.or Canadian purchase in stores or by mail. Restrictions apply for returns made outside the U.S.</p></div>",8,0,0.0,0.0,https://www.sephora.com/product/cleansing-wipes-aloe-vera-moisturizing-P445451?icid2=products%20grid:p445451,4.92609452736319,1.6240045649879542
Zero Oil™ Pore Purifying Toner,Origins,cleanser,24.0,"Water; Salvia Officinalis (Sage) Leaf Alcohol Denat., Glycerin, Mentha Viridis (Spearmint) Leaf Oil*, Citrus Medica Limonum (Lemon) Peel Oil*, Citrus Aurantium Dulcis (Orange) Oil*, Lavandula Angustifolia (Lavender) Oil*, Cananga Odorata (Ylang Ylang) Oil*, Citral, Linalool, Farnesol, Benzyl Benzoate, Benzyl Salicylate, Limonene, Serenoa Serrulata (Saw Palmetto) Fruit Extract, Laminaria Saccharina Extract, Salicylic Acid, Poria Cocos Sclerotium Extract, Aloe Barbadensis Leaf Juice, Centaurium Erythraea (Centaury) Extract, Impatiens Balsamina (Garden Balsam) Leaf Extract, Yeast Extract/Faex/Extrait De Levure, Polysorbate 80, Tocotrienols, Butylene Glycol, Sodium Citrate, Disodium Edta <iln36285>* Essential Oil",320,21927,5.0,0.0,https://www.sephora.com/product/zero-oil-pore-purifying-toner-P297544?icid2=products%20grid:p297544,5.0,4.8
Mini Cleansing Wipes - Coconut Water,SEPHORA COLLECTION,cleanser,3.0,"<div arialabelledby=""tab2"" class=""css1rny024"" hidden="""" id=""tabpanel2"" role=""tabpanel"" tabindex=""0""><p class=""css189uj0g"" datacomp=""Text Box "">Get more information about<! > </p><div class=""cssk13wt5"" datacomp=""Link Box "">shipping rates, schedules, methods and restrictions</div>.<p class=""css1khw9z2"" datacomp=""Text Box "">If you are not completely satisfied with an online purchase or gift, you may return your U.S.or Canadian purchase in stores or by mail. Restrictions apply for returns made outside the U.S.</p></div>",5,0,0.0,0.0,https://www.sephora.com/product/cleansing-exfoliating-wipes-coconut-water-P444237?icid2=products%20grid:p444237,4.92609452736319,0.6090017118704828
Deep Dive™ Glycolic Facial Cleanser,Jack Black,cleanser,23.0,"Kaolin, Glycerin, Sodium Methyl Cocoyl Taurate, Magnesium Aluminum Silicate, Volcanic Ash, Aveena Sativa (Oat) Kernel Meal, Acrylates Copolymer, Glycolic Acid, Helianthus Anuus (Sunflower) Seed Oil, Calendula Officinalis (Pot Marigold) Flower Extract, Chamomilla Recutita (Matricaria) Flower Extract, Rosmarinus Officinalis (Rosemary) Leaf Extract, Camellia Sinensis (Green Tea) Leaf Extract, Olea Europaea (Olive) Leaf Extract, Disodium Cocoamphodiacetate, Phenoxyethanol, Aloe Barbadensis (Aloe Vera) Leaf Juice, Caprylyl Glycol, Sodium Hydroxide, Ethylhexylglycerin, Hexylene Glycol, Panthenol, Epilobium Angustifolium Flower/Leaf/Stem Extract, Arnica Montana (Wolf's Bane) Flower Extract, Allantoin, Tetrahexyldecyl Ascorbate, Tocopheryl Acetate.",250,10933,5.0,0.0,https://www.sephora.com/product/deep-dive-glycolic-facial-cleanser-P385674?icid2=products%20grid:p385674,5.0,4.6
Epidermal Re-Texturizing Micro-Dermabrasion,Kiehl's Since 1851,cleanser,41.0,"Alumina, Paraffinum Liquidum/Mineral Oil, Glycerin, Dimethicone, Butyrospermum Parkii/Shea Butter, PEG100 Stearate, Stearyl Alcohol, Glyceryl Stearate, Solum  Diatomeae/Diatomaceous Earth, Ammonium PolyacryloylDimethyl Taurate, Phenoxyethanol, Methylparaben, Butylparaben, Epilobium Angustifolium/Epilobium Angustifolium  Extract, Disodium EDTA, Hydrolyzed Algin.",41,9594,2.5,0.0,https://www.sephora.com/product/epidermal-re-texturizing-micro-dermabrasion-P431733?icid2=products%20grid:p431733,2.5,16.4
Witch Hazel Herbal Extract Toner,belif,cleanser,28.0,"Monarda Didyma Leaf Extract 8%, Glycerin, Alcohol Denat, Butylene Glycol, Salvia Officinalis (Sage) Leaf Extract, Corchorus Olitorius Leaf Extract, Glycerin, 1,2Hexanediol, Pentaerythirityl Tetraethylhexanoate, Hexyldecyl Ethylhexanoate, Poncirus Trifoliata Fruit Extract, Alcohol Denat, Avena Sativa (Oat) Kernel Extract*, Calendula Officinalis Flower Extract*, Nepeta Cataria Extract*, Rubus Idaeus (Raspberry) Leaf Extract*, Baptisia Tinctoria Root Extract*, Stellaria Media (Chickweed) Extract*, Sodium Hyaluronate, Cyclopentasiloxane, Betaine, Tromethamine, Acrylates/C1030 Alkyl Acrylate Crosspolymer, Dimethicone, Trisodium EDTA, Fragrance**, Limonene. *Napiers Original Formula. **Fragrances of Natural Origin.",223,24554,6.75,0.0,https://www.sephora.com/product/witch-hazel-herbal-extract-toner-P394632?icid2=products%20grid:p394632,6.75,4.148148148148148
Rise + Shine Gentle Cleanser,Saturday Skin,cleanser,26.0,"Glycerin, Stearic Acid, Myristic Acid, Lauric Acid, Potassium Hydroxide, Palmitic Acid, Citrus Limon (Lemon) Peel Oil, Juniperus Mexicana Oil, Quillaja Saponaria Bark Extract, Citrus Aurantium Dulcis (Orange) Peel Oil, Citrus Grandis (Grapefruit) Peel Oil, Eucalyptus Globulus Leaf Oil, Lavandula Angustifolia (Lavender) Oil, Rosmarinus Officinalis (Rosemary) Leaf Oil, Hydrolyzed Avocado Protein, Ananas Sativus (Pineapple) Fruit Extract, Actinidia Chinensis (Kiwi) Fruit Extract, Fragaria Vesca (Strawberry) Fruit Extract, Prunus Persica (Peach) Extract, Vitis Vinifera (Grape) Fruit Extract, CocoGlucoside, Glyceryl Sterate, Polyquaternium7, Acrylates/C1030 Alkyl Acrylate Crosspolymer, Potassium Cocoyl Glycinate, Sodium Cocoyl Isethionate, 1,2Hexanediol, Citric Acid, Hydrogentated Lecithin, Maltodextrin, Saccharide Hydrolysate, Butylene Glycol, Cholesterol, Peg800, Polysorbate 20, ShOligopeptide1, ShPolypeptide1, ShOligopeptide2, ShPolypeptide22, ShPolypeptide45, ShPolypeptide8, ShPolypeptide9, Disodium Edta, Sodium Benzoate.",993,11058,4.05,0.0,https://www.sephora.com/product/rise-shine-gentle-cleanser-P428249?icid2=products%20grid:p428249,4.05,6.419753086419753
Green Tea Moisture-Balancing Toner,innisfree,cleanser,17.0,"Water / Aqua / Eau, Propanediol, Butylene Glycol, Hydrogenated Polyisobutene, 1,2Hexanediol, Betaine, Behenyl Alcohol, Ammonium Acryloyldimethyltaurate/Vp Copolymer, Fragrance / Parfum, Glyceryl Caprylate, Tromethamine, Carbomer, Acrylates/C1030 Alkyl Acrylate Crosspolymer, Ethylhexylglycerin, Disodium Edta, Camellia Sinensis Leaf Extract.",12,3346,6.76,0.0,https://www.sephora.com/product/green-tea-moisture-balancing-toner-P449844?icid2=products%20grid:p449844,6.76,2.514792899408284
Liquid Gold Exfoliating Treatment,Alpha-H,cleanser,60.0,"Alcohol Denat, Glycolic Acid, Glycerin, Hydrolyzed Silk, Potassium Hydroxide, Phenoxyethanol, Caprylyl Glycol, Glycyrrhiza Glabra (Licorice) Root Extract.",631,6074,0.0,3.38,https://www.sephora.com/product/liquid-gold-with-glycolic-acid-P440949?icid2=products%20grid:p440949,3.38,17.75147928994083
7 Day Scrub Cream Rinse-Off Formula,CLINIQUE,cleanser,23.0,"Tridecyl Stearate , Tridecyl Trimellitate , Dipentaerythrityl Hexacaprylate/Hexacaprate , Butylene Glycol , Glyceryl Stearate , Cocos Nucifera (Coconut) Oil , Caprylic/Capric Triglyceride , Silica , Cetearyl Alcohol , Ceteareth20 , Sorbitol , Hexyldecyl Stearate , Bisabolol , Disodium Cocoamphodipropionate , Triethanolamine , Oleth10 Phosphate , Caprylyl Glycol , 1,2Hexanediol , Stearyl Alcohol , Carbomer , Disodium Edta , Phenoxyethanol , Potassium Sorbate , Chlorphenesin <iln41757></iln41757>",773,13364,0.0,3.4,https://www.sephora.com/product/7-day-scrub-cream-rinse-off-formula-P122661?icid2=products%20grid:p122661,3.4,6.764705882352941
A Perfect World™ Age-Defense Treatment Lotion with White Tea,Origins,cleanser,27.0,"Butylene Glycol, Citrus Aurantium Bergamia (Bergamot) Fruit Oil*, Citrus Medica Limonum (Lemon) Peel Oil*, Citrus Aurantium Dulcis (Orange) Oil*, Cinnamomum Camphora (Camphor) Bark Oil*, Mentha Viridis (Spearmint) Leaf Oil*, Magnolia Acuminata Flower Extract, Iris Pallida (Orris) Root Extract, Rosa Damascena (Rose) Extract, Citral, Linalool, Limonene, Camellia Sinensis (White Tea) Leaf Extract, Glycerin, Thermus Thermophillus Ferment, Trehalose, Sorbitol, Sodium Hyaluronate, Caprylyl Glycol, Polysorbate 20, Magnesium Ascorbyl Phosphate, Hexylene Glycol, Tocopheryl Acetate, Citric Acid, Sodium Citrate, Sodium Benzoate, Phenoxyethanol <iln37234>* Essential Oil",297,13789,5.0,0.0,https://www.sephora.com/product/a-perfect-world-age-defense-treatment-lotion-with-white-tea-P297529?icid2=products%20grid:p297529,5.0,5.4
Gentle Cleansing Milk,Caudalie,cleanser,28.0,"Cetearyl Isononanoate*, Butylene Glycol, Glycerin*, Cetyl Alcohol*, Prunus Amygdalus Dulcis (Sweet Almond) Oil*, Simmondsia Chinensis (Jojoba) Seed Oil*, Sodium Cocoyl Glutamate*, Decyl Glucoside*, Butyrospermum Parkii (Shea) Butter Extract*, Maltodextrin*, Carbomer, Potassium Cetyl Phosphate, Caprylyl Glycol, Hydrolyzed Vegetable Protein*, Acrylates/C1030 Alkyl Acrylate Crosspolymer, Potassium Sorbate, Sodium Hydroxide, Trehalose*, Tocopherol*, Fragrance, Avena Sativa (Oat) Kernel Extract*, Centaurea Cyanus Flower Extract*, Palmitoyl Grape Seed Extract*, Hexyl Cinnamal, Linalool, Limonene. *Plant origin.",716,10862,0.0,6.7,https://www.sephora.com/product/gentle-cleansing-milk-P6026?icid2=products%20grid:p6026,6.7,4.17910447761194
3% Glycolic Solutions Cleanser,Peter Thomas Roth,cleanser,39.0,"Sodium Laureth Sulfate, Propylene Glycol, Glycolic Acid, Cocamidopropyl Betaine, Lauryl Glucoside, Allantoin, Panthenol, Arginine, PEG6 Caprylic/Capric Glycerides, Sodium Chloride, PEG150 Pentaerythrityl Tetrastearate, Sodium Hydroxide, Potassium Sorbate, Sodium Benzoate, Phenoxyethanol.",342,3767,8.5,0.0,https://www.sephora.com/product/3-glycolic-solutions-cleanser-P422232?icid2=products%20grid:p422232,8.5,4.588235294117647
FAB Skin Lab Resurfacing Liquid 10% AHA,First Aid Beauty,cleanser,55.0,"Polysorbate 80, Glycolic Acid, Butylene Glycol, Caprylic/Capric Triglyceride, Sodium Hydroxide, Malic Acid, Tartaric Acid, Lactic Acid, Citrus Limon (Lemon) Peel Extract, Colloidal Oatmeal, Magnesium Ascorbyl Phosphate, Hydrolyzed Elastin, Papain, Hydrolyzed Hyaluronic Acid, Soluble Collagen, Avena Sativa (Oat) Kernel Extract, Triolein, Ceramide NP, Cucumis Sativus (Cucumber) Fruit Extract, Glycyrrhiza Glabra (Licorice) Root Extract, Morus Alba Bark Extract, Phytosteryl Canola Glycerides, Allantoin, Lecithin, Lysolecithin, Oleic Acid, Palmitic Acid, Maltodextrin, Aloe Barbadensis Leaf Juice,  Glycerin, Tocopherol, Glycine Soja (Soybean) Oil, Caprylyl Glycol, Linoleic Acid, Sclerotium Gum, Xanthan Gum, Pullulan, Mica, Stearic Acid, Leuconostoc/Radish Root Ferment Filtrate, Silica, Phenoxyethanol, Chlorphenesin, Disodium EDTA.",139,18426,1.0,0.0,https://www.sephora.com/product/fab-skin-lab-resurfacing-liquid-10-aha-P416826?icid2=products%20grid:p416826,1.0,55.0
Black Charcoal Blotting Linens,boscia,cleanser,10.0,"Natural Abaca Leaf Fiber, Black Bamboo Charcoal.",233,13781,0.0,0.0,https://www.sephora.com/product/black-charcoal-blotting-linens-P387006?icid2=products%20grid:p387006,4.92609452736319,2.0300057062349426
Martian Mattifying Melting Water-Gel Toner,SUNDAY RILEY,cleanser,55.0,"Alcohol Denat., Dicaprylyl Carbonate, Dimethyl Isosorbide, Sorbeth30 Tetraisostearate, Sorbitan Sesquiisostearate, PPG8 Ceteth20, Acrylates/Beheneth25 Methacrylate Copolymer, Dipropylene Glycol, Taraktogenos Kurzii Seed Oil, Nigella Sativa (Black Cumin) Seed Oil, Leptospermum Scoparium (Manuka) Branch/Leaf Oil, Potassium Lauroyl  Wheat Amino Acids, Palm Glycerides, Capryloyl Glycine,  Magnolia Grandiflora Bark Extract, Lauryl Lactate, Phenoxyethanol, Caprylyl Glycol, Chlorphenesin, Tapioca Starch, Polymethylsilsesquioxane, Bentonite, Tapioca Starch (and) Polymethylsilsequioxane, Lauryl Lactate, Phenoxyethanol, Propanediol, Cucumis Sativus (Cucumber) Fruit Extract, Althaea Officinalis (Marshmallow) Root Extract, Hammamelis Virginiana (Witch Hazel) Leaf Extract, Camellia Sinensis (Green Tea) Leaf Extract, Cymbopogan Schoenanthus (Lemongrass) Oil, Chlorphenesin, Caprylyl Glycol, Triethanolamine, Melia Azadirachta Leaf Extract, Melia Azadirachta Flower Extract, Amino Esters1, Mimosa Tenuiflora Bark Extract, Coccinia Indica Fruit Extract, Solanum Melongena (Eggplant) Fruit Extract, Aloe Barbadensis Flower Extract, Lawsonia Inermis (Henna) Extract, Ocimum Sanctum Leaf Extract, Curcuma Longa (Turmeric) Root Extract, Corallina Officinalis Extract, Ocimum Basilicum (Basil) Flower/Leaf Extract, Pearl Powder",646,23000,0.0,4.4,https://www.sephora.com/product/martian-mattifying-melting-water-gel-toner-P410243?icid2=products%20grid:p410243,4.4,12.499999999999998
Essential Power Skin Toner for Normal to Dry Skin,LANEIGE,cleanser,28.0,"Glycereth26, Alcohol, Butylene Glycol, PEG/PPG17 / 6 Copolymer, Glycogen, Glutamic Acid, Lysine HCL, Magnesium Sulfate, Mannitol, Manganese Sulfate, Opuntia Coccinellifera Fruit Extract, Betaglucan, Betaine, Serine, Sucrose, Citrulline, Ascorbyl Glucoside, Alanine, Arginine, Betula Platyphylla Japonica Juice, Zinc Sulfate, Calcium Chloride, Chenopodium Quinoa Seed Extract, Threonine, Panthenol, PCA, Histidine HCL, Glycerin, BISPEG18 Methyl Ether Dimethyl Silane, Ethylhexylglycerin, Xanthan Gum, Phenyl Trimethicone, Propanediol, PEG60 Hydrogenated Castor Oil, Hydroxyethyl Acrylate / Sodium Acryloyldimethyl Taurate Copolymer, Disodium EDTA, Phenoxyethanol, Fragrance.",140,11407,6.7,0.0,https://www.sephora.com/product/essential-power-skin-toner-for-normal-to-dry-skin-P420671?icid2=products%20grid:p420671,6.7,4.17910447761194
Plantscription™ Anti-Aging Cleanser,Origins,cleanser,34.0,"Myristic Acid, Glycerin, Behenic Acid, Palmitic Acid, Potassium Hydroxide, Sodium Methyl Cocoyl Taurate, Lauric Acid, Stearic Acid, Rosa Damascena Flower Oil*, Lavandula Angustifolia (Lavender) Oil* Pelargonium Graveolens Flower Oil*, Illicium Verum (Anise) Oil*, Citrus Aurantium Bergamia (Bergamot) Fruit Oil*, Carthamus Tinctorius (Safflower) Seed Oil*, Myristica Fragrans (Nutmeg) Kernel Oil*, Citrus Aurantium Dulcis (Orange) Oil*, Citrus Nobilis (Mandarin Orange) Peel Oil*, Citrus Medica Limonum (Lemon) Peel Oil*, Litsea Cubeba Fruit Oil*, Hibiscus Abelmoschus Extract, Linalool, Citronellol, Limonene, Anogeissus Leiocarpus Bark Extract, Aloe Barbadensis Leaf Extract, Jasminum Officinale (Jasmine) Flower Wax, Sodium Lauroyl Oat Amino Acids, Peg3 Distearate, Sodium Hyaluronate, Phytantriol, Disodium Edta, Methylchloroisothiazolinone, Methylisothiazolinone, Phenoxyethanol <iln38656>* Essential Oil",88,5019,0.0,5.0,https://www.sephora.com/product/plantscription-tm-anti-aging-cleanser-P377919?icid2=products%20grid:p377919,5.0,6.8
Goat Milk Moisturizing Cleanser,Kate Somerville,cleanser,38.0,"Water Sodium Cocoyl Isethionate, Cocamidopropyl Hydroxysultaine, Glycerin, Polyglyceryl3 Methylglucose Distearate, Betaine, Glyceryl Distearate, Vitis Vinifera (Grape) Seed Oil, Simmondsia Chinensis (Jojoba) Seed Oil, Persea Gratissima (Avocado) Oil, Cocos Nucifera (Coconut) Oil, Caprylic/Capric Triglyceride, Xylitylglucoside, Propanediol, Polyacrylate Crosspolymer6, Glyceryl Stearate, Cetearyl Alcohol, Caprae Lac (Goat Milk, Lait de Chèvre), Lactose, Milk Protein, Lactic Acid, Tocopherol, Mel Extract (Honey Extract, Extrait de Miel), Rosmarinus Officinalis (Rosemary) Leaf Extract, Helianthus Annuus (Sunflower) Extract, Bisabolol, Aloe Barbadensis Leaf Juice, Sodium Lauroyl Glutamate, Oryza Sativa (Rice) Bran Extract, Xylitol, 1,2Hexanediol, Anhydroxylitol, Parfum/Fragrance, Stearic Acid, Disodium EDTA, Caprylhydroxamic Acid, Xanthan Gum, tbutyl Alcohol, Benzyl Salicylate.",64,5146,4.0,0.0,https://www.sephora.com/product/goat-milk-moisturizing-cleanser-P440305?icid2=products%20grid:p440305,4.0,9.5
Micellar Magic Makeup Remover & Cleanser,tarte,cleanser,18.0,"Hexylene Glycol, Glycerin, Disodium Cocoamphodiacetate, Poloxamer 184, Phenoxyethanol, Caprylyl Glycol, Sodium Chloride, Potassium Sorbate, Citric Acid, Babassu Oil Glycereth8 Esters, Disodium EDTA, Camellia Sinensis Leaf Extract, Morus Alba Root Extract.",70,7922,0.0,6.4,https://www.sephora.com/product/micellar-magic-makeup-remover-cleanser-P441841?icid2=products%20grid:p441841,6.4,2.8125
Soy Face Cleansing Milk,Fresh,cleanser,38.0,"Caprylic/Capric Triglyceride, Caprylic/Capric/Succinic Triglyceride, Glycerin, Pentylene Glycol, Hydrogenated Palm Kernel Glycerides, Glycine Soja (Soybean) Oil, Xanthan Gum, Hydrogenated Palm Glycerides, Rosa Damascena Flower Hydrolyzed Soy Protein, Cucumis Sativus (Cucumber) Fruit Extract, Centaurea Cyanus Flower Extract, Hibiscus Sabdariffa Flower Extract, Rosa Damascena Flower Oil, Tocopheryl Acetate, Steareth21, Cetyl Alcohol, Stearyl Alcohol, Lauryl Glucoside, Polyglyceryl2 Dipolyhydroxystearate, Behenyl Alcohol, Ceteareth20, Caprylyl Glycol, Polyacrylate13, Acrylates/C1030 Alkyl Acrylate Crosspolymer, Polyisobutene, Tetrasodium EDTA, Sorbitan Isostearate, Caramel, Polysorbate 20, Sodium Hydroxide, Magnesium Aluminum Silicate, Sorbic Acid, Fragrance, BHT, Phenoxyethanol, Citronellol, Geraniol",117,7278,6.7,0.0,https://www.sephora.com/product/soy-face-cleansing-milk-P411016?icid2=products%20grid:p411016,6.7,5.671641791044776
"Take The Day Off Makeup Remover For Lids, Lashes & Lips Mini",CLINIQUE,cleanser,9.5,"Caprylic/Capric Triglyceride, Caprylic/Capric/Succinic Triglyceride, Glycerin, Pentylene Glycol, Hydrogenated Palm Kernel Glycerides, Glycine Soja (Soybean) Oil, Xanthan Gum, Hydrogenated Palm Glycerides, Rosa Damascena Flower Hydrolyzed Soy Protein, Cucumis Sativus (Cucumber) Fruit Extract, Centaurea Cyanus Flower Extract, Hibiscus Sabdariffa Flower Extract, Rosa Damascena Flower Oil, Tocopheryl Acetate, Steareth21, Cetyl Alcohol, Stearyl Alcohol, Lauryl Glucoside, Polyglyceryl2 Dipolyhydroxystearate, Behenyl Alcohol, Ceteareth20, Caprylyl Glycol, Polyacrylate13, Acrylates/C1030 Alkyl Acrylate Crosspolymer, Polyisobutene, Tetrasodium EDTA, Sorbitan Isostearate, Caramel, Polysorbate 20, Sodium Hydroxide, Magnesium Aluminum Silicate, Sorbic Acid, Fragrance, BHT, Phenoxyethanol, Citronellol, Geraniol",12,2615,0.0,0.0,https://www.sephora.com/product/take-the-day-off-to-go-P223704?icid2=products%20grid:p223704,4.92609452736319,1.9285054209231955
Greek Yoghurt Foaming Cream Cleanser Mini,KORRES,cleanser,14.0,"Sodium Cocoyl Isethionate, CocoBetaine, Cetearyl Alcohol, Disodium Lauryl Sulfosuccinate, Zea Mays (Corn) Starch, Glycerin, Cocamidopropyl Betaine, Sodium Methyl Cocoyl Taurate, Magnesium Aluminum Silicate, Glyceryl Laurate, Sclerotium Gum, Amaranthus Caudatus Seed Extract, Fragrance, Hydrogenated Castor Oil, Hydrolyzed Rice Protein, Lactose, Lonicera Caprifolium (Honeysuckle) Flower Extract, Lonicera Japonica (Honeysuckle) Flower Extract, Sodium Cocoyl Alaninate, Sodium Cocoyl Hydrolyzed Amaranth Protein, Sodium Phytate, Titanium Dioxide, Whey Protein, Yoghurt Powder.",12,0,0.0,2.54,https://www.sephora.com/product/greek-yoghurt-foaming-cream-cleanser-P432263?icid2=products%20grid:p432263,2.54,5.511811023622047
Nutritious Super-Pomegranate Radiant Energy 2-in-1 Cleansing Foam,Estée Lauder,cleanser,32.0,"Radiant Vitality 2 In 1 Foam Clnsr   Division: El (Estee Lauder)Ingredients: Myristic Acid , Glycerin , Behenic Acid , Palmitic Acid , Potassium Hydroxide , Sodium Methyl Cocoyl Taurate , Lauric Acid , Stearic Acid , Serenoa Serrulata (Saw Palmetto) Fruit Extract , Lycium Chinense (Wolfberry) Fruit Extract , Vaccinium Macrocarpon (Cranberry) Fruit Extract , Vaccinium Angustifolium (Blueberry) Fruit Extract , Saccharomyces Lysate Extract , Oryza Sativa (Rice) Bran Extract , Punica Granatum (Pomegranate) Fruit Juice , Yeast Extract/Faex/Extrait De Levure , Caffeine , Dipotassium Glycyrrhizate , Polyquaternium7 , Montmorillonite , Creatine , Polyquaternium51 , Peg3 Distearate , Sodium Pca , Urea , Sodium Hyaluronate , Trehalose , Butylene Glycol , Fragrance , Tocopheryl Acetate , Disodium Edta , Bht , Methylchloroisothiazolinone , Methylisothiazolinone , Phenoxyethanol , Yellow 5 (Ci 19140) , Red 4 (Ci 14700) <iln39340></iln39340>",38,9413,4.2,0.0,https://www.sephora.com/product/nutritious-radiant-vitality-2-in-1-foam-cleanser-P380019?icid2=products%20grid:p380019,4.2,7.619047619047619
Renewing Cleansing Cream,Murad,cleanser,39.0,"Sodium Cocoyl Isethionate, Glyceryl Stearate SE, Stearic Acid, Cetyl Alcohol, Glycerin, Prunus Armeniaca (Apricot) Kernel Oil, Urea, Yeast Amino Acids, Trehalose, Inositol, Taurine, Betaine, Echium Plantagineum Seed Oil, Borago Officinalis Seed Oil, Oenothera Biennis (Evening Primrose) Oil, Serenoa Serrulata Fruit Extract, Panthenol, Chondrus Crispus (Carrageenan) Extract, Chamomilla Recutita (Matricaria) Flower Extract , Sodium Hyaluronate, Imperata Cylindrica Root Extract, Sorbitol, Carica Papaya (Papaya) Fruit Extract, Citrus Medica Limonum (Lemon) Fruit Extract, Tocopherol, Ascorbyl Palmitate, Benzophenone4, Butylene Glycol, Acrylates/C1030 Alkyl Acrylate Crosspolymer, Carbomer, Xanthan Gum, Phenoxyethanol, Caprylyl Glycol, Chlorphenesin, Limonene, Linalool, Fragrance",234,5156,6.75,0.0,https://www.sephora.com/product/renewing-cleansing-cream-P38217?icid2=products%20grid:p38217,6.75,5.777777777777778
Bamboo Charcoal Detoxifying Soap Bar,Herbivore,cleanser,12.0,"Saponified Oils of Cocos nucifera (Coconut) Oil, Olea Europaea (Olive) Fruit Oil, Elaeis Guineensis (Sustainable Palm) Oil, Tocopherol (Vitamin E), Kaolinite (White Clay), Activated Bamboo Charcoal, Melaleuca Alternifolia (Tea Tree) Leaf Oil, Citrus Bergamia (Bergamot) Esssential Oil.",270,23909,4.0,0.0,https://www.sephora.com/product/bamboo-charcoal-detoxifying-soap-bar-P407444?icid2=products%20grid:p407444,4.0,3.0
Rinse-Off Eye Makeup Solvent,CLINIQUE,cleanser,19.5,"Peg32 , Butylene Glycol , Disodium Cocoamphodiacetate , Peg6 , Trisodium Edta , Phenoxyethanol <iln32198></iln32198>",521,6723,4.2,0.0,https://www.sephora.com/product/rinse-off-eye-makeup-solvent-P122763?icid2=products%20grid:p122763,4.2,4.642857142857142
Precleanse Balm,Dermalogica,cleanser,45.0,"Caprylic/Capric Triglyceride, C1215 Alkyl Benzoate, Laureth4, Hydrogenated Vegetable Oil, Ozokerite, BisStearyl Dimethicone, Glyceryl Behenate, Tribehenin, Stearyl Stearate, Stearic Acid, Phospholipids, Prunus Armeniaca (Apricot) Kernel Oil, Glycine Soja (Soybean) Oil, Lavandula Angustifolia (Lavender) Oil, Citrus Aurantium Dulcis (Orange) Oil, Citrus Grandis (Grapefruit) Peel Oil, Citrus Nobilis (Mandarin Orange) Peel Oil, Cymbopogon Schoenanthus Oil, Lavandula Hybrida Oil, Glycol Distearate, Sorbitol/Sebacic Acid Copolymer Behenate, Tocopherol, Glycolipids, Eucalyptus Staigeriana Branch/Leaf Oil, Glycine Soja (Soybean) Sterols, Linalool, Citral, Limonene, Phenoxyethanol.",57,3447,3.0,0.0,https://www.sephora.com/product/precleanse-balm-P422829?icid2=products%20grid:p422829,3.0,15.0
Perfectly Clean Multi-Action Foam Cleanser/Purifying Mask ,Estée Lauder,cleanser,26.0,"Perfectly Clean MltAct Fm Cl/Pr M   Division: El (Estee Lauder)Ingredients: Myristic Acid , Glycerin , Behenic Acid , Potassium Hydroxide , Palmitic Acid , Sodium Methyl Cocoyl Taurate , Lauric Acid , Stearic Acid , Sucrose , Montmorillonite , Silybum Marianum (Lady'S Thistle) Extract , Gentiana Lutea (Gentian) Root Extract , Algae Extract , Sodium Hyaluronate , Sorbitol , Caffeine , Zinc Pca , Peg3 Distearate , Kaolin , Fragrance , Disodium Edta , Methylchloroisothiazolinone , Methylisothiazolinone <iln39605></iln39605>",98,5414,0.0,5.0,https://www.sephora.com/product/perfectly-clean-multi-action-foam-cleanser-purifying-mask-P380027?icid2=products%20grid:p380027,5.0,5.2
Rose Cleansing Foam,Fresh,cleanser,29.0,"Butylene Glycol, Decyl Glucoside, Glycerin, Polyglycerin3, Peg200 Hydrogenated Glyceryl Palmate, Peg40 Hydrogenated Castor Oil, Prunus Domestica Seed Oil, Rosa Damascena Flower Cucumis Sativus (Cucumber) Fruit Extract, Rosa Damascena Flower Oil, Paeonia Suffruticosa Root Extract, Oenothera Biennis (Evening Primrose) Root Extract, Tocopheryl Acetate, Peg7 Glyceryl Cocoate, Citric Acid, Disodium EDTA, Caprylic/Capric Triglyceride, Potassium Sorbate, Citronellol, Geraniol, Phenoxyethanol.",153,11259,4.1,0.0,https://www.sephora.com/product/rose-cleansing-foam-P378336?icid2=products%20grid:p378336,4.1,7.073170731707318
Aqua Bomb Hydrating Toner,belif,cleanser,28.0,"Glycerin, Alcohol Denat., Dipropylene Glycol, 1,2Hexanediol, Betaine, Panthenol, PEG/PPG/Polybutylene Glycol8/5/3 Glycerin, Avena Sativa (Oat) Kernel Extract*, Stellaria Media (Chickweed) Extract*+, Calendula Officinalis Flower Extract*, Nepeta Cataria Extract*, Rubus Idaeus (Raspberry) Leaf Extract*, Baptisia Tinctoria Root Extract*, Alchemilla Vulgaris Leaf Extract+, Equisetum Arvense Leaf Extract+, Urtica Dioica (Nettle) Leaf Extract+, Adansonia Digitata (Baobab) Seed Extract, Lonicera Caprifolium (Honeysuckle) Flower Extract, Vitis Vinifera (Grape) Vine Sap, Sodium Hyaluronate, Acrylates/C1030 Alkyl Acrylate Crosspolymer, Hydroxypropyl Cyclodextrin, PEG60 Hydrogenated Castor Oil, BisPEG18 Methyl Ether Dimethyl Silane, Trisodium EDTA, BetaGlucan, Glyceryl Acrylate/Acrylic Acid Copolymer, Glycereth26, Phenyl Trimethicone, Tromethamine, PEG/PPG17/6 Copolymer, Polyglutamic Acid, Methylpropanediol, Malachite Extract, Butylene Glycol, Citrus Aurantium Dulcis (Orange) Peel Oil**, Citrus Aurantifolia (Lime) Oil**, Rosmarinus Officinalis (Rosemary) Leaf Oil**, Pelargonium Graveolens Flower Oil**, Citral, Citronellol, Limonene, Geraniol, Linalool.",406,6110,6.75,0.0,https://www.sephora.com/product/aqua-bomb-hydrating-toner-P449175?icid2=products%20grid:p449175,6.75,4.148148148148148
Blue Herbal Acne Cleanser Treatment,Kiehl's Since 1851,cleanser,24.0,"CocoGlucoside, Propylene Glycol, Ammonium Polyacryloyldimethyl Taurate, Glycerin, CocoBetaine, Sodium Cocoyl Isethionate, Sodium Methyl Cocoyl Taurate, Dipropylene Glycol, Sodium Chloride, Butylene Glycol, Phenoxyethanol, Hydrogenated Coconut Acid, Capryloyl Salicylic Acid, Coconut Acid, TButyl Alcohol, Sodium PCA, Camphor, Menthol, Boswellia Serrata Extract, Sodium Isethionate, Hamamelis Virginiana (Witch Hazel) Peumus Boldus Leaf Extract, Disodium Edta, Alcohol, Zingiber Officinale (Ginger) Root Extract, Sanguisorba Officinalis Root Extract, Cinnamomum Cassia Bark Extract, Xanthan Gum, Laminaria Saccharina Extract, Zinc Sulfate, Pyridoxine HCL, Sodium Hydroxide, Citric Acid.",38,4185,5.0,0.0,https://www.sephora.com/product/blue-herbal-acne-cleanser-treatment-P422019?icid2=products%20grid:p422019,5.0,4.8
Diamondbuff by Bee Stunning,SEPHORA COLLECTION,cleanser,60.0,"CocoGlucoside, Propylene Glycol, Ammonium Polyacryloyldimethyl Taurate, Glycerin, CocoBetaine, Sodium Cocoyl Isethionate, Sodium Methyl Cocoyl Taurate, Dipropylene Glycol, Sodium Chloride, Butylene Glycol, Phenoxyethanol, Hydrogenated Coconut Acid, Capryloyl Salicylic Acid, Coconut Acid, TButyl Alcohol, Sodium PCA, Camphor, Menthol, Boswellia Serrata Extract, Sodium Isethionate, Hamamelis Virginiana (Witch Hazel) Peumus Boldus Leaf Extract, Disodium Edta, Alcohol, Zingiber Officinale (Ginger) Root Extract, Sanguisorba Officinalis Root Extract, Cinnamomum Cassia Bark Extract, Xanthan Gum, Laminaria Saccharina Extract, Zinc Sulfate, Pyridoxine HCL, Sodium Hydroxide, Citric Acid.",67,14427,0.0,0.0,https://www.sephora.com/product/diamondbuff-by-bee-stunning-P427612?icid2=products%20grid:p427612,4.92609452736319,12.180034237409657
Essential Power Skin Toner for Combination to Oily Skin,LANEIGE,cleanser,28.0,"Alcohol, Glycereth26, Dipropylene Glycol, Chenopodium Quinoa Seed Extract, Opuntia Coccinellifera Fruit Extract, Niacinamide, Magnesium Sulfate, Manganese Sulfate, Butylene Glycol, Ascorbyl Glucoside, Ethylhexylglycerin, Zinc Sulfate, Calcium Chloride, PEG60 Hydrogenated Castor Oil, Disodium Edta, Fragrance.",86,8976,6.7,0.0,https://www.sephora.com/product/essential-power-skin-toner-for-combination-to-oily-skin-P420672?icid2=products%20grid:p420672,6.7,4.17910447761194
Prep-N-Glow™ Cloths,NuFACE,cleanser,20.0,"Polyglyceryl4 Laurate/Succinate, Betaine, Phenoxyethanol, Saccharomyces/Copper Ferment, Ethylhexylglycerin, Fragrance, Glycerin, Saccharomyces/Magnesium Ferment, Saccharomyces/Zinc Ferment, Sodium Citrate, Sodium Hyaluronate, Vitis Vinifera (Grape) Seed Powder Extract, Aristotelia Chilensis (Maqui Berry) Fruit Juice, Glycyrrhiza Glabra (Licorice) Root Extract, Ginkgo Biloba Leaf Extract, Carya Ovata Bark Extract.",154,10770,0.0,0.0,https://www.sephora.com/product/prep-n-glow-cloths-P414661?icid2=products%20grid:p414661,4.92609452736319,4.060011412469885
ClearCalm 3 Clarifying Clay Cleanser,REN Clean Skincare,cleanser,32.0,"Kaolin, Cetearyl Alcohol, Caprylic/Capric Triglyceride, Sesamum Indicum (Sesame) Seed Oil, Cetearyl Glucoside, Glycerin, Benzyl Alcohol, Helianthus Annuus (Sunflower) Seed Oil, Salix Nigra (Willow) Bark Extract, Zinc Gluconate, Bisabolol, Oryzanol, Salvia Officinalis (Sage) Oil, Lavandula Angustifolia (Lavender) Oil, Linalool, Calendula Officinalis Flower Extract, Leptospermum Scoparium Oil, Tocopherol, Dehydroacetic Acid, Anthemis Nobilis (Chamomile) Flower Oil, Citral, Xanthan Gum, Lactic Acid, Citronellol, Farnesol, Limonene, Crataegus Oxyacantha Stem Extract, Glucose.",416,10452,5.1,0.0,https://www.sephora.com/product/clearcalm-3-clarifying-clay-cleanser-P265700?icid2=products%20grid:p265700,5.1,6.274509803921569
Instant Eye Makeup Remover,Clarins,cleanser,30.0,"Cyclomethicone, Isohexadecane, Rosa Centifolia Flower Centaurea Cyanus Flower Butylene Glycol, Sodium Chloride, Phenoxyethanol, Benzyl Alcohol, Disodium EDTA, Caprylyl/Capryl Glucoside, Tetrasodium EDTA, Glycerin, Potassium Sorbate, CI 42090/Blue 1.",143,4372,4.2,0.0,https://www.sephora.com/product/instant-eye-makeup-remover-P94902?icid2=products%20grid:p94902,4.2,7.142857142857142
Acne Solutions Cleansing Face and Body Soap,CLINIQUE,cleanser,16.5,"Sodium Palmate , Sodium Cocoate , Palmitic Acid , Cocamidopropyl Dimethylamine , Glyceryl Stearate , Zea Mays (Corn) Starch , Hydrolyzed Corn Starch , Glycerin , Caffeine , Zinc Pca , Ppg26/Dimer Dilinoleate Copolymer , Polyquaternium67 , Hydrolyzed Corn Starch Octenylsuccinate , Sodium Chloride , Tetrasodium Edta , Tetrasodium Etidronate , Chlorphenesin , Titanium Dioxide (Ci 77891) <iln32953></iln32953>",432,12873,5.2,0.0,https://www.sephora.com/product/acne-solutions-cleansing-face-body-soap-P196524?icid2=products%20grid:p196524,5.2,3.173076923076923
The Cleansing Gel,La Mer,cleanser,95.0,"Declustered Water (+)\Aqua\Eau DeStructuree (+), Cocamidopropyl Hydroxysultaine, Sodium Cocoyl Sarcosinate, CocoBetaine, Sodium Laureth Sulfate, Sodium Chloride, Aloe Barbadensis Leaf Extract, Avena Sativa (Oat) Kernel Extract, Algae (Seaweed) Extract, Sesamum Indicum (Sesame) Seed Oil, Medicago Sativa (Alfalfa) Seed Powder, Helianthus Annuus (Sunflower) Seedcake, Prunus Amygdalus Dulcis (Sweet Almond) Seed Meal, Eucalyptus Globulus (Eucalyptus) Leaf Oil, Sodium Gluconate, Copper Gluconate, Calcium Gluconate, Magnesium Gluconate, Zinc Gluconate, Tocopheryl Succinate, Niacin, Sesamum Indicum (Sesame) Seed Powder, Butylene Glycol, Sucrose, Caprylyl Glycol, Sodium Bicarbonate, Tourmaline, Hexylene Glycol, Fragrance (Parfum), Edta, Disodium Edta, Methylchloroisothiazolinone, Methylisothiazolinone, Phenoxyethanol, AlphaIsomethyl Ionone, Geraniol, Butylphenyl Methylpropional, Linalool, Green 5 (Ci 61570), Yellow 5 (Ci 19140).",42,4271,6.7,0.0,https://www.sephora.com/product/the-cleansing-gel-P417113?icid2=products%20grid:p417113,6.7,14.17910447761194
Purifying Pore Detox Cleanser,Tata Harper,cleanser,76.0,"Caprylic/Capric Triglyceride, Helianthus Annuus (Sunflower) Seed Oil*, Glycerin, Propanediol, Sucrose Laurate, Citrus Paradisi (Grapefruit) Oil, Glyceryl Undecylenate, Papain, Lactobacillus/Punica Granatum Fruit Ferment Extract, Eugenia Caryophyluss Flower Oil, Aloe Barbadensis Leaf Juice*, Brassica Oleracea Italica (Broccoli) Extract, Montmorillonite, Kaolin, Bioflavonoids, Curcuma Zedoaria Root Oil, Magnesium Aluminum Silicate, Zingiber Officinale Root Oil, Cymbopogon Flexuosus (Lemongrass) Oil, Salix Alba (Willow) Bark Extract, Glyceryl Caprylate, Abies Pectinata Leaf Oil, Foeniculum Vulgare Oil, Oryza Sativa (Rice) Extract*, Decyl Glucoside, Mica, Sucrose Palmitate, Sucrose Stearate, Citral, Citronellol, Eugenol, Geraniol, Limonene, Linalool. *Ingredients from organic farming.",131,11233,4.1,0.0,https://www.sephora.com/product/purifying-cleanser-P392144?icid2=products%20grid:p392144,4.1,18.53658536585366
Naturally Gentle Eye Makeup Remover,CLINIQUE,cleanser,19.5,"Hydrogenated Polyisobutene , Butylene Glycol , Sesamum Indicum (Sesame) Seed Oil , Ammonium Acryloyldimethyltaurate/Vp Copolymer , Sucrose , Hypnea Musciformis (Algae) Extract , Gellidiela Acerosa (Algae) Extract , Arginine , Acrylates/C1030 Alkyl Acrylate Crosspolymer , Peg8 Dilaurate , Sodium Chloride , Disodium Phosphate , Disodium Edta , Phenoxyethanol , Chlorphenesin <iln36810></iln36810>",245,4253,2.5,0.0,https://www.sephora.com/product/naturally-gentle-eye-makeup-remover-P122675?icid2=products%20grid:p122675,2.5,7.8
The Method: Cleanse,LANCER Skincare,cleanser,55.0,"Sodium Laureth Sulfate, Cocamidopropyl Betaine, PPG2 Hydroxyethyl Cocamide, Glycerin, Glycol Distearate, Aloe Barbadensis Leaf Juice, Yeast Amino Acids, Lavandula Angustifolia (Lavender) Oil, Hydrolyzed Rice Protein, Trehalose, Sodium PCA, Salicylic Acid, Inositol, Taurine, Urea, Betaine, Panthenol, Polyquaternium4, Disodium EDTA, Citric Acid, Pentylene Glycol, Caprylyl Glycol, Phenoxyethanol, Chlorphenesin, Methylisothiazolinone, Methylchloroisothiazolinone, Potassium Sorbate, Fragrance, Linalool.",175,2861,4.05,0.0,https://www.sephora.com/product/the-method-cleanse-P399740?icid2=products%20grid:p399740,4.05,13.580246913580247
Renewing Cleanser,Proactiv,cleanser,25.0,"Magnesium Aluminum Silicate, Glyceryl Stearate, PEG100 Stearate, Sorbitol, Dimethyl Isosorbide, Disodium PEG12 Dimethicone Sulfosuccinate, Tridecyl Stearate, Neopentyl Glycol Dicaprylate/Dicaprate, Paraffin, Cetyl Esters, Anthemis Nobilis Flower Extract, Tridecyl Trimellitate, Trisodium Sulfosuccinate, PEG12 Dimethicone, Sodium Sulfate, Sodium Hyaluronate, Propylene Glycol, Sodium PCA, Xanthan Gum, Phenoxyethanol, Imidazolidinyl Urea, Methylparaben, Propylparaben, Fragrance.",61,858,4.0,0.0,https://www.sephora.com/product/renewing-cleanser-P440061?icid2=products%20grid:p440061,4.0,6.25
knockout daily exfoliating cleanser,tarte,cleanser,24.0,"Sodium C1416 Olefin Sulfonate, Cocamidopropyl Hydroxysultaine, Sodium Cocoyl Glutamate, Glycerin, Pyrus Malus (Apple) Fruit Extract, Lactic Acid, Glycolic Acid, Sodium Chloride, Propanediol, Decyl Glucoside, Acrylates Crosspolymer4, Citric Acid, Phenoxyethanol, Polyquaternium10, Eucalyptus Globulus Leaf Oil, Mentha Piperita (Peppermint) Oil, Caprylyl Glycol, Ethylhexylglycerin, Hexylene Glycol, Salicylic Acid, Sodium Hydroxide, Limonene, Tetrasodium Glutamate Diacetate, Linalool, Sodium Acetate, Sodium Glycolate, Sodium Formate.",6,1566,0.0,4.19,https://www.sephora.com/product/tarte-knockout-daily-exfoliating-cleanser-P454376?icid2=products%20grid:p454376,4.19,5.727923627684964
Cleansing Wipes - Cucumber - Anti-fatigue,SEPHORA COLLECTION,cleanser,8.0,"<div arialabelledby=""tab2"" class=""css1rny024"" hidden="""" id=""tabpanel2"" role=""tabpanel"" tabindex=""0""><p class=""css189uj0g"" datacomp=""Text Box "">Get more information about<! > </p><div class=""cssk13wt5"" datacomp=""Link Box "">shipping rates, schedules, methods and restrictions</div>.<p class=""css1khw9z2"" datacomp=""Text Box "">If you are not completely satisfied with an online purchase or gift, you may return your U.S.or Canadian purchase in stores or by mail. Restrictions apply for returns made outside the U.S.</p></div>",12,0,0.0,0.0,https://www.sephora.com/product/cleansing-wipes-cucumber-anti-fatigue-P433302?icid2=products%20grid:p433302,4.92609452736319,1.6240045649879542
Major Moisture Gentle Cream Cleanser,Naturally Serious,cleanser,26.0,"Sodium Cocoyl Isethionate, Glycerin, Glyceryl Stearate SE, Stearic Acid, Cocos Nucifera (Coconut) Oil, Cetearyl Alcohol, Propanediol, Aspalathus Linearis Leaf Extract, Camellia Sinensis Leaf Extract, Lycium Barbarum Fruit Extract, Punica Granatum Extract, Vitis Vinifera (Grape) Seed Extract, Leuconostoc/Radish Root Ferment Filtrate, Lactobacillus/Punica Granatum Fruit Ferment Extract, Pinus Cembra Wood Extract, Squalane, Leontopodium Alpinum Extract, Peucedanum Ostruthium Leaf Extract, Glycyrrhiza Glabra (Licorice) Root Extract, Coleus Barbatus Root Extract, Sodium Phytate, Maltodextrin, Bisabolol, Sodium Hydroxide, Xanthan Gum, Pentylene Glycol, Phenethyl Alcohol, Limonene, Linalool, Citral, Fragrance/Parfum.",45,2129,4.0,0.0,https://www.sephora.com/product/major-moisture-gentle-cream-cleanser-P433972?icid2=products%20grid:p433972,4.0,6.5
Sugar Body Scrub,SEPHORA COLLECTION,cleanser,17.0,"Saccharum Officinarum (Sugar Cane) Extract, Helianthus Annuus (Sunflower) Seed Oil, Ricinus Communis (Castor) Seed Oil, Propanediol, Aqua (Water), Silica, Isononyl Isononanoate, Trihydroxystearin, Cocamidopropyl Betaine, Parfum (Fragrance), Polyglyceryl6 Dioleate, Moringa Oleifera Seed Oil, Beheneth25, Sodium Chloride, Tocopherol.",3,1293,0.0,0.0,https://www.sephora.com/product/sephora-collection-sugar-body-scrub-P455221?icid2=products%20grid:p455221,4.92609452736319,3.451009700599403
Detoxifying Foam Cleanser Ghassoul Clay Extract,SEPHORA COLLECTION,cleanser,16.0,"Stearic Acid, Palmitic Acid, Tromethamine, Butane, Kaolin, C1215 Alkyl Benzoate, CocoGlucoside, Parfum (Fragrance), Propane, Citric Acid, Ceteareth20, CI 77499 (Iron Oxides), Mica, Hydroxyethylcellulose, Isobutane, Moroccan Lava Clay, CI 77891 (Titanium Dioxide), Tocopherol, Glycine Soja (Soybean) Oil, Sodium Nitrate.",28,3036,5.0,0.0,https://www.sephora.com/product/detoxifying-foam-cleanser-ghassoul-clay-extract-P422358?icid2=products%20grid:p422358,5.0,3.2
Problem Solution Toner,belif,cleanser,28.0,"Dipropylene Glycol, Butylene Glycol, 1,2Hexanediol, Glycerin, Melaleuca Alternifolia (Tea Tree) Leaf Oil, Calendula Officinalis Flower Extract*+, Avena Sativa (Oat) Kernel Extract*, Nepeta Cataria Extract*, Rubus Idaeus (Raspberry) Leaf Extract*, Baptisia Tinctoria Root Extract*, Stellaria Media (Chickweed) Extract*, Arctium Lappa Root Extract+, Echinacea Angustifolia Extract+, Rosmarinus Officinalis (Rosemary) Leaf Extract+, Lavandula Angustifolia (Lavender) Flower Extract+, Lactobacillus/Soybean Ferment Extract, Saccharomyces/Potato Extract Ferment Filtrate, Saccharomyces/Barley Seed Ferment Filtrate, Centella Asiatica Extract, Glycyrrhiza Glabra (Licorice) Root Extract, Camellia Sinensis Leaf Extract, Scutellaria Baicalensis Root Extract, Polygonum Cuspidatum Root Extract, Chamomilla Recutita (Matricaria) Flower Extract, Glycine Soja (Soybean) Sprout Extract, Magnolia Kobus Bark Extract, Sodium Hyaluronate, Panthenol, Alanyl Glutamine, PEG40 Hydrogenated Castor Oil, Octyldodeceth16, Citric Acid, Sodium Citrate, Trisodium EDTA, Sodium Polyacrylate, Citrus Aurantium Bergamia (Bergamot) Fruit Oil, Eucalyptus Globulus Leaf Oil, Rosmarinus Officinalis (Rosemary) Leaf Oil, Fragrance**, Citral, Citronellol, Limonene, Geraniol, Linalool.",106,11850,6.75,0.0,https://www.sephora.com/product/problem-solution-toner-P410817?icid2=products%20grid:p410817,6.75,4.148148148148148
MOUSSE RADIANCE Clarifying Self-Foaming Cleanser,Lancôme,cleanser,32.0,"Sorbitol, Glycerin, Sodium Cocoyl Glycinate, Peg8, Hexylene Glycol, Potassium Laurate, Potassium Myristate, Peg32, Propylene Glycol, Methylparaben, Phenoxyethanol, Triethanolamine, Fragrance, Disodium Edta, Limonene, Linalool, Butylphenyl Methylpropional, Benzyl Salicylate, Ananas Sativus Extract / Pineapple Fruit Extract, Carica Papaya Extract / Papaya Fruit Extract.",171,4933,6.7,0.0,https://www.sephora.com/product/mousse-radiance-clarifying-self-foaming-cleanser-P217909?icid2=products%20grid:p217909,6.7,4.776119402985074
Exfoilating Wipes - Papaya - Glow,SEPHORA COLLECTION,cleanser,8.0,"<div arialabelledby=""tab2"" class=""css1rny024"" hidden="""" id=""tabpanel2"" role=""tabpanel"" tabindex=""0""><p class=""css189uj0g"" datacomp=""Text Box "">Get more information about<! > </p><div class=""cssk13wt5"" datacomp=""Link Box "">shipping rates, schedules, methods and restrictions</div>.<p class=""css1khw9z2"" datacomp=""Text Box "">If you are not completely satisfied with an online purchase or gift, you may return your U.S.or Canadian purchase in stores or by mail. Restrictions apply for returns made outside the U.S.</p></div>",26,0,0.0,0.0,https://www.sephora.com/product/exfoilating-wipes-papaya-glow-P433301?icid2=products%20grid:p433301,4.92609452736319,1.6240045649879542
Clarifying Toner,Murad,cleanser,25.0,"Witch Hazel Butylene Glycol, Alcohol Denat., PPG5Ceteth20, Carrageenan Extract, Cucumber Fruit Extract, Lemon Fruit Extract, Calendula Officinalis Flower Extract, Lecithin, Tocopherol, Magnesium Ascorbyl Phosphate, Allantoin, Palmitoyl Hydroxypropyltrimonium Amylopectin/Glycerin Crosspolymer, Grape Seed Extract, PEG12 Dimethicone, Menthol, Menthoxypropanediol, Sodium Hydroxide, Phenoxyethanol, Methylparaben, Citral, Cymbopogon Schoenanthus Oil, Blue 1 (CI 42090), Ext. Violet 2 (CI 60730).",846,17254,6.0,0.0,https://www.sephora.com/product/clarifying-toner-P4015?icid2=products%20grid:p4015,6.0,4.166666666666667
Creamy Cleansing Foam Moist ,belif,cleanser,26.0,"Myristic Acid, Glycerin, Butylene Glycol, Stearic Acid, Potassium Hydroxide, Glyceryl Stearate, PEG100 Stearate, Sodium Methyl Cocoyl Taurate, PEG40 Hydrogenated Castor Oil, Hydrogenated Polydecene, *Avena Sativa (Oat) Kernel Extract, *Calendula Officinalis Flower Extract, *Nepeta Cataria Extract, *Rubus Idaeus (Raspberry) Leaf Extract, *Baptisia Tinctoria Root Extract,  *Stellaria Media (Chickweed) Extract, Saponaria Officinalis Leaf Extract, Sapindus Mukurossi Fruit Extract, Benincasa Cerifera Seed Extract, Acorus Calamus Root Extract, Artemisia Princeps Leaf Powder, Tocopheryl Acetate, Polyquaternium7, 1,2Hexanediol, Trisodium EDTA, **Fragrance, Citronnellol, Limonene. *Napiers Original Formula. **Fragrances of Natural Origin.",228,7589,5.4,0.0,https://www.sephora.com/product/creamy-cleansing-foam-moist-P394627?icid2=products%20grid:p394627,5.4,4.814814814814815
Mega-Mushroom Skin Relief Micellar Cleanser,Origins,cleanser,35.0,"Butylene Glycol , Glycerin , Citrus Aurantium Dulcis (Orange) Oil*, Lavandula Angustifolia (Lavender) Oil*, Pogostemon Cablin Oil*, Citrus Nobilis (Mandarin Orange) Peel Oil*, Pelargonium Graveolens Flower Oil*, Boswellia Carterii (Olibanum) Oil**, Limonene , Vaccinium Macrocarpon (Cranberry) Fruit Extract , Vaccinium Angustifolium (Blueberry) Fruit Extract , Lycium Chinense (Wolfberry) Fruit Extract , Fuscoporia Obliqua Extract , Curcuma Longa (Turmeric) Root Extract , Silybum Marianum Fruit Extract , Ocimum Sanctum Leaf Extract , Cordyceps Sinensis Extract , Ganoderma Lucidum (Mushroom) Extract , Trehalose , Zingiber Officinale (Ginger) Root Extract , Helianthus Annuus (Sunflower) Seed Oil , Hypnea Musciformis (Algae) Extract , Cucumis Sativus (Cucumber) Fruit Extract , Polysorbate 20 , Gellidiela Acerosa (Algae) Extract , Sodium Methyl Cocoyl Taurate , Sodium Hyaluronate , Yeast Extract\Faex\Extrait De Levure , Cetrimonium Chloride , Citric Acid , Cellulose , Sodium Citrate , Sodium Phytate , Phenoxyethanol *Organic Essential Oils: Organic Orange Oil, Organic Mandarin Oil, Organic Patchouli Oil, Organic Geranium Oil, Organic Lavender Oil**. Essential Oil.",63,7182,6.7,0.0,https://www.sephora.com/product/mega-mushroom-skin-relief-micellar-cleanser-P401570?icid2=products%20grid:p401570,6.7,5.223880597014925
Water Drench® Hyaluronic Cloud Hydrating Toner Mist,Peter Thomas Roth,cleanser,28.0,"Glycerin, Hamamelis Virginiana (Witch Hazel) Sodium Hyaluronate, Pyrus Malus (Apple) Fruit Extract, Aloe Barbadensis Leaf Juice, Sambucus Nigra Fruit Extract, Saccharide Isomerate, Sodium PCA, Wheat Amino Acids, Panthenol, Citric Acid, Disodium Edta, Hydroxyproline, Sodium Citrate, Sodium Hydroxide, Biosaccharide Gum4, SrSpider Polypeptide1, Benzoic Acid, 1,2Hexanediol, Caprylyl Glycol, Potassium Sorbate, Sodium Benzoate, Phenoxyethanol.",9,2588,5.0,0.0,https://www.sephora.com/product/water-drench-hyaluronic-cloud-hydrating-toner-mist-P449183?icid2=products%20grid:p449183,5.0,5.6
Glycolic Acid Exfoliating Toner,The INKEY List,cleanser,10.99,"Glycolic Acid, Propanediol, Hamamelis Virginiana (Witch Hazel) Sodium Hydroxide, Butylene Glycol, Phenoxyethanol, Alcohol, PPG26Buteth26, Betaine, PEG40 Hydrogenated Castor Oil, Boerhavia Diffusa Root Extract, Ethylhexylglycerin, Trisodium Ethylenediamine Disuccinate.",29,6166,3.4,0.0,https://www.sephora.com/product/glycolic-acid-toner-P443838?icid2=products%20grid:p443838,3.4,3.2323529411764707
Daily Superfoliant Exfoliator,Dermalogica,cleanser,59.0,"Microcrystalline Cellulose, Sodium Bicarbonate, Sodium Cocoyl Glutamate, Sodium Myristoyl Glutamate,Malic Acid, Sodium Methyl Cocoyl Taurate, Charcoal Powder, Vinyl Dimethicone/Methicone Silsesquioxane Crosspolymer, Maltodextrin, Silica, Magnesium Oxide, Oryza Sativa (Rice) Bran Extract, Polymethylsilsesquioxane, Sapindus Trifoliatus Fruit Extract, Niacinamide, Citrus Aurantium Amara (Bitter Orange) Peel Oil, Zingiber Of cinale (Ginger) Root Extract, Lavandula Angustifolia (Lavender) Oil, Lavandula Hybrida Oil, Camellia Sinensis Leaf, Kappaphycus Alvarezii Extract, Caesalpinia Spinosa Fruit Pod Extract, Citrus Limon (Lemon) Peel Oil, Rosmarinus Of cinalis (Rosemary) Leaf Oil, Salvia Of cinalis (Sage) Oil, Subtilisin, Lipase, Papain, Lactic Acid, Oryza Sativa (Rice) Starch, Sodium Chloride, Sodium Dehydroacetate, Xanthan Gum, Coconut Acid, Calcium Lactate, Capryloyl Glycine, Undecylenoyl Glycine, Cetrimonium Chloride, Limonene, Linalool.",39,3490,2.0,0.0,https://www.sephora.com/product/daily-superfoliant-P423123?icid2=products%20grid:p423123,2.0,29.5
Clearing Skin Wash,Dermalogica,cleanser,39.0,"Salicylic Acid .50%, Cocamidopropyl Betaine, Disodium Cocoamphodiacetate, Sodium Lauroyl Methyl Isethionate, Melissa Officinalis Leaf Extract, Angelica Archangelica Extract, Echinacea Angustifolia Extract, Allium Sativum (Garlic) Bulb Extract, Chamomilla Recutita (Matricaria) Flower Extract, Eucalyptus Globulus Leaf Extract, Salvia Officinalis (Sage) Extract, Passiflora Incarnata Extract, Citrus Medica Limonum (Lemon) Peel Extract, Hamamelis Virginiana (Witch Hazel) Extract, Ophiopogon Japonicas Root Extract, Echinacea Purpurea Extract, Melaleuca Alternifolia (Tea Tree) Leaf Oil, Lactic Acid, Algae Extract, Menthol, Sodium PCA, Dipotassium Glycyrrhizate, Camphor, PEG120 Methyl Glucose Dioleate, Phenoxyethanol, Butylene Glycol, Benzyl PCA, Disodium EDTA Copper, Citral, Limonene, Geraniol, Citronellol.",8,1821,8.4,0.0,https://www.sephora.com/product/clearing-skin-wash-P445832?icid2=products%20grid:p445832,8.4,4.642857142857142
Skin Smoothing Exfoliator,Proactiv,cleanser,48.0,"Sodium Cocoyl Isethionate, Glycerin, Paraffin, Lauryl/Myristyl Benzoate, Coconut Acid, Tocopherol, Linoleic Acid, Linolenic Acid, Butylene Glycol, Dimethicone, Ethylhexylglycerin, Acrylates/C1030 Alkyl Acrylate Crosspolymer, Glycolic Acid, Sodium Isethionate, Sodium Hydroxide, Phenoxyethanol, Fragrance.",95,979,6.0,0.0,https://www.sephora.com/product/skin-smoothing-exfoliator-P440066?icid2=products%20grid:p440066,6.0,8.0
The Cleansing Foam Mini,La Mer,cleanser,25.0,"Declustered Water (+)\Aqua\Eau DeStructuree (+), Myristic Acid, Glycerin, Behenic Acid, Palmitic Acid, Sodium Methyl Cocoyl Taurate, Potassium Hydroxide, Lauric Acid, Stearic Acid, Algae (Seaweed) Extract, Sesamum Indicum (Sesame) Seed Oil, Medicago Sativa (Alfalfa) Seed Powder, Helianthus Annuus (Sunflower) Seedcake, Prunus Amygdalus Dulcis (Sweet Almond) Seed Meal, Eucalyptus Globulus (Eucalyptus) Leaf Oil, Sodium Gluconate, Copper Gluconate, Calcium Gluconate, Magnesium Gluconate, Zinc Gluconate, Tocopheryl Succinate, Niacin, Sesamum Indicum (Sesame) Seed Powder, Quartz Powder, Nephrite Powder, Pearl Powder, Caffeine, Sea Salt\Maris Sal\Sel Marin, Humic Acids, Sodium Hyaluronate, Sucrose, Tourmaline, Macrocystis Pyrifera (Kelp) Protein, Polyquaternium51, Aloe Barbadensis Leaf Trehalose, Cellulose, Butylene Glycol, Sodium Coco PgDimonium Chloride Phosphate, Sodium Bicarbonate, Sodium Pca, Peg3 Distearate, Urea, Fragrance (Parfum), Disodium Edta, Linalool, Limonene, Phenoxyethanol, Methylchloroisothiazolinone, Methylisothiazolinone, Yellow 5 (Ci 19140), Yellow 6 (Ci 15985), Blue 1 (Ci 42090), Green 5 (Ci 61570).",14,419,1.0,0.0,https://www.sephora.com/product/the-cleansing-foam-mini-P428636?icid2=products%20grid:p428636,1.0,25.0
SEA FRXXXTION Stick Exfoliating Cleanser,tarte,cleanser,22.0,"Butylene Glycol, Sodium Stearate, BisPEG18 Methyl Ether Dimethyl Silane, Glycerin, Diatomaceous Earth, Sodium Lauroyl Methyl Isethionate, Cocamidopropyl Betaine, Quaternium90 Sepiolite, Charcoal Powder, Sodium Methyl Oleoyl Taurate, Sodium Cocoyl Isethionate, Quaternium90 Montmorillonite, Kaolin, Phenoxyethanol, Chlorphenesin, Sodium Benzoate.",926,37274,1.0,0.0,https://www.sephora.com/product/sea-frxxxtion-stick-exfoliating-cleanser-P409631?icid2=products%20grid:p409631,1.0,22.0
Hydraphel Skin Supplement Lotion,Erno Laszlo,cleanser,68.0,"Glycereth26, Glycereth7, Panthenol, Sodium Pca, Allantoin, Polyacrylamide, Fragrance, Propylene Glycol, Diazolidinyl Urea, Methylparaben, Disodium Edta, Citral, Geraniol, Citronellol, Linalool, Ci 19140 (Yellow 5), Ci 15985 (Yellow 6), Ci 61570 (Green 5)",16,3227,6.8,0.0,https://www.sephora.com/product/hydraphel-skin-supplement-lotion-P392628?icid2=products%20grid:p392628,6.8,10.0
Multi Deep-Clean Cleanser,LANEIGE,cleanser,23.0,"Limnanthes Alba (Meadowfoam) Seed Oil, Myristic Acid, Lauryl Hydroxysultaine, Lauric Acid, Potassium Hydroxide, Glycerin, Sodium Chloride, Stearic Acid, Acrylates/C1030 Alkyl Acrylate Crosspolymer, Fragrance / Parfum, Linalool, Polyquaternium7, Citronellol, Peg14m, Disodium Edta, Hexyl Cinnamal, Geraniol, Helianthus Annuus (Sunflower) Seed Oil, Sodium Benzoate, Tocopherol, Silica, Bht.",34,2588,5.0,0.0,https://www.sephora.com/product/multi-deep-clean-cleanser-P447594?icid2=products%20grid:p447594,5.0,4.6
Extra Rich Cleansing Milk,Shiseido,cleanser,36.0,"Sodium Methyl Cocoyl Taurate, Cocamidopropyl Betaine, Peg2 Laurate, Glycol Distearate, Propylene Glycol Laurate, Glycerin, Dipropylene Glycol, Polyquaternium10, Phenoxyethanol, Sodium Benzoate, Fragrance, Citric Acid, Oryza Sativa (Rice) Germ Oil, Disodium Edta, Linalool, Geraniol, Citronellol, Alcohol, Betaine, Yellow 6 (Ci 15985), Sodium Acetylated Hyaluronate, Citrus Junos Seed Extract, Tocopherol, Red 33 (Ci 17200), Hydrolyzed Silk.",8,2268,4.2,0.0,https://www.sephora.com/product/extra-rich-cleansing-milk-P433619?icid2=products%20grid:p433619,4.2,8.571428571428571
Acne Clearing Wash,Peter Thomas Roth,cleanser,39.0,"Allantoin, BHT, Butyl Methoxydibenzoylmethane, Butylphenyl Methylpropional, Citric Acid, Cocamidopropyl Betaine, Disodium EDTA, Ethylhexyl Methoxycinnamate, Ethylhexyl Salicylate, Fragrance/Parfum, Lauryl Glucoside, Limonene, Linalool, Panthenol, PEG120 Methyl Glucose Dioleate, PEG150 Pentaerythrityl Tetrastearate, PEG40 Hydrogenated Castor Oil, PEG6 Caprylic/Capric Glycerides, Phenoxyethanol, Potassium Sorbate, PPG26Buteth26, Propylene Glycol, Sodium Benzoate, Sodium Benzotriazolyl Butylphenol Sulfonate, Sodium Chloride, Sodium Citrate, Sodium Hydroxide, Sodium Laureth Sulfate, Tocopherol, Water",110,7801,8.5,0.0,https://www.sephora.com/product/acne-clearing-wash-P410883?icid2=products%20grid:p410883,8.5,4.588235294117647
Witch Hazel & Rosewater Toner,Mario Badescu,cleanser,14.0,"Allantoin, BHT, Butyl Methoxydibenzoylmethane, Butylphenyl Methylpropional, Citric Acid, Cocamidopropyl Betaine, Disodium EDTA, Ethylhexyl Methoxycinnamate, Ethylhexyl Salicylate, Fragrance/Parfum, Lauryl Glucoside, Limonene, Linalool, Panthenol, PEG120 Methyl Glucose Dioleate, PEG150 Pentaerythrityl Tetrastearate, PEG40 Hydrogenated Castor Oil, PEG6 Caprylic/Capric Glycerides, Phenoxyethanol, Potassium Sorbate, PPG26Buteth26, Propylene Glycol, Sodium Benzoate, Sodium Benzotriazolyl Butylphenol Sulfonate, Sodium Chloride, Sodium Citrate, Sodium Hydroxide, Sodium Laureth Sulfate, Tocopherol, Water",13,6011,8.0,0.0,https://www.sephora.com/product/mario-badescu-witch-hazel-rosewater-toner-P444615?icid2=products%20grid:p444615,8.0,1.75
Triple Action Cleansing Water - Cleanse + Purify,SEPHORA COLLECTION,cleanser,12.0,"Aqua (Water), Butylene Glycol, Glycerin, Propanediol, PEG6 Caprylic/Capric Glycerides, Sodium Chloride, Polysorbate 20, Caprylyl Glycol, Hydroxyacetophenone, Parfum (Fragrance), Sodium Benzoate, Zinc PCA, Citric Acid, Aloe Barbadensis Leaf Juice.",43,3742,0.0,6.76,https://www.sephora.com/product/triple-action-cleansing-water-cleanse-purify-P445724?icid2=products%20grid:p445724,6.76,1.7751479289940828
GloPRO® Prep Pads Clarifying Skin Cleansing Wipes with Peptides,BeautyBio,cleanser,35.0,"Sorbitan Oleate DecylGlucoside Crosspolymer, Cocyl Arginine Amide, Myristoyl Tetrapeptide13, Myristoyl, Hexapeptide23, Glyceryl Caprylate, Syringa Vulgaris (Lilac) Extract, Pelargonium Graveolens Flower Essential Oil, Lavandula Angustifolia (Lavender) Essential Oil, Guar Hydroxypropyltrimonium Chloride, 1,2Hexanediol, Maltodextrin, Cymbopogon Schoenanthus Essential Oil, Polysorbate 60, Caprylyl Glycol, Cedrus Atlantica Bark (Cedarwood) Essential Oil, Polysorbate 80, Simethicone, Citric Acid.",10,1809,0.0,0.0,https://www.sephora.com/product/glopro-prep-pads-clarifying-skin-cleansing-wipes-with-peptides-P438642?icid2=products%20grid:p438642,4.92609452736319,7.1050199718222995
PoreDermabrasion™ Pore Perfecting Exfoliator,Dr. Brandt Skincare,cleanser,58.0,"Alumina, Glycerin, Butylene Glycol, Lactobacillus Ferment, Carica Papaya (Papaya) Fruit Extract, Carbomer, Methyl Gluceth20, Lens Esculenta (Lentil) Fruit Extract, Microcitrus Australasica Fruit Extract, Lactobacillus/Pumpkin Fruit Ferment Filtrate, Amyris Balsamifera Bark Oil, Citrus Aurantium Bergamia (Bergamot) Fruit Oil, Eugenia Caryophyllus (Clove) Leaf Oil, Jasminum Officinale (Jasmine) Oil, Lavandula Angustifolia (Lavender) Oil, Citrus Limon (Lemon) Peel Oil, Mentha Piperita (Peppermint) Oil, Rosa Damascena Flower Oil, Caprylic/Capric Triglyceride, Allantoin, Xanthan Gum,  Sodium Hyaluronate, Salicylic Acid, Methyl Methacrylate Crosspolymer, Alcohol Denat., Sodium Hydroxide, Leuconostoc/Radish Root Ferment Filtrate, Phenoxyethanol, Ethylhexylglycerin, Iron Oxide (Ci 77491), Sodium Oxide.",277,17177,2.0,0.0,https://www.sephora.com/product/poredermabrasion-pore-perfecting-exfoliator-P397310?icid2=products%20grid:p397310,2.0,29.0
Waterprooof Eye Makeup Remover,SEPHORA COLLECTION,cleanser,7.0,"Aqua (Water), Isoamyl Laurate, Butylene Glycol, Caprylic/Capric Triglyceride, Centaurea Cyanu Flower Sodium Chloride, Simmondsia Chinensis (Jojoba) Seed Oil, Poloxamer 184, Ricinus Communis (Castor) Seed Oil, 1,2Hexanediol, Caprylyl Glycol, Panthenol, Citric Acidr, Sodium Phytate, Sodium Benzoate, Potassium Sorbate, CI 42090 (Blue 1), CI 61570 (Green 5).",42,689,0.0,1.69,https://www.sephora.com/product/waterprooof-eye-makeup-remover-P445445?icid2=products%20grid:p445445,1.69,4.1420118343195265
Matcha Toner,MILK MAKEUP,cleanser,28.0,"butylene glycol, BisPEG18 methyl ether dimethyl silane, sodium stearate, pentylene glycol, glycerin, oleth2, stearic acid, hamamelis virginiana (witch hazel) leaf extract, rice ferment filtrate (sake), saccharmomyces/xylinum/black tea ferment, opuntia ficusindica stem extract, Rosmarinus officinalis (rosemary) leaf extract, camellia sinensis leaf extract, lens esculenta (lentil) seed extract, ethylhexylglycerin, hexylene glycol, caprylyl glycol, sodium benzoate, potassium sorbate, phenoxyethanol, yellow 10/CI 47005, blue 1/CI 42090.",247,28815,0.0,1.0,https://www.sephora.com/product/matcha-toner-P419520?icid2=products%20grid:p419520,1.0,28.0
Wild Rose Foaming Cream Cleanser,KORRES,cleanser,28.0,"butylene glycol, BisPEG18 methyl ether dimethyl silane, sodium stearate, pentylene glycol, glycerin, oleth2, stearic acid, hamamelis virginiana (witch hazel) leaf extract, rice ferment filtrate (sake), saccharmomyces/xylinum/black tea ferment, opuntia ficusindica stem extract, Rosmarinus officinalis (rosemary) leaf extract, camellia sinensis leaf extract, lens esculenta (lentil) seed extract, ethylhexylglycerin, hexylene glycol, caprylyl glycol, sodium benzoate, potassium sorbate, phenoxyethanol, yellow 10/CI 47005, blue 1/CI 42090.",100,7766,6.76,0.0,https://www.sephora.com/product/wild-rose-foaming-cream-cleanser-P433981?icid2=products%20grid:p433981,6.76,4.1420118343195265
Refining Facial Polisher,Omorovicza,cleanser,95.0,"Glycerin, Silt (Hungarian Mud), Copper Gluconate, Cetearyl Olivate, Lava Powder, Sorbitan Oilivate, Sodium Cocoyl Glutamate, Silica, Aqua (Water), Phenoxyethanol, Lactobionic Acid, Mangifera Indica (Mango) Pulp Extract, Spondias Mombin Pulp Extract, Musa Sapientum (Banana) Pulp Extract, Saccharomyces (Hungarian Thermal Water) Ferment Extract, Parfum (Fragrance), Xanthan Gum, Ethylhexylglycerin, Aqua (Hungarian Thermal Water), Caprylic/Capric Triglyceride, Phaeodactylum Tricornutum Extract, Phospholipids, Benzyl Alcohol, Potassium Sorbate, Tocopherol, Linalool, Limonene, Citronellol",74,4985,3.5,0.0,https://www.sephora.com/product/refining-facial-polisher-P386798?icid2=products%20grid:p386798,3.5,27.142857142857142
Facial Radiance Polish,First Aid Beauty,cleanser,25.0,"Sodium Cocoyl Isethionate, Behenyl Alcohol, Propanediol, Cocamidopropyl Hydroxysultaine, Glyceryl Stearate SE, Sodium Chloride, Butyrospermum Parkii (Shea) Butter Extract, Coconut Acid, Salix Alba (Willow) Bark Extract, Colloidal Oatmeal, Ceramide NP, Citrus Aurantium Amara (Bitter Orange) Peel Oil, Sodium Phytate, Vitis Vinifera (Grape) Seed Oil, Aloe Barbadensis Leaf Juice, Rubus Occidentalis Fruit Extract, Glycyrrhiza Glabra (Licorice) Root Extract, Chrysanthemum Parthenium (Feverfew) Extract, Camellia Sinensis Leaf Extract, Butyrospermum Parkii (Shea) Butter, Glycerin, Sodium Acetate, Panthenol, Hydroxypropyl Guar, Ethylhexylglycerin, Sorbitol, Tocopherol, C1215 Alkyl Lactate, Hydroxyethylcellulose, Lauroyl/Myristoyl Methyl Glucamide, Copernicia Cerifera (Carnauba) Wax, Sorbic Acid, Cellulose, Lactic Acid, Phenoxyethanol, Citric Acid, Carbomer, Sodium Benzoate, Chlorphenesin, Propylene Glycol, Sodium Hydroxide, Linalool, Titanium Dioxide (CI 77891).",254,11870,3.5,0.0,https://www.sephora.com/product/facial-radiance-polish-P378869?icid2=products%20grid:p378869,3.5,7.142857142857143
Exfoliating Wipes - Pink Grapefrui - Purifying,SEPHORA COLLECTION,cleanser,8.0,"<div arialabelledby=""tab2"" class=""css1rny024"" hidden="""" id=""tabpanel2"" role=""tabpanel"" tabindex=""0""><p class=""css189uj0g"" datacomp=""Text Box "">Get more information about<! > </p><div class=""cssk13wt5"" datacomp=""Link Box "">shipping rates, schedules, methods and restrictions</div>.<p class=""css1khw9z2"" datacomp=""Text Box "">If you are not completely satisfied with an online purchase or gift, you may return your U.S.or Canadian purchase in stores or by mail. Restrictions apply for returns made outside the U.S.</p></div>",4,0,0.0,0.0,https://www.sephora.com/product/exfoliating-wipes-pink-grapefrui-purifying-P445449?icid2=products%20grid:p445449,4.92609452736319,1.6240045649879542
Hydrating Toner,Murad,cleanser,34.0,"Butylene Glycol, Witch Hazel Urea, Yeast Amino Acids, Trehalose, Inositol, Taurine, Betaine, Carrageenan Extract, Peach Fruit Extract, Anthemis Nobilis Flower Extract, Sodium PCA, Lecithin, Tocopherol, Magnesium Ascorbyl Phosphate, Grape Seed Extract, Cucumber Fruit Extract, PEG12 Dimethicone, PEG40 Hydrogenated Castor Oil, Sodium Citrate, Disodium EDTA, Chlorphenesin, Methylisothiazolinone, Benzyl Salicylate, Geraniol, Linalool, Citronellol, Fragrance, Orange 4 (CI 15510), Red 4 (CI 14700).",296,12119,6.0,0.0,https://www.sephora.com/product/hydrating-toner-P4032?icid2=products%20grid:p4032,6.0,5.666666666666667
The Replenishing Oil Exfoliator,La Mer,cleanser,125.0,"Caprylic/Capric Triglyceride, Fructose, Peg7 Glyceryl Cocoate, Stearalkonium Hectorite, Limnanthes Alba (Meadowfoam) Seed Oil, Propylene Glycol Dicaprylate/Dicaprate, Euphorbia Cerifera (Candelilla) Wax\Candelilla Cera\Cire De Candelilla, Jojoba Esters, Propylene Carbonate, Mangifera Indica (Mango) Seed Butter, Theobroma Grandiflorum Seed Butter, Tocopherol, Algae (Seaweed) Extract, Sesamum Indicum (Sesame) Seed Oil, Medicago Sativa (Alfalfa) Seed Powder, Helianthus Annuus (Sunflower) Seedcake, Prunus Amygdalus Dulcis (Sweet Almond) Seed Meal, Eucalyptus Globulus (Eucalyptus) Leaf Oil, Sodium Gluconate, Copper Gluconate, Calcium Gluconate, Magnesium Gluconate, Zinc Gluconate, Tocopheryl Succinate, Niacin, Sesamum Indicum (Sesame) Seed Powder, Water\Aqua\Eau, Honey\Mel\Miel, Diamond Powder, Camelina Sativa Seed Oil, Macrocystis Pyrifera (Kelp) Extract, Spirulina Platensis (Algae) Powder, Glycerin, Mineral Oil\Paraffinum Liquidum\Huile Minerale, Sea Salt\Maris Sal\Sel Marin, Salicornia Herbacea Extract, Hydrogenated Vegetable Oil, Molasses Extract\Saccharum Officinarum\Extrait De Melasse, Olea Europaea (Olive) Fruit Oil, Hippophae Rhamnoides Oil, BetaCarotene, Acetyl Glucosamine, Yeast Extract\Faex\Extrait De Levure, Vegetable Oil\Olus\Huile Vegetale, Tetrahexyldecyl Ascorbate, Butylene Glycol, Silica, Fragrance (Parfum), Bht, Benzyl Benzoate, Linalool, Limonene, Phenoxyethanol.",23,4768,3.4,0.0,https://www.sephora.com/product/replenishing-oil-exfoliator-P431416?icid2=products%20grid:p431416,3.4,36.76470588235294
Teatreement™ Toner,Dr. Jart+,cleanser,30.0,"Anthemis Nobilis Flower Extract, Camellia Sinesis Leaf Extract, Glycyrrhiza Glabra (Licorice) Rhizome/Root, Hamamelis Virginiana (Witch Hazel) Extract, Sodium Citrate, Cinnamomum Zelanicum Bark Extract, Pinus Pinaster Bark Extract, Melaleuca Alternifolia (Tea Tree) Leaf Oil, Ethylhexylglycerin, Citric Acid, Disodium EDTA, Hydrogenated Lecithin, Capryloyl Glycine, Hexylene Glycol, Octylododeceth16, Allantoin, Sarcosine, Ceramide NP, Camphor, Carthamus Tinctorius (Sunflower) Seed Oil, 1,2Hexanediol, Silica, Glycine Soja (Soybean) Sterols, Linoleic Acid, Phospholipids, 4Terpineol, Methyl Methacrylate Crosspolymer, and Salicylic Acid.",395,2157,4.05,0.0,https://www.sephora.com/product/dr-jart-teatreement-toner-P454085?icid2=products%20grid:p454085,4.05,7.407407407407407
Acne Facial Cleanser,Mario Badescu,cleanser,15.0,"Glycerin, Triethanolamine, Sodium Laureth Sulfate, Propylene Glycol, Isopropyl Alcohol, Salicylic Acid, Dimethicone, Aloe Barbadensis Leaf Juice, Chamomilla Recutita (Matricaria) Flower Extract, Thymus Vulgaris (Thyme) Leaf Extract, Sodium Hyaluronate, Carbomer, Parfum (Fragrance), Diazolidinyl Urea, Methylparaben, Propylparaben, Benzyl Benzoate, Benzyl Salicylate, Eugenol, Linalool.",42,10166,6.0,0.0,https://www.sephora.com/product/mario-badescu-acne-facial-cleanser-P440490?icid2=products%20grid:p440490,6.0,2.5
Tonique Douceur Softening Hydrating Toner with Rose Water,Lancôme,cleanser,27.0,"Glycerin, Triethanolamine, Sodium Laureth Sulfate, Propylene Glycol, Isopropyl Alcohol, Salicylic Acid, Dimethicone, Aloe Barbadensis Leaf Juice, Chamomilla Recutita (Matricaria) Flower Extract, Thymus Vulgaris (Thyme) Leaf Extract, Sodium Hyaluronate, Carbomer, Parfum (Fragrance), Diazolidinyl Urea, Methylparaben, Propylparaben, Benzyl Benzoate, Benzyl Salicylate, Eugenol, Linalool.",108,6365,0.0,6.7,https://www.sephora.com/product/tonique-douceur-alcohol-free-freshener-P155706?icid2=products%20grid:p155706,6.7,4.029850746268656
GENTLEBUBBLE ™ Daily Conditioning Cleanser,GLAMGLOW,cleanser,28.0,Apple Extract and Vitamin E: Deeply cleanses.,181,6155,5.0,0.0,https://www.sephora.com/product/gentlybubble-daily-conditioning-cleanser-P442988?icid2=products%20grid:p442988,5.0,5.6
Redness Solutions Soothing Cleanser,CLINIQUE,cleanser,24.0,"Squalane , Glycerin , Butylene Glycol , Phenyl Trimethicone , Ammonium Acryloyldimethyltaurate/Vp Copolymer , Avena Sativa (Oat) Kernel Extract , Cucumis Sativus (Cucumber) Fruit Extract , Hordeum Vulgare (Barley) Extract/Extrait D'Orge , Sucrose Stearate , Sea Whip Extract , Cholesterol , Helianthus Annuus (Sunflower) Seedcake , Chamomilla Recutita (Matricaria) , Acetyl Glucosamine , Lactobacillus Ferment , Ppg20 Methyl Glucose Ether , Caffeine , Propylene Glycol Dicaprate , Caprylyl Glycol , Stearic Acid , Sodium Chloride , Disodium Edta , Bht , Phenoxyethanol , Polyaminopropyl Biguanide , Yellow 5 (Ci 19140) , Green 5 (Ci 61570) , Blue 1 (Ci 42090) <iln36792></iln36792>",275,7023,5.0,0.0,https://www.sephora.com/product/redness-solutions-soothing-cleanser-P201439?icid2=products%20grid:p201439,5.0,4.8
Wild Rose Exfoliating Cleanser,KORRES,cleanser,28.0,"Aloe Barbadensis Leaf Juice, Sodium Cocoyl Isethionate, CocoBetaine, Cetearyl Alcohol, Disodium Lauryl Sulfosuccinate, Zea Mays (Corn) Starch, Oryza Sativa (Rice) Powder, Glycerin, Betaine, Sodium Methyl Cocoyl Taurate, Magnesium Aluminum Silicate, Prunus Cerasus (Bitter Cherry) Shell Powder, Inulin, Sclerotium Gum, Acer Saccharum (Sugar Maple) Extract, Ascorbyl Palmitate, Benzyl Salicylate, Citronellol, Citrus Aurantium Dulcis (Orange) Fruit Extract, Citrus Limon (Lemon) Fruit Extract, Ethylhexylglycerin, Fragrance, Galactoarabinan, Helianthus Annuus (Sunflower) Seed Oil, Hexyl Cinnamal, Hydrogenated Castor Oil, Hydrogenated Starch Hydrolysate, Hydroxycitronellal, Hydroxyisohexyl 3Cyclohexene Carboxaldehyde, Lecithin, Maltooligosyl Glucoside, Phenoxyethanol, Rosa Canina Fruit Extract, Rosa Canina Fruit Oil, Rosa Rubiginosa Seed Oil, Saccharum Officinarum (Sugar Cane) Extract, Salicylic Acid, Tetrasodium Glutamate Diacetate, Titanium Dioxide, Tocopherol, Vaccinium Myrtillus Fruit/Leaf Extract.",348,15566,5.07,0.0,https://www.sephora.com/product/wild-rose-exfoliating-cleanser-P375537?icid2=products%20grid:p375537,5.07,5.522682445759369
DRx Acne Eliminating Pads,Dr. Dennis Gross Skincare,cleanser,42.0,"Achillea Millefolium Extract, Alcohol Denat., Annatto, Ascorbic Acid, Bentonite, Bisabolol, Butylene Glycol, Caffeine, Camellia Sinensis Leaf Extract, Carnitine HCl, Chamomilla Recutita (Matricaria) Flower Extract, Citric Acid, Copper PCA, Cyclodextrin, Dimethyl Isosorbide, Disodium EDTA, Ethoxydiglycol, Farnesol, Fragrance, Glutamic Acid, Glutathione, Glycerin, Glycolic Acid, Hamamelis Virginiana (Witch Hazel) Leaf Extract, Lactic Acid, Malic Acid, Octoxynol9, Pantothenic Acid, Pentasodium Pentetate, Phospholipids, Phytic Acid, Polysorbate 20, Potassium Azeloyl Diglycinate, Potassium Citrate, Potassium Gluconate, Potassium Hydroxide, Retinol, Saccharide Isomerate, Salix Alba (Willow) Bark Extract, Sodium Benzoate, Soy Isoflavones, Tetrapeptide21, Vitex Agnus Castus Extract, Zinc PCA",259,11399,0.0,0.0,https://www.sephora.com/product/one-step-acne-eliminating-pads-P381405?icid2=products%20grid:p381405,4.92609452736319,8.52602396618676
Supreme Cleansing Oil,SEPHORA COLLECTION,cleanser,15.0,"Ethylhexyl Stearate, Ricinus Communis (Castor) Seed Oil, Hexyldecyl Stearate, PEG20 Glyceryl Triisostearate, Tridecyl Trimellitate, PEG7 Glyceryl Cocoate, Fragrance, Phenoxyethanol, Gossypium Herbaceum (Cotton) Seed Oil, Helianthus Annuus (Sunflower) Seed Oil, Tocopherol, Retinyl Palmitate, BHT",348,12437,6.4,0.0,https://www.sephora.com/product/supreme-cleansing-oil-P398353?icid2=products%20grid:p398353,6.4,2.34375
Exfoliating Wipes - Pineapple - Smoothing,SEPHORA COLLECTION,cleanser,8.0,"<div arialabelledby=""tab2"" class=""css1rny024"" hidden="""" id=""tabpanel2"" role=""tabpanel"" tabindex=""0""><p class=""css189uj0g"" datacomp=""Text Box "">Get more information about<! > </p><div class=""cssk13wt5"" datacomp=""Link Box "">shipping rates, schedules, methods and restrictions</div>.<p class=""css1khw9z2"" datacomp=""Text Box "">If you are not completely satisfied with an online purchase or gift, you may return your U.S.or Canadian purchase in stores or by mail. Restrictions apply for returns made outside the U.S.</p></div>",19,0,0.0,0.0,https://www.sephora.com/product/exfoliating-wipes-pineapple-smoothing-P433303?icid2=products%20grid:p433303,4.92609452736319,1.6240045649879542
Hydra Life Micellar Water No Rinse Cleanser,Dior,cleanser,43.0,Natural Echinacea Flower Extract.,64,4907,6.7,0.0,https://www.sephora.com/product/hydra-life-micellar-water-no-rinse-cleanser-P417609?icid2=products%20grid:p417609,6.7,6.4179104477611935
Moisturizing Cream Cleanser,LANEIGE,cleanser,23.0,"Limnanthes Alba (Meadowfoam) Seed Oil, Myristic Acid, Lauryl Hydroxysultaine, Lauric Acid, Potassium Hydroxide, Glycerin, Sodium Chloride, Stearic Acid, Acrylates/C1030 Alkyl Acrylate Crosspolymer, Fragrance / Parfum, Linalool, Polyquaternium7, Citronellol, Peg14m, Disodium Edta, Hexyl Cinnamal, Geraniol, Helianthus Annuus (Sunflower) Seed Oil, Sodium Benzoate, Tocopherol, Silica, Bht.",40,2095,5.0,0.0,https://www.sephora.com/product/moisturizing-cream-cleanser-P447595?icid2=products%20grid:p447595,5.0,4.6
Breakout Clearing Foaming Wash,Dermalogica,cleanser,19.5,"Salicylic Acid .50%., Cocamidopropyl Betaine, Sodium Lauroyl Methyl Isethionate, Acrylates/Beheneth25 Methacrylate Copolymer, Polysorbate20, Melaleuca Alternifolia (Tea Tree) Leaf Oil, Citrus Aurantium Dulcis (Orange) Peel Oil, Lavandula Angustifolia (Lavender) Oil, Oleanolic Acid, Butylene Glycol, Enantia Chlorantha Bark Extract, Disodium Cocoamphodiacetate, Spiraea Ulmaria Extract, Camellia Sinensis Leaf Extract, Porpyra Umbilicalis Extract, Glycyrrhiza Glabra (Licorice) Rhizome/Root Extract, Sodium Hydroxide, Ethylhexylglycerin, Phenoxyethanol.",268,2616,6.0,0.0,https://www.sephora.com/product/breakout-clearing-foaming-wash-P443365?icid2=products%20grid:p443365,6.0,3.25
Fresh Pressed Renewing Powder Cleanser with Pure Vitamin C,CLINIQUE,cleanser,30.5,"Maltodextrin , Sodium Lauryl Sulfoacetate , Sodium Cocoyl Isethionate , Sodium Methyl Cocoyl Taurate , Kaolin , Ascorbic Acid , Sodium Chloride , Sapindus Mukurossi Peel Extract , Salicylic Acid , Allyl Methacrylates Crosspolymer , Cyclodextrin , Coconut Acid , Ethylbisiminomethylguaiacol Manganese Chloride , Disodium Edta <iln43040></iln43040>",26,3974,0.28,0.0,https://www.sephora.com/product/fresh-pressed-renewing-powder-cleanser-P417323?icid2=products%20grid:p417323,0.28,108.92857142857142
Cucumber Herbal Conditioning Cleanser,Kiehl's Since 1851,cleanser,24.0,"Propylene Glycol, Glycerin, Sodium Methyl Cocoyl Taurate, CocoBetaine, Sodium Cocoyl Isethionate, Sodium Chloride, Acrylates/C1030 Alkyl Acrylate Crosspolymer, Phenoxyethanol, Peg100 Stearate, Ppg5Ceteth20, Glyceryl Stearate, Coconut Acid, Caprylyl Glycol, Peg55 Propylene Glycol Oleate, Styrene/Acrylates Copolymer, Salicylic Acid, Chlorphenesin, Hydrogenated Coconut Acid,Cucumber Fruit Extract, Polyquaternium53, CocoGlucoside, Disodium Edta, Lavandula Hybrida Oil, Sodium Isethionate, Peg30 Dipolyhydroxystearate, Trideceth6, Citrus Medica Limonum (Lemon) Peel Oil,Rosemary Leaf Oil, Benzoic Acid, Citric Acid, Sodium Hydroxide.",52,5985,5.0,0.0,https://www.sephora.com/product/cucumber-herbal-conditioning-cleanser-P422255?icid2=products%20grid:p422255,5.0,4.8
"Yes, She Can Holiday Blotting Linens",boscia,cleanser,7.0,"Abaca Tree Fiber, Peppermint Extract.",9,1715,0.0,0.0,https://www.sephora.com/product/yes-she-can-holiday-blotting-linens-P450582?icid2=products%20grid:p450582,4.92609452736319,1.42100399436446
White Lucent Luminizing Infuser,Shiseido,cleanser,54.0,"Dipropylene Glycol, Glycerin, Tranexamic Acid, Peg6, Peg32, Peg/Ppg14/7 Dimethyl Ether, Sorbitol, Diglycerin, Phenoxyethanol, Ppg13Decyltetradeceth24, Butylene Glycol, Methylparaben, Disodium Edta, Erythritol, Carbomer, Lauryl Betaine, Xanthan Gum, Allantoin, 3OEthyl Ascorbic Acid, Fragrance (Parfum), Sodium Metabisulfite, Sodium Hyaluronate, Prunus Yedoensis Leaf Extract, Crataegus Monogyna Flower Extract, Butylphenyl Methylpropional, Rehmannia Chinensis Root Extract, Sodium Benzoate, Tocopherol, Rosa Roxburghii Fruit Extract.",27,4075,5.0,0.0,https://www.sephora.com/product/white-lucent-luminizing-infuser-P406312?icid2=products%20grid:p406312,5.0,10.8
United State™ Balancing Tonic,Origins,cleanser,24.0,"Lavandula Angustifolia (Lavender) Flower Extract, Anthemis Nobilis (Chamomile) Flower Extract , Alcohol Denat. , Butylene Glycol , Anthemis Nobilis Flower Oil*, Mentha Viridis (Spearmint) Leaf Oil*, Pelargonium Graveolens Flower Oil*, Lavandula Hybrida Oil*, Citrus Aurantium Bergamia (Bergamot) Fruit Oil*, Styrax Benzoin Gum, Geraniol, Linalool, Citronellol, Eugenol, Limonene , Hamamelis Virginiana (Witch Hazel) Extract , Oryza Sativa (Rice) Bran Extract , Cladosiphon Okamuranus Extract , Laminaria Saccharina Extract , Eugenia Caryophyllus (Clove) Flower Extract , Hydrolyzed Soy Protein , Hydrolyzed Wheat Protein , Hydrolyzed Corn Protein , Coconut Acid , Jojoba Wax Peg120 Esters , Caffeine , Glycerin , Polyquaternium7 , Sodium Hyaluronate , Dextrin , Yeast Extract\Faex\Extrait De Levure , Disodium Edta , Phenoxyethanol. *Essential Oil.",315,12505,5.0,0.0,https://www.sephora.com/product/united-state-balancing-tonic-P297533?icid2=products%20grid:p297533,5.0,4.8
3 Muslin Cloths,Eve Lom,cleanser,22.0,"Lavandula Angustifolia (Lavender) Flower Extract, Anthemis Nobilis (Chamomile) Flower Extract , Alcohol Denat. , Butylene Glycol , Anthemis Nobilis Flower Oil*, Mentha Viridis (Spearmint) Leaf Oil*, Pelargonium Graveolens Flower Oil*, Lavandula Hybrida Oil*, Citrus Aurantium Bergamia (Bergamot) Fruit Oil*, Styrax Benzoin Gum, Geraniol, Linalool, Citronellol, Eugenol, Limonene , Hamamelis Virginiana (Witch Hazel) Extract , Oryza Sativa (Rice) Bran Extract , Cladosiphon Okamuranus Extract , Laminaria Saccharina Extract , Eugenia Caryophyllus (Clove) Flower Extract , Hydrolyzed Soy Protein , Hydrolyzed Wheat Protein , Hydrolyzed Corn Protein , Coconut Acid , Jojoba Wax Peg120 Esters , Caffeine , Glycerin , Polyquaternium7 , Sodium Hyaluronate , Dextrin , Yeast Extract\Faex\Extrait De Levure , Disodium Edta , Phenoxyethanol. *Essential Oil.",79,10192,0.0,0.0,https://www.sephora.com/product/3-muslin-cloths-P381435?icid2=products%20grid:p381435,4.92609452736319,4.466012553716874
Clarifying Lotion 1,CLINIQUE,cleanser,17.0,"Alcohol Denat. , Glycerin , Butylene Glycol , Hamamelis Virginiana (Witch Hazel) , Trehalose , Salicylic Acid , Acetyl Glucosamine , Sodium Hyaluronate , Sodium Hydroxide , Tetrahydroxypropyl Ethylenediamine , Disodium Edta , Phenoxyethanol , Benzophenone4 , Yellow 5 (Ci 19140) , Blue 1 (Ci 42090) <iln37003></iln37003>",188,5842,0.0,6.7,https://www.sephora.com/product/clarifying-lotion-1-P122651?icid2=products%20grid:p122651,6.7,2.5373134328358207
Problem Solution Cleansing Foam,belif,cleanser,24.0,"Myristic Acid, Glycerin, Dipropylene Glycol, Stearic Acid, Potassium Hydroxide, Glycol Distearate, Glyceryl Stearate, Cocamidopropyl Betaine, PEG100 Stearate, Sodium Methyl Cocoyl Taurate, Hydrogenated Polydecene, PEG40 Hydrogenated Castor Oil, Melaleuca Alternifolia (Tea Tree) Leaf Oil, Calendula Officinalis Flower Extract*+, Nepeta Cataria Extract*, Avena Sativa (Oat) Kernel Extract*, Rubus Idaeus (Raspberry) Leaf Extract*, Stellaria Media (Chickweed) Extract*, Baptisia Tinctoria Root Extract*, Arctium Lappa Root Extract+, Lavandula Angustifolia (Lavender) Flower Extract+, Rosmarinus Officinalis (Rosemary) Leaf Extract+, Echinacea Angustifolia Extract+, Salix Alba (Willow) Bark Extract, Dextrin, Tocopheryl Acetate, 1,2Hexanediol, Trisodium EDTA, Citrus Aurantium Bergamia (Bergamot) Fruit Oil, Eucalyptus Globulus Leaf Oil, Rosmarinus Officinalis (Rosemary) Leaf Oil, Fragrance**, Citral, Citronellol, Limonene, Geraniol, Linalool.",105,5116,3.38,0.0,https://www.sephora.com/product/problem-solution-cleansing-foam-P410816?icid2=products%20grid:p410816,3.38,7.100591715976331
Hypoallergenic Gentle Cleanser,Perricone MD,cleanser,38.0,"Myristic Acid, Glycerin, Dipropylene Glycol, Stearic Acid, Potassium Hydroxide, Glycol Distearate, Glyceryl Stearate, Cocamidopropyl Betaine, PEG100 Stearate, Sodium Methyl Cocoyl Taurate, Hydrogenated Polydecene, PEG40 Hydrogenated Castor Oil, Melaleuca Alternifolia (Tea Tree) Leaf Oil, Calendula Officinalis Flower Extract*+, Nepeta Cataria Extract*, Avena Sativa (Oat) Kernel Extract*, Rubus Idaeus (Raspberry) Leaf Extract*, Stellaria Media (Chickweed) Extract*, Baptisia Tinctoria Root Extract*, Arctium Lappa Root Extract+, Lavandula Angustifolia (Lavender) Flower Extract+, Rosmarinus Officinalis (Rosemary) Leaf Extract+, Echinacea Angustifolia Extract+, Salix Alba (Willow) Bark Extract, Dextrin, Tocopheryl Acetate, 1,2Hexanediol, Trisodium EDTA, Citrus Aurantium Bergamia (Bergamot) Fruit Oil, Eucalyptus Globulus Leaf Oil, Rosmarinus Officinalis (Rosemary) Leaf Oil, Fragrance**, Citral, Citronellol, Limonene, Geraniol, Linalool.",325,3443,8.0,0.0,https://www.sephora.com/product/hypoallergenic-gentle-cleanser-P294202?icid2=products%20grid:p294202,8.0,4.75
Pore Reform™ Skin Smoothing Polish,Murad,cleanser,36.0,"Silica, Stearic Acid, Jojoba Esters, Glyceryl Stearate, Stearyl Alcohol, Hamamelis Virginiana (Witch Hazel) Cetearyl Alcohol, Cocamidopropyl Betaine, Butylene Glycol, PPG2 Hydroxyethyl Cocamide, Urea, Yeast Amino Acids, Trehalose, Inositol, Taurine, Betaine, Cinnamomum Zeylanicum Bark Extract, Sarcosine, Capryloyl Glycine, Sodium Hyaluronate, Borago Officinalis Seed Oil, Helianthus Annuus (Sunflower) Seed Oil, Punica Granatum Extract, Sodium Lauroamphoacetate, Sodium Trideceth Sulfate, PEG100 Stearate, Glyceryl Stearate, Tocopheryl Acetate, Ceteareth20, PEG32, Carbomer, Disodium EDTA, Aminomethyl Propanol, Phenoxyethanol, Caprylyl Glycol, Chlorphenesin, Fragrance (Parfum), Red 40 (CI 16035)",209,17510,3.5,0.0,https://www.sephora.com/product/pore-reform-skin-smoothing-polish-P387259?icid2=products%20grid:p387259,3.5,10.285714285714286
Perfect Canvas Clean Jelly Oil Cleanser,REN Clean Skincare,cleanser,32.0,"Vitis Vinifera Seed Oil, Glycerin, Caprylic/Caprictriglyceride, Aqua (Water), Sucrose Laurate, Limnanthes Alba Seed Oil, Parfum** (Fragrance), Helianthus Annuus (Sunflower) Seed Oil Unsaponifiables, Sucrose Stearate, Sucrose Palmitate, Limonene, Linalool.",41,1478,3.3,0.0,https://www.sephora.com/product/ren-perfect-canvas-clean-jelly-oil-cleanser-P454095?icid2=products%20grid:p454095,3.3,9.696969696969697
Bi-Facil Face Bi-Phased Micellar Water Face Makeup Remover & Cleanser,Lancôme,cleanser,40.0,"Cyclopentasiloxane, Isohexadecane, Decyl Glucoside, Sodium Chloride, Polyaminopropyl Biguanide, Dipotassium Phosphate, Geraniol, Disodium EDTA, Potassium Phosphate, Citronellol, Hexylene Glycol, Fragrance.",20,2393,0.0,6.7,https://www.sephora.com/product/bi-facil-face-bi-phased-micellar-water-face-makeup-remover-cleanser-P422432?icid2=products%20grid:p422432,6.7,5.970149253731343
Future Solution LX Extra Rich Cleansing Foam,Shiseido,cleanser,62.0,"Myristic Acid, Glycerin, Stearic Acid, Potassium Hydroxide, Sorbitol, Dipropylene Glycol, Lauric Acid, Peg20 Glyceryl Isostearate, Peg6, Peg32, Sodium Methyl Cocoyl Taurate, Glyceryl Stearate Se, Glycol Distearate, Polyquaternium7, Fragrance (Parfum), Trisodium Edta, Sodium Methyltaurate, Butylene Glycol, Linalool, Citronellol, Geraniol, Butylphenyl Methylpropional, Sodium Metabisulfite, Prunus Speciosa Leaf Extract, Iron Oxides (Ci 77492), Iron Oxides (Ci 77491).",5,2067,4.7,0.0,https://www.sephora.com/product/future-solution-lx-extra-rich-cleansing-foam-P423164?icid2=products%20grid:p423164,4.7,13.191489361702127
PlantGenius® Creamy Bubbling Cleanser with Fruit Enzymes & AHAs,alpyn beauty,cleanser,36.0,*Certified Organic.,36,1191,4.0,0.0,https://www.sephora.com/product/alpyn-beauty-plantgenius-creamy-bubbling-cleanser-with-fruit-enzymes-ahas-P455614?icid2=products%20grid:p455614,4.0,9.0
Buffering Lotion,Mario Badescu,cleanser,19.0,"Isopropyl Alcohol, Propylene Glycol, Zinc Oxide, Hydrolyzed Yeast Protein, Glycerin, Niacinamide, Panthenol, Allantoin, Biotin, Isopropyl Myristate, Stearalkonium Hectorite, Pyridoxine HCl, Propylene Carbonate.",19,2629,1.0,0.0,https://www.sephora.com/product/mario-badescu-buffering-lotion-P440496?icid2=products%20grid:p440496,1.0,19.0
Coconut Rose Toner,Kopari,cleanser,25.0,"Hamamelis Virginiana (Witch Hazel), Polysorbate20, Peg40 Hydrogenated Castor Oil, Caprylic/Capric Triglyceride, Coconut Nucifera (Coconut) Extract, Tetrasodium Glutamate Diacetate, Phenoxyethanol, Lavandula Angustifolia (Lavender) Extract, Rose Extract, Vanilla Planifolia (Vanilla Bean) Fruit Extract, Cymbopogon Martini (Palmarosa) Oil, Sodium Hyaluronate, Chamomilla Recutita Flower/Leaf (Organic Chamomile) Extract, Algae (Seaweed) Extract, Ethylhexylglycerin, Citric Acid.",148,18321,5.1,0.0,https://www.sephora.com/product/coconut-rose-toner-P416144?icid2=products%20grid:p416144,5.1,4.901960784313726
Dermaclear™ Micro Foam,Dr. Jart+,cleanser,22.0,"Melaleuca Alternifolia (Tea Tree) Leaf Oil, Mentha Piperita (Peppermint) Oil, Menthol, Mentha Piperita (Peppermint) Leaf Extract, Rosmarinus Officinalis (Rosemary) Leaf Extract, Cymbopogon Schoenanthus (Lemongrass) Extract, Humulus Lupulus (Hops) Extract, Urtica Dioica (Nettle) Leaf Extract, Tocopheryl Acetate, Glycerin, Amodimethicone, Isoceteth20, Distearyldimonium Chloride, Cetrimonium Chloride, Trideceth10, Disodium EDTA, Citric Acid, Phenoxyethanol, Chlorphenesin.",20,1994,4.05,0.0,https://www.sephora.com/product/dermaclear-micro-foam-P444220?icid2=products%20grid:p444220,4.05,5.432098765432099
The Method: Polish Blemish Control,LANCER Skincare,cleanser,75.0,"Sodium C1416 Olefin Sulfonate, Acrylates Copolymer, Glycerin, Cocamidopropyl Betaine, Mannitol, Jojoba beads, Syringa Vulgaris (Lilac) Leaf Cell Culture Extract, Mentha Piperita (Peppermint) Oil, Melaleuca Alternifolia (Tea Tree) Leaf Oil, Hydroxypropyl Methylcellulose, Sodium PCA, Cellulose, Salicylic Acid, Disodium Cocoamphodiacetate, Panthenol, Niacinamide, Dextrin, Maltodextrin, Amylopectin, Disodium EDTA, Sodium Hydroxide, Polydextrose, Caprylyl Glycol, Phenoxyethanol, Chlorphenesin, Methylisothiazolinone, Methylchloroisothiazolinone, Fragrance, Limonene, Iron Oxides (CI 77492).",30,5829,4.2,0.0,https://www.sephora.com/product/the-method-polish-blemish-control-P399739?icid2=products%20grid:p399739,4.2,17.857142857142858
Oil Control Blotting Paper,Shiseido,cleanser,20.0,"Kaolin, Zinc Oxide, Polysorbate 80, Cellulose Gum, Trisodium Edta, Sodium Dehydroacetate, Fragrance, Iron Oxides (Ci 77491), Butylene Glycol, Citronellol, Linalool, Limonene, Cinnamyl Alcohol, Rosmarinus Officinalis (Rosemary) Leaf Extract (Rosmarinus Officinalis Leaf Extract).",22,2304,0.0,0.0,https://www.sephora.com/product/oil-control-blotting-paper-P428422?icid2=products%20grid:p428422,4.92609452736319,4.060011412469885
Matcha Cleanser,MILK MAKEUP,cleanser,28.0,"Butylene Glycol, Sodium Stearate, BisPEG18 Methyl Ether Dimethyl Silane, Glycerin, Sodium C14C16 Olefin Sulfonate, Lavandula Angustifolia (Lavender) Flower Cocamidopropyl betaine, Quaternium90 Sepiolite, Stearic Acid, Phenoxyethanol, Sodium Polyacrylate, Lactobacillus/Leuconostoc/Acetobacter/Kluyveromyces/Saccharomyces, Camellia Sinensis Leaf Powder, Laminaria (algae) extract, Macrocystis Pyrifera Extract, Quaternium90 Montmorillonite, Chlorphenesin, Fragrance, Yellow 5/CI 19140, Green 3/CI 42053.",173,17141,1.0,0.0,https://www.sephora.com/product/matcha-cleanser-P419519?icid2=products%20grid:p419519,1.0,28.0
Ultra Facial Oil-Free Toner,Kiehl's Since 1851,cleanser,17.0,"WaterGlycerin,Propanediol,Phenoxyethanol,Propylene Glycol,Potassium Sorbate,Acrylates/C1030 Alkyl Acrylate Crosspolymer,Triethanolamine,Citric Acid,Imperata Cylindrica Root Extract,Pseudoalteromonas Ferment Extract,Sodium Hyaluronate,Cucumber Fruit Extract,Caprylyl Glycol,Carbomer.",27,4266,8.4,0.0,https://www.sephora.com/product/ultra-facial-oil-free-toner-P422010?icid2=products%20grid:p422010,8.4,2.0238095238095237
Cleansing Foam,Omorovicza,cleanser,80.0,"Hungarian Thermal Glycerin, Sodium Cocoyl Isethionate, Sorbitol, Disodium Lauryl Sulfosuccinate, Sodium Chloride, Phenoxyethanol, Saccharomyces (Hungarian Thermal Water) Ferment Extract, Limonene, Xanthan Gum, Fragrance, Copper Gluconate, Linalool, Ethylhexylglycerin, Disodium Edta, Pyrus Malus (Apple) Fruit Extract, Phospholipids, Chlorella Vulgaris/Lupinus Albus Protein Ferment, Pectin.",56,4277,5.0,0.0,https://www.sephora.com/product/cleansing-foam-P309216?icid2=products%20grid:p309216,5.0,16.0
GENIUS Ultimate Anti-Aging Melting Cleanser,Algenist,cleanser,38.0,"C1215 Alkyl Benzoate, Ethylhexyl Palmitate, Caprylic/Capric Triglyceride, Glycerin, Water (Aqua), Sucrose Laurate, Olea Europaea (Olive) Fruit Oil, Persea Gratissima (Avocado) Oil, Chlorella Protothecoides Oil, Algae Exopolysaccharides, Prunus Amygdalus Dulcis (Sweet Almond) Oil, Vaccinium Myrtillus Seed Oil, Retinyl Palmitate, Tocopheryl Acetate, Caprylyl Glycol, Chlorphenesin, Phenoxyethanol, Fragrance (Parfum), Benzyl Benzoate, Chromium Oxide Greens (CI 77288).",295,6760,5.0,0.0,https://www.sephora.com/product/genius-ultimate-anti-aging-melting-cleanser-P388200?icid2=products%20grid:p388200,5.0,7.6
Umbrian Clay Purifying Facial Toner,Fresh,cleanser,38.0,"Solum Follonum (Fuller's Earth), Glycerin, Butylene Glycol, Propanediol, Santalum Album (Sandalwood Oil), Lavandula Angustifiola (Lavender) Flower Anthemis Nobilis Flower Oil, Sanguisorba Officinalis Root Extract, Fusanus Spicatus Wood Oil, Cinnamomum Cassia Bark Extract, Zingiber Officinale (Ginger) Root Extract, PEG40 Hydrogenated Castor Oil, Salicylic Acid, Zinc Gluconate, Sodium Hydroxide, Parfum (Fragrance), BHT, Phenoxyethanol, Linalool.",144,8027,6.7,0.0,https://www.sephora.com/product/umbrian-clay-purifying-facial-toner-P408643?icid2=products%20grid:p408643,6.7,5.671641791044776
Instant Long-Wear Makeup Remover,Bobbi Brown,cleanser,32.0,"Isohexadecane, Dimethicone, Cyclopentasiloxane, Trisiloxane, Sodium Chloride, Hexylene Glycol, Peg4 Dilaurate, Lauryl Methyl Gluceth10 Hydroxypropyldimonium Chloride, Potassium Phosphate, Dipotassium Phosphate, Dipotassium Edta, Phenoxyethanol <iln30260></iln30260>",149,7257,0.0,3.4,https://www.sephora.com/product/instant-long-wear-makeup-remover-P270562?icid2=products%20grid:p270562,3.4,9.411764705882353
Balancing Toner,Dr. Barbara Sturm,cleanser,75.0,"Water (Aqua), Lactobacillus/Portulaca Oleracea Ferment Extract, Hexylene Glycol, Capryloyl Glycine, Panthenol, Phenoxyethanol, Xylitylglucoside, Sodium Hyaluronate, Ethylhexylglycerin, Magnesium Carboxymethyl BetaGlucan, Biosaccharide Gum1, Leuconostoc/Radish Root Ferment Filtrate, Citric Acid, Pantolactone, Glutathione.",5,716,5.07,0.0,https://www.sephora.com/product/dr-barbara-sturm-balancing-toner-P448715?icid2=products%20grid:p448715,5.07,14.792899408284024
Gentle Oil-Free Eye Makeup Remover,NARS,cleanser,25.0,"Methyl Trimethicone, Isopropyl Isostearate, Butylene Glycol, Glycerin, Propanediol, Sodium Chloride, Phenoxyethanol, Hexylene Glycol, Poloxamer 123, Ethylhexylglycerin, Peg32, Benzophenone5, Peg6, Trisodium Edta, Cucumis Sativus [Cucumis Sativus (Cucumber) Fruit Extract], Chamomilla Recutita [Chamomilla Recutita (Matricaria) Flower Extract], Sodium Hyaluronate, Ci 42090 (Blue 1), Ci 19140 (Yellow 5).",93,8252,3.3,0.0,https://www.sephora.com/product/gentle-oil-free-eye-makeup-remover-P301779?icid2=products%20grid:p301779,3.3,7.575757575757576
Lifesaver Skin Brightening Toner,Dr Roebuck's,cleanser,28.0,"Hamamelis Virginiana (Organic Witch Hazel) Aloe Babardensis Leaf Juice (Organic Aloe Vera), Natural Glycolic Acid, Decyl Glucoside, Caprylyl Glycol, Citrus Grandis (Grapefruit) Peel Oil, Mentha Piperita (Peppermint) Oil, Phenoxyethanol.",16,3426,3.38,0.0,https://www.sephora.com/product/lifesaver-skin-brightening-toner-P430828?icid2=products%20grid:p430828,3.38,8.284023668639053
Exfoliating Wipes - Bamboo - Matifying,SEPHORA COLLECTION,cleanser,8.0,"<div arialabelledby=""tab2"" class=""css1rny024"" hidden="""" id=""tabpanel2"" role=""tabpanel"" tabindex=""0""><p class=""css189uj0g"" datacomp=""Text Box "">Get more information about<! > </p><div class=""cssk13wt5"" datacomp=""Link Box "">shipping rates, schedules, methods and restrictions</div>.<p class=""css1khw9z2"" datacomp=""Text Box "">If you are not completely satisfied with an online purchase or gift, you may return your U.S.or Canadian purchase in stores or by mail. Restrictions apply for returns made outside the U.S.</p></div>",6,0,0.0,0.0,https://www.sephora.com/product/exfoliating-wipes-bamboo-matifying-P445450?icid2=products%20grid:p445450,4.92609452736319,1.6240045649879542
Revitalizing Toner,Proactiv,cleanser,25.0,"Glycolic Acid, Sodium Hydroxide, Polysorbate 20, Hamamelis Virginiana (Witch Hazel) Extract, Anthemis Nobilis Flower Extract, Rosa Canina Fruit Extract, Aloe Barbadensis Leaf Juice, Sodium PCA, Panthenol, Glycerin, Propylene Glycol, Allantoin, Hydroxyethylcellulose, Benzophenone4, Tetrasodium EDTA, Imidazolidinyl Urea, Methylparaben, Propylparaben, Fragrance, Blue 1, Yellow 5.",48,610,4.0,0.0,https://www.sephora.com/product/revitalizing-toner-P440060?icid2=products%20grid:p440060,4.0,6.25
Clearly Corrective™ Brightening & Exfoliating Daily Cleanser,Kiehl's Since 1851,cleanser,30.0,"Sodium Cocoyl Glycinate/CocoBetaine, Glycerin, Acrylates Copolymer, Perlite, Sodium Chloride, Phenoxyethanol, Sodium Hydroxide, Chlorphenesin, Salicylic Acid, Hydroxypropyl Tetrahydropyrantriol, Propylene Glycol, Lavandula Angustifolia Oil/Lavender Oil, Disodium Edta, Linalool, Butylene Glycol, Citrus Aurantium Tachibana Peel Extract, Paeonia Suffruticosa Root Extract, Citric Acid.",22,2924,5.0,0.0,https://www.sephora.com/product/clearly-corrective-brightening-exfoliating-daily-cleanser-P429521?icid2=products%20grid:p429521,5.0,6.0
Deep Cleansing Face Wash,Proactiv,cleanser,30.0,"Cocamidopropyl Betaine, Distearyl Phthalic Acid Amide, Polyethylene, Cetyl Alcohol, Stearyl Alcohol, Jojoba Esters, Ammonium Laureth Sulfate, Camellia Sinensis Leaf Extract, Aloe Barbadensis Leaf Juice, Menthol, Butylene Glycol, PEG120 Methyl Glucose Dioleate, Sodium Hydroxide, Disodium EDTA, Phenoxyethanol, Methylparaben, Ethylparaben, Butylparaben, Propylparaben, Isobutylparaben, Fragrance, Chromium Hydroxide Green.",214,1046,6.0,0.0,https://www.sephora.com/product/deep-cleansing-face-wash-P440069?icid2=products%20grid:p440069,6.0,5.0
Chamomile Micellar Cleansing Water,Primera,cleanser,32.0,"Propanediol, Polyglyceryl6 Caprylate, Polyglyceryl10 Laurate, 1,2Hexanediol, Ethylhexylglycerin, Hamamelis Virginiana (Witch Hazel) Leaf Anthemis Nobilis Flower Extract, Citric Acid, Tocopherol, Sodium Benzoate, Potassium Sorbate.",4,1477,10.0,0.0,https://www.sephora.com/product/primera-chamomile-micellar-cleansing-water-P447180?icid2=products%20grid:p447180,10.0,3.2
Essential-C Toner,Murad,cleanser,34.0,"Butylene Glycol, Witch Hazel PEG40 Hydrogenated Castor Oil, Sodium PCA, Betaine, Sorbitol, Glycine, Alanine, Proline, Serine, Threonine, Arginine, Lysine, Glutamic Acid, Rice Amino Acids, Zinc Aspartate, Dipotassium Glycyrrhizate, PEG12 Dimethicone, Phospholipids, Tocopheryl Acetate, Retinyl Palmitate, Ascorbyl Palmitate, Ascorbic Acid, Chitosan, Propyl Gallate, Bitter Orange Flower Extract, Echinacea Purpurea Extract, Orange Fruit Extract, Sodium Polyaspartate, Benzophenone4, Polyquaternium4, Disodium EDTA, Citric Acid, Phenoxyethanol, Caprylyl Glycol, Chlorphenesin, Limonene, Linalool, Orange Peel Oil, Mandarin Orange Peel Oil, Basil Oil, Grapefruit Peel Oil, Galbanum Resin Oil, Fragrance, Green 3 (CI 42053)",259,11897,6.0,0.0,https://www.sephora.com/product/essential-c-toner-P9939?icid2=products%20grid:p9939,6.0,5.666666666666667
Cucumber Herbal Alcohol-Free Toner,Kiehl's Since 1851,cleanser,18.0,"Aqua/Pentylene Glycol, Phenoxyethanol, Propylene Glycol, Sodium PCA, Methylparaben, Allantoin, Cucumis Sativus Fruit Extract/Cucumber Fruit Extract, Aloe Barbadensis/Aloe Barbadensis Leaf Juice, Camphor, Chamomilla Recutita Extract/Matricaria Flower Extract, Urtica Dioica/Nettle Extract, Equisetum Arvense Extract, Betula Alba Extract, CI 19140/Yellow 5, CI 14700/Red 4, CI 42090/Blue 1.",49,6267,8.4,0.0,https://www.sephora.com/product/cucumber-herbal-alcohol-free-toner-P422250?icid2=products%20grid:p422250,8.4,2.142857142857143
Gentle Foaming Cleanser-Combination or Oily Skin ,Clarins,cleanser,26.0,Tamarind : Refines skin texture in oily zones.,39,3296,4.4,0.0,https://www.sephora.com/product/gentle-foaming-cleanser-combination-or-oily-skin-P381415?icid2=products%20grid:p381415,4.4,5.909090909090908
Facial Soap with Dish,CLINIQUE,cleanser,15.5,"Sodium Palmate/Cocoate Or/Ou Palm Kernelate , Petrolatum , Glycerin , Sodium Chloride , Trisodium Hedta , Titanium Dioxide (Ci 77891) , Iron Oxides (Ci 77491, Ci 77492, Ci 77499) , Yellow 5 (Ci 19140) <iln29394></iln29394>",375,5199,5.2,0.0,https://www.sephora.com/product/facial-soap-with-dish-P122646?icid2=products%20grid:p122646,5.2,2.980769230769231
Blue Moon Tranquility Cleansing Balm,SUNDAY RILEY,cleanser,50.0,"Caprylic/Capric Triglyceride, Sucrose Laurate, Jojoba Esters, Acacia Decurrens Flower Wax, Glycerin,  Helianthus Annuus (Sunflower) Seed Wax, Polyglycerin3, Glyceryl behenate, C1018 Triglycerides, Theobroma Cacao (Cocoa) Seed Butter, PEG8 beeswax, Cetyl Alcohol , Ceteth20, Steareth20, Polyglyceryl6, Polyglyceryl3 Beeswaxl, Squalene, Tangerine (Citrus Tangerina) Oil, Citrus sinensis (Sweet Orange) Oil, Tanacetum annuum (Blue Tansy) Leaf Oil, Matricaria recutita (German Chamomile) Essential Oil,  Vanilla planifolia fruit extract, Ylang ylang (Canaga Odorata) Flower Oil, Citrus aurantium var. Amara (Neroli) Flower Oil, Anthemis nobilis (Chamomile Roman) Flower Oil, Phenoxyethanol, Moringa Oil/ Hydrogenated Moringa Oil Esters (Moringa Butter), Chlorphenesin, Caprylyl Glycol",257,13954,3.5,0.0,https://www.sephora.com/product/blue-moon-tranquility-cleansing-balm-P402014?icid2=products%20grid:p402014,3.5,14.285714285714286
Deep Cleansing Wash,Proactiv,cleanser,35.0,"Cocamidopropyl Betaine, Distearyl Phthalic Acid Amide, Paraffin, Stearyl Alcohol, Cetyl Alcohol, Jojoba Esters, Sodium Chloride, Sodium Methyl Cocoyl Taurate, Aloe Barbadensis Leaf Juice, Camellia Sinensis Leaf Extract, Coconut Acid, Menthol, Peg120 Methyl Glucose Dioleate, Caprylyl Glycol, Hexylene Glycol, Ethylhexylglycerin, Ascorbic Acid, Citric Acid, Butylene Glycol, Disodium Edta, Isopropyl Alcohol, Sodium Hydroxide, Phenoxyethanol, Sodium Benzoate, Sodium Sulfite, Potassium Sorbate, Fragrance, Chromium Hydroxide Green.",9,905,9.0,0.0,https://www.sephora.com/product/deep-cleansing-wash-P440068?icid2=products%20grid:p440068,9.0,3.888888888888889
BUBBLESHEET™ Oxygenating Deep Cleanse Mask,GLAMGLOW,cleanser,9.0,"Glycerin, Methyl Perfluorobutyl Ether, Acrylates Copolymer, Cocamidopropyl Betaine, Disodium Cocoamphodiacetate, Lauryl Glucoside, Retinyl Palmitate, Allantoin, Arginine, Camellia Sinensis Leaf Extract, Helianthus Annuus (Sunflower) Seed Oil, Ascorbyl Glucoside, Ethylhexylglycerin, Ceramide Np, Sodium Pca, Sodium Chloride, Saccharide Isomerate, Polyquaternium10, Potassium Cocoyl Glycinate, Potassium Cocoate, Hexylene Glycol, Butylene Glycol, Citric Acid, Hydroxyethyl Urea, Citrus Limon (Lemon) Peel Oil, Limonene, Citral, Sodium Citrate, Disodium Edta, Phenoxyethanol <iln43933></iln43933>",490,36952,0.0,0.0,https://www.sephora.com/product/bubblesheet-oxygenating-deep-cleanse-mask-P421766?icid2=products%20grid:p421766,4.92609452736319,1.8270051356114485
Botanical Exfoliating Scrub,Mario Badescu,cleanser,26.0,"Phytelephas Aequatorialis Seed Powder, Propylene Glycol, Carbomer, Sodium Laureth Sulfate, Triethanolamine, Camellia Sinensis Leaf Extract, Cocos Nucifera (Coconut) Fruit Extract, Ginkgo Biloba Leaf Extract, Zingiber Officinale (Ginger) Root Extract, Aloe Barbadensis Leaf Juice, Caprylyl Glycol, Hexylene Glycol, Phenoxyethanol, Fragrance.",20,3738,3.4,0.0,https://www.sephora.com/product/mario-badescu-botanical-exfoliating-scrub-P440491?icid2=products%20grid:p440491,3.4,7.647058823529412
Glycolic Foaming Cleanser,Mario Badescu,cleanser,16.0,"Sodium Lauryl Sulfate, Cocamidopropyl Betaine, Cocamide MEA, Glycolic Acid, Salvia Officinalis (Sage) Leaf Extract, Hypericum Perforatum Extract, Chamomilla Recutita (Matricaria) Flower Extract, Althaea Officinalis Leaf/Root Extract, Achillea Millefolium Extract, Sodium Chloride, Fragrance, Propylene Glycol, Methylparaben, Propylparaben, Diazolidinyl Urea.",28,4895,6.0,0.0,https://www.sephora.com/product/mario-badescu-glycolic-foaming-cleanser-P440489?icid2=products%20grid:p440489,6.0,2.6666666666666665
Rose Floral Toner Mini,Fresh,cleanser,15.0,"Glycerin, Pentylene Glycol, Rosa Damascena Flower Anthemis NobilisFlower Oil, Sodium Citrate, CitricAcid, Citronellol, Geraniol, PhenoXyethano.",9,0,0.0,2.0,https://www.sephora.com/product/rose-floral-toner-mini-P435387?icid2=products%20grid:p435387,2.0,7.5
Teatreement™ Cleansing Foam,Dr. Jart+,cleanser,28.0,"Melaleuca Alternifolia (Tea Tree) Leaf Extract, Disodium Laureth Sulfosuccinate, Sodium Cocoyl Glutamate, Methylpropanediol, 1,2Hexanediol, Acrylates/C1030 Alkyl Acrylate Crosspolymer, Salicylic Acid, Melaleuca Alternifolia (Tea Tree) Lead Oil, Centella Asiatica Extract, Ficus Carica (Fig) Fruit Extract, Polyglyceryl10 Laurate, Anthemis Nobilis Flower Extract, Camellia Sinensis Leaf Extract, Glycyrrhiza Glabra (Licorice) Rhizome/Root, Amaranthus Caudatus Seed Extract, Ulmus Davidiana Root Extract, Hamamelis Virginiana (Witch Hazel) Extract, Undaria Pinnatifida Extract, Gloiopeltis Furcata Extract, Aloe Barbadensis Leaf Extract, Cinnamomum Zeylanicum Bark Extract, Pinus Pinaster Bark Extract, Butylene Glycol, Disodium EDTA, Hydrogenated Lecithin, Ceramide NP, Allantoin, Niacinamide, Silica, Capryloyl Glycine, Hexylene Glycol, Camphor, Sarcosine, 4Terpineol, Methyl Methacrylate Crosspolymer.",415,1937,4.05,0.0,https://www.sephora.com/product/dr-jart-teatreement-cleansing-foam-P454086?icid2=products%20grid:p454086,4.05,6.913580246913581
Hydro-Dynamic® Quenching Essence,Murad,cleanser,78.0,"Glycerin, Glycolic Acid, Yeast Extract, Phenoxyethanol, Ethylhexylglycerin Glycerin, Citrullus Lanatus (Watermelon) Fruit Extract, Pyrus Malus (Apple) Fruit Extract, Lens Esculenta (Lentil) Fruit Extract, Sodium PCA, Sodium Lactate Urea, Yeast Amino Acids, Trehalose, Inositol, Taurine, Betaine Tocopheryl Acetate Ascorbic Acid, Chitosan, Zinc Gluconate.Glycerin, Glycolic Acid, Yeast Extract, Phenoxyethanol, EthylhexylglycerinGlycerin, Citrullus Lanatus (Watermelon) Fruit Extract, Pyrus Malus (Apple) Fruit Extract, Lens Esculenta (Lentil) Fruit Extract, Sodium PCA, Sodium LactateUrea, Yeast Amino Acids, Trehalose, Inositol, Taurine, Betaine Tocopheryl Acetate Ascorbic Acid, Chitosan, Zinc Gluconate.",102,4555,1.0,0.0,https://www.sephora.com/product/hydro-dynamic-quenching-essence-P403747?icid2=products%20grid:p403747,1.0,78.0
Clarimatte™ T-Zone Control Cleansing Gel,REN Clean Skincare,cleanser,32.0,"Lavandula Angustifolia (Lavender) Flower Glycerin, Coco Glucoside, Xanthan Gum, Polysorbate 20, Panthenol, Crataegus Oxyacantha Stem Extract, Salix Nigra (Willow) Bark Extract, Phenoxyethanol, Citrus Grandis (Grapefruit) Seed Extract, Sodium Hydroxymethylglycinate, Sodium Lauroyl Oat Aminoacids, Lactic Acid, Lavandula Angustifolia (Lavender) Oil, Citrus Aurantium Bergamia (Bergamot) Fruit Oil, Callitris Intratropica Wood Oil, Linalool, Limonene, Ethylhexylglycerin, Glucose.",286,5322,5.1,0.0,https://www.sephora.com/product/clarimatte-balancing-cleansing-gel-P174621?icid2=products%20grid:p174621,5.1,6.274509803921569
TROPICALCLEANSE™ Daily Exfoliating Cleanser,GLAMGLOW,cleanser,34.0,"Sodium C1416 Olefin Sulfonate, Magnesium Aluminum Silicate, Kaolin, Sodium Cocoamphoacetate, Cetearyl Alcohol, Glyceryl Stearate, Glycerin, Microcrystalline Cellulose, Propanediol, Euterpe Oleracea Fruit Extract, Punica Granatum Fruit Extract, Punica Granatum (Pomegranate) Seed Powder, Lycium Barbarum Fruit Extract, Camellia Sinensis Leaf Extract, Camellia Sinensis (Green Tea) Leaf Powder, Malpighia Glabra (Acerola) Fruit Extract, Vaccinium Myrtillus Fruit Extract, Salix Nigra (Willow) Bark Extract, Saccharum Officinarum (Sugar Cane) Extract\Extrait De Canne A Sucre, Ginkgo Biloba Leaf Powder, Lavandula Angustifolia (Lavender) Flower/Leaf/Stem Extract, Citrus Limon (Lemon) Fruit Extract, Citrus Aurantium Dulcis (Orange) Fruit Extract, Coffea Arabica (Coffee) Seed Extract, Pyrus Malus (Apple) Fruit Extract, Rubus Idaeus (Raspberry) Fruit Extract, Elettaria Cardamomum Seed Extract, Acer Saccharum (Sugar Maple) Extract, Paullinia Cupana Seed Extract, Carica Papaya (Papaya) Fruit Extract, Cucumis Sativus (Cucumber) Fruit Extract, Salvia Officinalis (Sage) Leaf Extract, Fucus Vesiculosus Extract, Rosmarinus Officinalis (Rosemary) Leaf Extract, Citrus Aurantium Amara (Bitter Orange) Flower Extract, Cucumis Melo (Melon) Fruit Extract, Rosa Centifolia Flower Extract, Jasminum Officinale (Jasmine) Flower Extract, Santalum Album (Sandalwood) Wood Extract, Cananga Odorata Flower Extract, Cupressus Sempervirens Leaf/Nut/Stem Oil, Morinda Citrifolia Fruit Extract, Garcinia Mangostana Fruit Extract, Papain, Hydrolyzed Quinoa, Hydrolyzed Linseed Seed, Tocopheryl Acetate, Bromelain, Ethylhexylglycerin, Triethyl Citrate, Citric Acid, Xanthan Gum, Cocamidopropyl Hydroxysultaine, Maltodextrin, Sodium Chloride, Algin, Disodium Adenosine Triphosphate, Diatomaceous Earth\Solum Diatomeae\Terre De Diatomees, Caprylyl Glycol, Fragrance, Linalool, Hexyl Cinnamal, Hydroxyacetophenone, Phytic Acid, Phenoxyethanol.",107,5935,5.0,0.0,https://www.sephora.com/product/tropicalcleanse-daily-exfoliating-cleaner-P435803?icid2=products%20grid:p435803,5.0,6.8
Invisimatte Blotting Paper,FENTY BEAUTY by Rihanna,cleanser,16.0,"Sodium C1416 Olefin Sulfonate, Magnesium Aluminum Silicate, Kaolin, Sodium Cocoamphoacetate, Cetearyl Alcohol, Glyceryl Stearate, Glycerin, Microcrystalline Cellulose, Propanediol, Euterpe Oleracea Fruit Extract, Punica Granatum Fruit Extract, Punica Granatum (Pomegranate) Seed Powder, Lycium Barbarum Fruit Extract, Camellia Sinensis Leaf Extract, Camellia Sinensis (Green Tea) Leaf Powder, Malpighia Glabra (Acerola) Fruit Extract, Vaccinium Myrtillus Fruit Extract, Salix Nigra (Willow) Bark Extract, Saccharum Officinarum (Sugar Cane) Extract\Extrait De Canne A Sucre, Ginkgo Biloba Leaf Powder, Lavandula Angustifolia (Lavender) Flower/Leaf/Stem Extract, Citrus Limon (Lemon) Fruit Extract, Citrus Aurantium Dulcis (Orange) Fruit Extract, Coffea Arabica (Coffee) Seed Extract, Pyrus Malus (Apple) Fruit Extract, Rubus Idaeus (Raspberry) Fruit Extract, Elettaria Cardamomum Seed Extract, Acer Saccharum (Sugar Maple) Extract, Paullinia Cupana Seed Extract, Carica Papaya (Papaya) Fruit Extract, Cucumis Sativus (Cucumber) Fruit Extract, Salvia Officinalis (Sage) Leaf Extract, Fucus Vesiculosus Extract, Rosmarinus Officinalis (Rosemary) Leaf Extract, Citrus Aurantium Amara (Bitter Orange) Flower Extract, Cucumis Melo (Melon) Fruit Extract, Rosa Centifolia Flower Extract, Jasminum Officinale (Jasmine) Flower Extract, Santalum Album (Sandalwood) Wood Extract, Cananga Odorata Flower Extract, Cupressus Sempervirens Leaf/Nut/Stem Oil, Morinda Citrifolia Fruit Extract, Garcinia Mangostana Fruit Extract, Papain, Hydrolyzed Quinoa, Hydrolyzed Linseed Seed, Tocopheryl Acetate, Bromelain, Ethylhexylglycerin, Triethyl Citrate, Citric Acid, Xanthan Gum, Cocamidopropyl Hydroxysultaine, Maltodextrin, Sodium Chloride, Algin, Disodium Adenosine Triphosphate, Diatomaceous Earth\Solum Diatomeae\Terre De Diatomees, Caprylyl Glycol, Fragrance, Linalool, Hexyl Cinnamal, Hydroxyacetophenone, Phytic Acid, Phenoxyethanol.",154,30871,0.0,0.0,https://www.sephora.com/product/invisimatte-blotting-paper-P58978876?icid2=products%20grid:p58978876,4.92609452736319,3.2480091299759084
Gentle Daily Wash,Kate Somerville,cleanser,36.0,"Sodium C1416 Olefin Sulfonate, Cocamidopropyl Betaine, PEG/PPG8/3 Diisostearate, Glycerin, Acrylates Copolymer, Silicone Quaternium8, Saponins, Butylene Glycol, Chlorphenesin, Sodium Hydroxide, Citrus Aurantium Bergamia (Bergamot) Fruit Oil, Lavandula Angustifolia (Lavender) Oil, Disodium EDTA, Potassium Sorbate, Sodium Benzoate, Salvia Officinalis (Sage) Oil, Zinc PCA, Citric Acid, Limonene, Linalool",206,5093,4.0,0.0,https://www.sephora.com/product/gentle-daily-wash-P232902?icid2=products%20grid:p232902,4.0,9.0
The Method: Cleanse Blemish Control,LANCER Skincare,cleanser,55.0,"Sodium C1416 Olefin Sulfonate, Acrylates Copolymer, Glycerin, Cocamidopropyl Betaine, Mannitol, Jojoba beads, Syringa Vulgaris (Lilac) Leaf Cell Culture Extract, Mentha Piperita (Peppermint) Oil, Melaleuca Alternifolia (Tea Tree) Leaf Oil, Hydroxypropyl Methylcellulose, Sodium PCA, Cellulose, Salicylic Acid, Disodium Cocoamphodiacetate, Panthenol, Niacinamide, Dextrin, Maltodextrin, Amylopectin, Disodium EDTA, Sodium Hydroxide, Polydextrose, Caprylyl Glycol, Phenoxyethanol, Chlorphenesin, Methylisothiazolinone, Methylchloroisothiazolinone, Fragrance, Limonene, Iron Oxides (CI 77492).",13,4029,4.05,0.0,https://www.sephora.com/product/the-method-cleanse-blemish-control-P399742?icid2=products%20grid:p399742,4.05,13.580246913580247
Enzyme Cleansing Gel,Mario Badescu,cleanser,14.0,"Glycerin, Propylene Glycol, PEG8 Stearate, PPG2 Hydroxyethyl Cocamide, Carica Papaya (Papaya) Fruit Extract, Citrus Grandis (Grapefruit) Fruit Extract, Carbomer, Sodium Chloride, Parfum (Fragrance), Phenoxyethanol, Methylparaben, Propylparaben, Triethanolamine, Diazolidinyl Urea, Mica, CI 77891 (Titanium Dioxide), CI 19140 (Yellow 5), CI 42090 (Blue 1), CI 15985 (Yellow 6).",37,3596,8.0,0.0,https://www.sephora.com/product/mario-badescu-enzyme-cleansing-gel-P440485?icid2=products%20grid:p440485,8.0,1.75
Soft Clean Moisture Rich Foaming Cleanser,Estée Lauder,cleanser,24.0,"Soft Clean Moist Rich Fmg Clns   Division: El (Estee Lauder)Ingredients: Potassium Cocoyl Glycinate , Glycerin , Butylene Glycol , Decyl Glucoside , Potassium Myristoyl Glutamate , Glycol Stearate , Peg40 Glyceryl Cocoate , Citric Acid , Sodium Pca , Sodium Coceth Sulfate , Fragrance , Passiflora Incarnata Flower Extract , Leontopodium Alpinum Extract , Lythrum Salicaria Extract , Dipotassium Glycyrrhizate , Ethylhexylglycerin , Sodium Hyaluronate , Caffeine , Trehalose , Sucrose , Urea , Caprylyl Glycol , Polyquaternium51 , Phenoxyethanol <iln41029></iln41029>",26,3099,4.2,0.0,https://www.sephora.com/product/soft-clean-moisture-rich-foaming-cleanser-P390302?icid2=products%20grid:p390302,4.2,5.714285714285714
Clarifying Lotion 1.0 Twice A Day Exfoliator,CLINIQUE,cleanser,17.0,"Hamamelis Virginiana (Witch Hazel) Dipropylene Glycol , Biosaccharide Gum  1 , Butylene Glycol , Acetyl Glucosamine , Glycerin , Sucrose , Salicylic Acid , Caffeine , Sodium Hyaluronate , Polysorbate 20 , Trehalose , Capryloyl Glycine , Disodium Phosphate , Trisodium Edta , Benzoic Acid , Phenoxyethanol <iln42266></iln42266>",35,1971,0.0,6.7,https://www.sephora.com/product/clarifying-lotion-1-0-twice-day-exfoliator-P409920?icid2=products%20grid:p409920,6.7,2.5373134328358207
The Famous Black Bar,Erno Laszlo,cleanser,38.0,"Sodium Palmate, Sodium Palm Kernelate, Silt (Dead Sea Mud), Charcoal Powder, Fragrance, Sodium Chloride, Glycerin, Tetrasodium EDTA, Tetrasodium Etidronate, Evernia Prunastri (Oakmoss) Extract, Benzyl Cinnamate, Benzyl Benzoate, Ci 77489 (Iron Oxides), Ci 77289 (Chromium Hydroxide Green), Ci 77891 (Titanium Dioxide).",81,5244,3.4,0.0,https://www.sephora.com/product/sea-mud-deep-cleansing-bar-P392631?icid2=products%20grid:p392631,3.4,11.176470588235295
Mini Waterprooof Eye Makeup Remover,SEPHORA COLLECTION,cleanser,7.0,"Aqua (Water), Isoamyl Laurate, Butylene Glycol, Caprylic/Capric Triglyceride, Centaurea Cyanu Flower Sodium Chloride, Simmondsia Chinensis (Jojoba) Seed Oil, Poloxamer 184, Ricinus Communis (Castor) Seed Oil, 1,2Hexanediol, Caprylyl Glycol, Panthenol, Citric Acidr, Sodium Phytate, Sodium Benzoate, Potassium Sorbate, CI 42090 (Blue 1), CI 61570 (Green 5).",18,1764,0.0,1.69,https://www.sephora.com/product/mini-waterprooof-eye-makeup-remover-P445723?icid2=products%20grid:p445723,1.69,4.1420118343195265
Clean Biotic pH-balanced yogurt cleanser with chlorophyll,Dr. Brandt Skincare,cleanser,35.0,"Sodium Cocoyl Isethionate, C1215 Alkyl Benzoate, Sodium Lauroamphoacetate, Sodium Methyl Cocoyl Taurate, CocoGlucoside, Decyl Glucoside, Glycerin, Glycol Distearate, Acrylates/Beheneth25 Methacrylate Copolymer, Methyl Glucose Caprate/Caprylate/Oleate, Benzyl Alcohol, Sodium Hydroxide, Propanediol, Sodium Hyaluronate, Camellia Sinensis Leaf Extract, Methylisothiazolinone, Dehydroacetic Acid, Citric Acid, Lactococcus Ferment Lysate, Vitis Vinifera (Grape) Seed Extract, Inulin, Yogurt Powder, Lactic Acid, Sodium Chloride, Sodium Benzoate, ChlorophyllinCopper Complex.",73,2930,3.5,0.0,https://www.sephora.com/product/clean-biotic-ph-balanced-yogurt-cleanser-with-chlorophyll-P444225?icid2=products%20grid:p444225,3.5,10.0
All-In-One Cleanser With Toner,Dr. Dennis Gross Skincare,cleanser,32.0,"Cocamidopropyl Hydroxysultaine, Stearic Acid, Glycerin, Sodium Methyl Cocoyl Taurate, Sodium Lauroamphoacetate, Witch Hazel Jojoba Seed Oil, CocoGlucoside, Grape Seed Oil, Sodium Hyaluronate, Matricaria Oil, Matricaria Flower Extract, Euterpe Oleracea Fruit Extract, Oat Kernel Extract, Safflower Seed Oil, Camellia Oleifera Leaf Extract, Sodium Lauroyl Oat Amino Acids, Ascorbyl Palmitate, Tocopheryl Acetate, Retinyl Palmitate, Phospholipids, Laminaria Digitata Extract, Chlorella Pyrenoidosa Extract, Camellia Oleifera Seed Oil, Sunflower Seed Oil, Coconut Alcohol, Lauryl Glucoside, Caprylyl Glycol, Cetearyl Alcohol, Polyglyceryl2 Dipolyhydroxystearate, Polysorbate 60, Acrylates/C1030 Alkyl Acrylate Crosspolymer, Hexylene Glycol, Phenoxyethanol, Potassium Sorbate, ChlorophyllinCopper Complex (CI 75810)",90,4788,6.0,0.0,https://www.sephora.com/product/all-in-one-cleanser-with-toner-P382292?icid2=products%20grid:p382292,6.0,5.333333333333333
Dermaclear™ Micro Water,Dr. Jart+,cleanser,32.0,"Glycerin, Polyglyceryl4 Caprate, 1,2Hexanediol, Sodium Citrate, Citrus Aurantium Bergamia (Bergamot) Fruit Oil, Disodium EDTA, Citric Acid, Citrus Paradisi (Grapefruit) Peel Oil, Pelargonium Graveolens Flower Oil, Sea Salt/Sel marin, Cocos Nucifera (Coconut) Salvia Officinalis (Sage) Oil, Pogostemon Cablin Oil, Butylene Glycol, Aminobutyric Acid, Milk Lipids/Lipides du lait, Glutathione.",26,1684,8.45,0.0,https://www.sephora.com/product/dermaclear-micro-water-P444219?icid2=products%20grid:p444219,8.45,3.7869822485207103
The Cleansing Micellar Water,La Mer,cleanser,95.0,"Declustered Water ()\Aqua\Eau DeStructuree (), Declustered Water (+)\Aqua\Eau DeStructuree (+), Propanediol, Polysorbate 20, BisPeg12 Dimethicone, Trehalose, Algae (Seaweed) Extract, Sesamum Indicum (Sesame) Seed Oil, Medicago Sativa (Alfalfa) Seed Powder, Helianthus Annuus (Sunflower) Seedcake, Prunus Amygdalus Dulcis (Sweet Almond) Seed Meal, Eucalyptus Globulus (Eucalyptus) Leaf Oil, Sodium Gluconate, Copper Gluconate, Calcium Gluconate, Magnesium Gluconate, Zinc Gluconate, Tocopheryl Succinate, Niacin, Sesamum Indicum (Sesame) Seed Powder, Sea Salt\Maris Sal\Sel Marin, Castanea Sativa (Chestnut) Seed Extract, Macrocystis Pyrifera (Kelp) Extract, Laminaria Digitata Extract, Sucrose, Caffeine, Glycerin, Ethylhexylglycerin, Sodium Hyaluronate, Butylene Glycol, Citric Acid, Sodium Hydroxide, Fragrance (Parfum), Disodium EdtaCopper, Phenoxyethanol, Benzyl Benzoate, Coumarin, Citronellol, Linalool, Limonene, Blue 1 (Ci 42090).",29,4409,0.0,6.7,https://www.sephora.com/product/the-cleansing-micellar-water-P417114?icid2=products%20grid:p417114,6.7,14.17910447761194
Blotting Papers,SEPHORA COLLECTION,cleanser,8.0,"Declustered Water ()\Aqua\Eau DeStructuree (), Declustered Water (+)\Aqua\Eau DeStructuree (+), Propanediol, Polysorbate 20, BisPeg12 Dimethicone, Trehalose, Algae (Seaweed) Extract, Sesamum Indicum (Sesame) Seed Oil, Medicago Sativa (Alfalfa) Seed Powder, Helianthus Annuus (Sunflower) Seedcake, Prunus Amygdalus Dulcis (Sweet Almond) Seed Meal, Eucalyptus Globulus (Eucalyptus) Leaf Oil, Sodium Gluconate, Copper Gluconate, Calcium Gluconate, Magnesium Gluconate, Zinc Gluconate, Tocopheryl Succinate, Niacin, Sesamum Indicum (Sesame) Seed Powder, Sea Salt\Maris Sal\Sel Marin, Castanea Sativa (Chestnut) Seed Extract, Macrocystis Pyrifera (Kelp) Extract, Laminaria Digitata Extract, Sucrose, Caffeine, Glycerin, Ethylhexylglycerin, Sodium Hyaluronate, Butylene Glycol, Citric Acid, Sodium Hydroxide, Fragrance (Parfum), Disodium EdtaCopper, Phenoxyethanol, Benzyl Benzoate, Coumarin, Citronellol, Linalool, Limonene, Blue 1 (Ci 42090).",647,22825,0.0,0.0,https://www.sephora.com/product/blotting-papers-P414705?icid2=products%20grid:p414705,4.92609452736319,1.6240045649879542
Green Tea Hydrating Cleansing Foam,innisfree,cleanser,10.0,"Water / Aqua / Eau, Glycerin, Myristic Acid, Stearic Acid, Peg32, Potassium Hydroxide, Palmitic Acid, Lauric Acid, Lauryl Glucoside, Propanediol, Glyceryl Stearate, Peg100 Stearate, Fragrance / Parfum, Polyquaternium7, 1,2Hexanediol, Disodium Edta, Sodium Benzoate, Ethylhexylglycerin, Camellia Sinensis Leaf Camellia Sinensis Leaf Extract, Butylene Glycol, Lactic Acid, Alcohol, Camellia Sinensis Root Extract, Phenoxyethanol.",23,3296,5.07,0.0,https://www.sephora.com/product/green-tea-hydrating-cleansing-foam-P449843?icid2=products%20grid:p449843,5.07,1.972386587771203
Dermatologist Solutions™ Centella Sensitive Facial Cleanser,Kiehl's Since 1851,cleanser,30.0,"Water / Aqua / Eau, Glycerin, Myristic Acid, Stearic Acid, Peg32, Potassium Hydroxide, Palmitic Acid, Lauric Acid, Lauryl Glucoside, Propanediol, Glyceryl Stearate, Peg100 Stearate, Fragrance / Parfum, Polyquaternium7, 1,2Hexanediol, Disodium Edta, Sodium Benzoate, Ethylhexylglycerin, Camellia Sinensis Leaf Camellia Sinensis Leaf Extract, Butylene Glycol, Lactic Acid, Alcohol, Camellia Sinensis Root Extract, Phenoxyethanol.",11,2544,8.4,0.0,https://www.sephora.com/product/centella-sensitive-facial-cleanser-P436377?icid2=products%20grid:p436377,8.4,3.571428571428571
Prebiotic 4-in-1 MultiCleanser,Murad,cleanser,36.0,"Glycerin, Decyl Glucoside, C13C16 Isoparaffin, Hexylene Glycol, Propanediol, Hydroxyethyl Acrylate/Sodium Acryloyldimethyl Taurate Copolymer, Lactobacillus, AlphaGlucan Oligosaccharide, Polymnia Sonchifolia Root Juice, Xylitol, Xylitylglucoside, Anhydroxylitol, Sodium Hyaluronate, Sodium Surfactin, Squalane, Urea, Yeast Amino Acids, Trehalose, Inositol, Taurine, Betaine, Isohexadecane, Caprylhydroxamic Acid, Maltodextrin, 1,2 Hexanediol, Polysorbate 80, Acrylamide/Sodium Acryloyldimethyltaurate Copolymer, Citric Acid, Disodium EDTA.",32,1511,5.0,0.0,https://www.sephora.com/product/prebiotic-4-in-1-multicleanser-P443556?icid2=products%20grid:p443556,5.0,7.2
Refreshing Cleansing Sheets,Shiseido,cleanser,20.0,"Butylene Glycol, Dipropylene Glycol, Peg/Ppg50/40 Dimethyl Ether, Ppg13Decyltetradeceth24, Phenoxyethanol, Methylparaben, Tetrahydroxypropyl Ethylenediamine, Betaine, Citric Acid, Sodium Citrate, Fragrance (Parfum), Dimorpholinopyridazinone, Sodium Metaphosphate, Citronellol, Linalool, Limonene, Paeonia Albiflora Root Extract, Tocopherol, Hamamelis Virginiana (Witch Hazel) Leaf Extract, Rosmarinus Officinalis (Rosemary) Leaf Extract (Rosmarinus Officinalis Leaf Extract), Benzoic Acid.",23,2255,0.0,0.0,https://www.sephora.com/product/refreshing-cleansing-sheets-P428423?icid2=products%20grid:p428423,4.92609452736319,4.060011412469885
Barrier+ Foaming Clay Cleanser,Skinfix,cleanser,28.0,"Water/Aqua, Sodium Cocoyl Isethionate, CocoGlucoside, Kaolin, CocoBetaine, Coconut Alcohol, Hydrogenated Coconut Acid, Stearyl Alcohol, Maltooligosyl Glucoside, Propanediol, Titanium Dioxide, Betaine, Behenyl Alcohol, Simmondsia Chinensis (Jojoba) Seed Oil, Aloe Barbadensis Leaf Juice Powder, Sodium Isethionate, Hydroxypropyl Methylcellulose, Sodium Chloride, Hydrogenated Starch Hydrolysate, 1,2Hexanediol, Montmorillonite, Caprylhydroxamic Acid, Trisodium Ethylenediamine Disuccinate, Xanthan Gum, Sodium Hydroxide.",10,1586,5.0,0.0,https://www.sephora.com/product/barrier-foaming-clay-cleanser-P448562?icid2=products%20grid:p448562,5.0,5.6
GENIUS Ultimate Anti-Aging Foaming Cleanser,Algenist,cleanser,38.0,"Glycerin, Sodium Lauroyl Sarcosinate, Cocamidopropyl Betaine, Disodium Lauryl Sulfosuccinate, Propanediol, Algae Expolysaccharides, Chlorella Protothecoides Oil, Rubus Idaeus (Raspberry) Leaf Extract, Ribes Nigrum (Black Currant) Leaf Extract, Prunus Amygdalus Dulcis (Sweet Almond) Oil, Sodium Lauroyl Lactylate, Sodium Cocoyl Glycinate, Sodium Cocoyl Glutamate, Serine, Valine, Isoleucine, Proline, Threonine, Histidine, Phenylalanine, Allantoin, Arginine, Aspartic Acid, PCA, Glycine, Alanine, Dipotassium Glycyrrhizate, Xanthan Gum, Sodium PCA, Sodium Lactate, Polysorbate 80, Sodium Chloride, Tetrasodium EDTA, Ethylhexylglycerin, Phenoxyethanol, Fragrance.",26,2171,5.0,0.0,https://www.sephora.com/product/genius-ultimate-anti-aging-foaming-cleanser-P406544?icid2=products%20grid:p406544,5.0,7.6
pores no more® Pore Purifying Cleanser,Dr. Brandt Skincare,cleanser,36.0,"Disodium C1214 Pareth3 Sulfosuccinate, Cocamidopropyl Betaine, Sodium Lauryl Sulfoacetate, Phenoxyethanol, Sodium Sulfate, Sodium Chloride, Peg150 Pentaerythrityl Tetrastearate, Glycol Stearate, Hydroxypropyl Guar, Peg6 Caprylic/Capric Glycerides, Laureth10, Ethylhexylglycerin, Rosmarinus Officinalis (Rosemary) Leaf Oil, Citric Acid, Disodium Edta, Glycerin, Stearamide Amp, Melaleuca Alternifolia (Tea Tree) Leaf Oil, Linalyl Acetate, Salicylic Acid, Salix Alba (Willow) Bark Extract, Geranium Maculatum Extract.",14,1268,3.5,0.0,https://www.sephora.com/product/pores-no-more-pore-purifying-cleanser-P448710?icid2=products%20grid:p448710,3.5,10.285714285714286
Facial Scrub,Dr. Barbara Sturm,cleanser,70.0,"Water (Aqua), Butyrospermum Parkii (Shea) Butter, Octyldodecanol, Simmondsia Chinensis (Jojoba) Seed Oil, Dicaprylyl Ether, Glyceryl Stearate Citrate, Prunus Amygdalus Dulcis (Sweet Almond) Oil, Cellulose, Microcrystalline Cellulose, Sorbitol, Hydrogenated Vegetable Glycerides, Lactobacillus/Portulaca Oleracea Ferment Extract, Cetearyl Alcohol, Panthenol, Phenoxyethanol, Glycerin, Magnesium Aluminum Silicate, Olea Europaea (Olive) Husk Powder, Xanthan Gum, Ethylhexylglycerin, Butylene Glycol, Retinyl Palmitate, Leuconostoc/Radish Root Ferment Filtrate, Aesculus Hippocastanum (Horse Chestnut) Seed Extract, Lecithin, Ascorbyl Palmitate, Glyceryl Stearate, Pantolactone, Sericin, Glyceryl Oleate, Citric Acid, Potassium Sorbate, Tocopherol.",4,613,3.4,0.0,https://www.sephora.com/product/dr-barbara-sturm-facial-scrub-P448556?icid2=products%20grid:p448556,3.4,20.58823529411765
City Block Purifying Charcoal Clay Mask + Scrub,CLINIQUE,cleanser,28.5,"Kaolin , Butylene Glycol , Silica , Magnesium Aluminum Silicate , Charcoal Powder , Glyceryl Stearate , Peg100 Stearate , Sodium Methyl Cocoyl Taurate , Gentiana Lutea (Gentian) Root Extract , Laminaria Saccharina Extract , Tocopheryl Acetate , Acetyl Glucosamine , Sucrose , Caprylyl Glycol , Xanthan Gum , Disodium Edta , Phenoxyethanol , Chlorphenesin , Iron Oxides (Ci 77499) , Titanium Dioxide (Ci 77891) <iln42343></iln42343>",84,7298,3.4,0.0,https://www.sephora.com/product/city-block-purifying-charcoal-clay-mask-scrub-P409919?icid2=products%20grid:p409919,3.4,8.382352941176471
Vitamin Brightening Cleansing Water,LANEIGE,cleanser,24.0,"Propanediol, Polysorbate 20, Niacinamide, Panthenol, 3OEthyl Ascorbic Acid, Malpighia Emarginata (Acerola) Fruit Extract, Euterpe Oleracea Fruit Extract, Disodium EDTA, Sodium Magnesium Silicate, Sodium Citrate, Poloxamer 184, 1,2Hexanediol, Glutathione, Glycerin, Citric Acid, Ethylhexylglycerin, Hexylene Glycol, Fragrance.",39,5953,10.1,0.0,https://www.sephora.com/product/vitamin-brightening-cleansing-water-P420673?icid2=products%20grid:p420673,10.1,2.376237623762376
Bergamot Herbal Extract Toner,belif,cleanser,28.0,"Monarda Didyma Leaf Extract 8%, Glycerin, Alcohol Denat, Butylene Glycol, Salvia Officinalis (Sage) Leaf Extract, Corchorus Olitorius Leaf Extract, Betaine, 1,2Hexanediol, Methylpropanediol, Polyglutamic Acid, BetaGlucan, Glyceryl Acrlate/Acrylic Acid Copolymer, Propylene Glycol, *Avena Sativa (Oat) Kernel Extract, *Calendula Officinalis Flower Extract, *Nepeta Cataria Extract, *Rubus Idaeus (Raspberry) Leaf Extract, *Baptisia Tinctoria Root Extract, *Stellaria Media (Chickweed) Extract, Portulaca Oleracea Extract, Panthenol, Sodium Hyaluronate, Biosaccharide Gum1, Glycereth26, BisPEG18 Methyl Ether Dimethyl Silane, PEG/Ppg/Polybutylene Glycol8/5/3 Glycerin, Peg/Ppg17/6 Copolymer, PEG40 Hydrogenated Caster Oil, Hydroxypropyl Cyclodextrin, Octyldodeceth16, Acrylates/C1030 Alkyl Acrylate Crosspolymer, Phenyl Trimethicone, Tromethamine, Trisodium EDTA, Fragrance**, Citronnellol, Limonene. *Napiers Original Formula. **Fragrances of Natural Origin.",86,6597,6.75,0.0,https://www.sephora.com/product/bergamot-herbal-extract-toner-P394631?icid2=products%20grid:p394631,6.75,4.148148148148148
The Ultimate Makeup Remover Wipes,rms beauty,cleanser,16.0,Certified Organic Cocos Nucifera (Coconut) Oil.,74,3924,0.0,0.0,https://www.sephora.com/product/the-ultimate-makeup-remover-wipes-P408967?icid2=products%20grid:p408967,4.92609452736319,3.2480091299759084
Turmeric Brightening Polish,Volition Beauty,cleanser,38.0,"Glycerin, Caprylic/Capric Triglyceride, Ethyl Macadamiate, Sodium Laurylglucosides Hydroxypropylsulfonate, Olea Europaea (Olive) Fruit Oil, Juglans Regia (Walnut) Shell Powder, Helianthus Annuus (Sunflower) Seed Oil, Sesamum Indicum (Sesame) Seed Oil, Graham Flour, Tocopherol, Sucrose Palmitate, Glyceryl Caprylate, Silica, Curcuma Longa (Turmeric) Root Extract, Ground Turmeric, Glyceryl Undecylenate, Leuconostoc/Radish Root Ferment Filtrate, Santalum Album (Sandalwood) Extract, Water.",307,15624,4.0,0.0,https://www.sephora.com/product/turmeric-brightening-polish-P421953?icid2=products%20grid:p421953,4.0,9.5
Extra-Comfort Toning Lotion,Clarins,cleanser,26.0,"Glycerin, Caprylic/Capric Triglyceride, Ethyl Macadamiate, Sodium Laurylglucosides Hydroxypropylsulfonate, Olea Europaea (Olive) Fruit Oil, Juglans Regia (Walnut) Shell Powder, Helianthus Annuus (Sunflower) Seed Oil, Sesamum Indicum (Sesame) Seed Oil, Graham Flour, Tocopherol, Sucrose Palmitate, Glyceryl Caprylate, Silica, Curcuma Longa (Turmeric) Root Extract, Ground Turmeric, Glyceryl Undecylenate, Leuconostoc/Radish Root Ferment Filtrate, Santalum Album (Sandalwood) Extract, Water.",20,1301,6.8,0.0,https://www.sephora.com/product/extra-comfort-toning-lotion-P381412?icid2=products%20grid:p381412,6.8,3.823529411764706
Pink Clay Gentle Soap Bar,Herbivore,cleanser,12.0,"Saponified Oils of Cocos nucifera (Coconut) Oil, Olea europaea (Olive) Fruit Oil, Elaeis guineensis (Sustainable Palm) Oil, Tocopherol (Vitamin E), Kaolinite (White Clay), Kaolin (French Pink Clay), Pelargonium roseum asperum (Rose Geranium) Essential Oil, Citrus sinensis (Blood Orange) Essential Oil.",134,11714,4.0,0.0,https://www.sephora.com/product/pink-clay-gentle-cleanse-clay-soap-bar-P400199?icid2=products%20grid:p400199,4.0,3.0
Nutritious Super-Pomegranate Radiant Energy Lotion,Estée Lauder,cleanser,58.0,"Saponified Oils of Cocos nucifera (Coconut) Oil, Olea europaea (Olive) Fruit Oil, Elaeis guineensis (Sustainable Palm) Oil, Tocopherol (Vitamin E), Kaolinite (White Clay), Kaolin (French Pink Clay), Pelargonium roseum asperum (Rose Geranium) Essential Oil, Citrus sinensis (Blood Orange) Essential Oil.",10,5237,0.0,0.0,https://www.sephora.com/product/nutritious-radiant-vitality-energy-lotion-P380017?icid2=products%20grid:p380017,4.92609452736319,11.774033096162668
Tonique Radiance Clarifying Refining Toner,Lancôme,cleanser,27.0,"Alcohol Denat., Glycerin, PAnisic Acid, PEG60 Hydrogenated Castor Oil, Nelumbo Nucifera Flower Extract, Limonene, Benzyl Salicylate, Benzyl Alcohol, Linalool, Rosa Gallica Extract/Rosa Gallica Flower Extract, Butylphenyl Methylpropional, Cryptomeria Japonica Bud Extract, Fragrance.",158,5568,0.0,6.8,https://www.sephora.com/product/tonique-radiance-clarifying-exfoliating-toner-P217931?icid2=products%20grid:p217931,6.8,3.9705882352941178
Foaming Sonic Facial Soap,CLINIQUE,cleanser,22.0,"Alcohol Denat., Glycerin, PAnisic Acid, PEG60 Hydrogenated Castor Oil, Nelumbo Nucifera Flower Extract, Limonene, Benzyl Salicylate, Benzyl Alcohol, Linalool, Rosa Gallica Extract/Rosa Gallica Flower Extract, Butylphenyl Methylpropional, Cryptomeria Japonica Bud Extract, Fragrance.",109,3307,0.0,5.0,https://www.sephora.com/product/foaming-sonic-facial-soap-P392472?icid2=products%20grid:p392472,5.0,4.4
Breakout Clearing All Over Toner,Dermalogica,cleanser,19.5,"Hamamelis Virginiana Isoceteth20, Ethoxydiglycol, Citrus Aurantium Dulcis Peel Oil, Lavandula Angustifolia Oil, Sodium Hydroxide, Melaleuca Alternifolia Leaf Oil, Camellia Sinensis Leaf Extract, Porphyra Umbilicalis Extract, Glycyrrhiza Glabra Root Extract, Citrus Aurantium Amara Peel Oil, Citrus Limon Fruit Oil, Cymbopogon Schoenanthus Oil, Argania Spinosa Kernel Extract, Serenoa Serrulata Fruit Extract, Sesamum Indicum Seed Extract, Citral, Hexylene Glycol, Geraniol, Limonene, Polysorbate 20, Disodium EDTA, Butylene Glycol, Linalool, Ethylhexylglycerin, Phenoxyethanol, BetaSitosterol, Citronellol, Coumarin.",141,2758,4.0,0.0,https://www.sephora.com/product/breakout-clearing-all-over-toner-P443362?icid2=products%20grid:p443362,4.0,4.875
Modern Friction™ Cleansing Oil with Radiance-Boosting White & Purple Rice,Origins,cleanser,29.0,"Glycereth26, Glycine Soja (Soybean) Oil, Peg25 Glyceryl Trioleate, Polysorbate 85, Peg12 Diisostearate, Citrus Limon (Lemon) Peel Oil*, Citrus Aurantium Dulcis (Orange) Peel Oil*, Citrus Grandis (Grapefruit) Peel Oil*, Mentha Viridis (Spearmint) Leaf Oil*, Citrus Aurantium Bergamia (Bergamot) Fruit Oil*, Ricinus Communis (Castor) Seed Oil, Cucumis Sativus (Cucumber) Fruit Extract, Cinnamomum Camphora (Camphor) Leaf Extract, Limonene, Linalool, Citral, Sorbitan Trioleate, Oryza Sativa (Rice) Bran Oil, Oryza Sativa (Rice) Extract, Butylene Glycol, Tocopheryl Acetate, Benzophenone4, Tocopherol, Dextrin, Yellow 5 (Ci 19140), Red 33 (Ci 17200), Ext. Violet 2 (Ci 60730) <iln42955>* Essential Oil",102,9530,5.0,0.0,https://www.sephora.com/product/modern-friction-tm-cleansing-oil-with-radiance-boosting-white-purple-rice-P418877?icid2=products%20grid:p418877,5.0,5.8
Water Drench Cleanser,Peter Thomas Roth,cleanser,30.0,"Sodium CocoylIsethionate, Glycerin, Glyceryl Stearate Se, Stearic Acid,Coconut Acid, Cetearyl Alcohol, Cocos Nucifera (Coconut)Oil, Sodium Caproyl Methyltaurate, Disodium Cocoamphodiacetate,Polyglyceryl10 Myristate, Sodium Methyl StearoylTaurate, Sodium Hyaluronate, Althaea Officinalis RootExtract, Sambucus Nigra Fruit Extract, Sodium Pca, GlycolDistearate, Sodium Chloride, Sodium Isethionate, XanthanGum, Propylene Glycol, Sodium Hydroxide, TetrasodiumEdta, Mica, Potassium Sorbate, Sodium Benzoate, Ethylhexylglycerin,Phenoxyethanol.",137,4029,4.0,0.0,https://www.sephora.com/product/water-drench-cleanser-P423171?icid2=products%20grid:p423171,4.0,7.5
Aglow™ Cleansing Butter,lilah b.,cleanser,44.0,"Caprylic/Capric Triglyceride, Polyglyceryl2 Caprate, Synthetic Wax, Lavandula Angustifolia (Lavender) Oil, Rosa Canina Fruit Extract, Butyrospermum Parkii (Shea) Butter, Saccharomyces/Lithospermum Erythrorhizon Root Oil Ferment Filtrate, Oryza Sativa (Rice) Bran Oil, Pentylene Glycol, Butylene Glycol, Polyglyceryl2 Sesquioleate, Tocopherol, Tremella Fuciformis Polysaccharide, Linalool.",4,265,0.0,3.0,https://www.sephora.com/product/lilah-b-aglow-cleansing-butter-P454771?icid2=products%20grid:p454771,3.0,14.666666666666666
Purity Made Simple® Facial Cleansing Gel & Eye Makeup Remover,philosophy,cleanser,23.0,"Sodium Trideceth Sulfate, Disodium Lauroamphodiacetate, Acrylates Copolymer, Polysorbate 20, Sodium C14-16 Olefin Sulfonate, Glycerin, Cocamidopropyl Betaine, Isopropyl Alcohol, Sodium Sulfate, Limnanthes Alba (Meadowfoam) Seed Oil, Aniba Rosaeodora (Rosewood) Wood Oil, Pelargonium Graveolens Flower Oil, Bulnesia Sarmientoi Wood Oil, Cymbopogon Martini Oil, Rosa Centifolia Flower Oil, Amyris Balsamifera Bark Oil, Santalum Album (Sandalwood) Oil, Salvia Sclarea (Clary) Oil, Ormenis Multicaulis Oil, Acacia Dealbata Flower/Stem Extract, Daucus Carota Sativa (Carrot) Seed Oil, Piper Nigrum (Pepper) Fruit Oil, Disteareth-75 Ipdi, Glycereth-7 Caprylate/Caprate, Potassium Chloride, Hydrogen Peroxide, Magnesium Nitrate, Magnesium Chloride, Sodium Benzotriazolyl Butylphenol Sulfonate, Buteth-3, Tributyl Citrate, Sodium Hydroxide, Sodium Chloride, Disodium Edta, Citric Acid, Linalool, Methylchloroisothiazolinone, Methylisothiazolinone",320,8396,7.5,0.0,https://www.sephora.com/product/purity-made-simple-facial-cleansing-gel-eye-makeup-remover-P303021?icid2=products%20grid:p303021,7.5,3.066666666666667
"EAU FRAÎCHE DOUCEUR Micellar Cleansing Water Face, Eyes, Lips",Lancôme,cleanser,40.0,"Hexylene Glycol, Glycerin, Poloxamer 184, Dihydrocholeth-30, Polyaminopropyl Biguanide, Benzyl Salicylate, Propylene Glycol, Fragrance, Disodium Cocoamphodiacetate, Disodium Edta, Rosa Gallica Extract/ Rosa Gallica Flower Extract",115,4319,0.0,6.7,https://www.sephora.com/product/eau-fraiche-douceur-micellar-cleansing-water-face-eyes-lips-P217935?icid2=products%20grid:p217935,6.7,5.970149253731343
Gentle Rejuvenating Cleanser,Algenist,cleanser,28.0,"Sodium Cocoyl Isethionate, Glyceryl Stearate SE, Stearic Acid, Cocamidopropyl Betaine, Cetyl Alcohol, Dimethicone PEG8 Meadowfoamate, Hamamelis Virginiana Water (Hamamelis Virginiana (Witch Hazel) Water), Algae Exopolysaccharides, Tocopheryl Acetate, Sodium Lauroyl Oat Amino Acids, Camellia Sinensis Leaf Extract, Pyrus Malus Fruit Extract (Pyrus Malus (Apple) Fruit Extract), Citrus Medica Limonum Fruit Extract (Citrus Medica Limonum (Lemon) Fruit Extract), Citrus Aurantium Dulcis Fruit Extract (Citrus Aurantium Dulcis (Orange) Fruit Extract), Saccharum Officinarum Extract (Saccharum Officinarum (Sugar Cane) Extract), Arctostaphylos Uva Ursi Leaf Extract, Glycyrrhiza Glabra Root Extract (Glycyrrhiza Glabra (Licorice) Root Extract), Jojoba Alcohol, Potassium Jojobate, Glycerin, Lauryl Lactyl Lactate, Butylene Glycol, Benzoic Acid, Phenoxyethanol, Caprylyl Glycol, Hexylene Glycol, Sodium Chloride, Xanthan Gum, Ethylhexylglycerin.",237,4701,4.0,0.0,https://www.sephora.com/product/gentle-rejuvenating-cleanser-P296413?icid2=products%20grid:p296413,4.0,7.0
Instant Eye And Lip Makeup Remover,Shiseido,cleanser,30.0,"Sodium Cocoyl Isethionate, Glyceryl Stearate SE, Stearic Acid, Cocamidopropyl Betaine, Cetyl Alcohol, Dimethicone PEG8 Meadowfoamate, Hamamelis Virginiana Water (Hamamelis Virginiana (Witch Hazel) Water), Algae Exopolysaccharides, Tocopheryl Acetate, Sodium Lauroyl Oat Amino Acids, Camellia Sinensis Leaf Extract, Pyrus Malus Fruit Extract (Pyrus Malus (Apple) Fruit Extract), Citrus Medica Limonum Fruit Extract (Citrus Medica Limonum (Lemon) Fruit Extract), Citrus Aurantium Dulcis Fruit Extract (Citrus Aurantium Dulcis (Orange) Fruit Extract), Saccharum Officinarum Extract (Saccharum Officinarum (Sugar Cane) Extract), Arctostaphylos Uva Ursi Leaf Extract, Glycyrrhiza Glabra Root Extract (Glycyrrhiza Glabra (Licorice) Root Extract), Jojoba Alcohol, Potassium Jojobate, Glycerin, Lauryl Lactyl Lactate, Butylene Glycol, Benzoic Acid, Phenoxyethanol, Caprylyl Glycol, Hexylene Glycol, Sodium Chloride, Xanthan Gum, Ethylhexylglycerin.",84,3748,4.2,0.0,https://www.sephora.com/product/instant-eye-lip-makeup-remover-P173629?icid2=products%20grid:p173629,4.2,7.142857142857142
Makeup-Removing Cleansing Cloths,Primera,cleanser,26.0,"Cyclopentasiloxane, Cyclohexasiloxane, Butylene Glycol, Cetyl Ethylhexanoate, Diethoxyethylsuccinate,Poloxamer 184, Octyldodecanol, Phenoxyethanol, Fragrance / Parfum, Olea Europaea (Olive) Fruit Oil,Ethylhexylglycerin, Melia Azadirachta Extract, Brassica Oleracea Italica (Broccoli) Extract, Bht, Tocopherol,Phyllanthus Emblica Extract, Fragaria Vesca (Strawberry) Leaf Extract, Helianthus Annuus (Sunflower) Extract,Brassica Oleracea Gemmifera (Brussels Sprouts) Extract, Borago Officinalis Extract, Maltodextrin, Aloe Barbadensisleaf Extract.",8,729,0.0,0.0,https://www.sephora.com/product/primera-makeup-removing-cleansing-cloths-P447601?icid2=products%20grid:p447601,4.92609452736319,5.278014836210851
Meltdown Makeup Remover Dissolving Spray,Urban Decay,cleanser,26.0,"Cyclopentasiloxane, Caprylyl Methicone, Tocopheryl Acetate.",124,9950,0.0,3.38,https://www.sephora.com/product/meltdown-makeup-remover-dissolving-spray-P418593?icid2=products%20grid:p418593,3.38,7.6923076923076925
Complete Cleansing Microfoam,Shiseido,cleanser,36.0,"Water(Aqua/Eau), Glycerin, Sodium Laureth Sulfate, Cocamidopropyl Betaine, Peg8 Glyceryl Isostearate, Peg/Ppg14/7 Dimethyl Ether, Ethylhexylglycerin, Triethylhexanoin, Sodium Methyl Cocoyl Taurate, Butylene Glycol, Alcohol Denat., Sodium Citrate, Sodium Benzoate, Phenoxyethanol, Fragrance (Parfum), Citric Acid, Disodium Edta, Bht, Linalool, Oryza Sativa (Rice) Germ Oil, Alcohol, Tocopherol, Hamamelis Virginiana (Witch Hazel) Leaf Extract, Betaine, Hydrolyzed Silk.",0,248,6.0,0.0,https://www.sephora.com/product/shiseido-complete-cleansing-microfoam-P455421?icid2=products%20grid:p455421,6.0,6.0
Aburatorigami Japanese Blotting Papers,Tatcha,cleanser,12.0,"Abaca Leaf, Gold Flakes.",289,25505,0.0,0.0,https://www.sephora.com/product/aburatorigami-japanese-blotting-papers-P382357?icid2=products%20grid:p382357,4.92609452736319,2.436006847481931
Fresh Calming Toner,LANEIGE,cleanser,27.0,"Propanediol, 1,2Hexanediol, Ppg13Decyltetradeceth24, Butylene Glycol, Sea Water / Maris Aqua / Eau De Mer, Ethylhexylglycerin, Disodium Edta, Litchi Chinensis Pericarp Extract, Tocopherol.",51,8374,0.0,0.0,https://www.sephora.com/product/fresh-calming-toner-P436653?icid2=products%20grid:p436653,4.92609452736319,5.481015406834345
Gentle Cleansing Water,Sulwhasoo,cleanser,38.0,"Water / Aqua / Eau, Butylene Glycol, Polyglyceryl6 Caprylate, Polyglyceryl10 Laurate, Glycereth26,1,2Hexanediol, Polyglyceryl10 Diisostearate, Fragrance / Parfum, Disodium Edta, Ethylhexylglycerin, Limonene,Linalool, Coix LacrymaJobi MaYuen Seed Extract, Citrus Unshiu Peel Extract, Castanea Crenata (Chestnut) Shellextract, Potassium Hydroxide, Acetic Acid, Nelumbo Nucifera Flower Extract, Spirodela Polyrrhiza Extract,Tocopherol, Phyllostachis Bambusoides Juice.",1,304,6.76,0.0,https://www.sephora.com/product/gentle-cleansing-water-P448919?icid2=products%20grid:p448919,6.76,5.621301775147929
Miel-En-Mousse Foaming Cleansing Makeup Remover with Acacia Honey,Lancôme,cleanser,40.0,"Glycerin, Sodium Laureth Sulfate, CocoBetaine, PEG7 Glyceryl Cocoate, Honey, CI 19140 (Yellow 5), Sodium Chloride, Sodium Benzoate, PEG55 Propylene Glycol Oleate, Polyquaternium7, Salicylic Acid, Nelumbo Nucifera Flower Extract, Limonene, Linalool, Propylene Glycol, Sorbitol, Rosa Gallica Flower Extract, Citric Acid, Prunus Amygdalus Dulcis Oil/Sweet Almond Oil, Fragrance.",99,2918,6.7,0.0,https://www.sephora.com/product/miel-en-mousse-foaming-cleansing-makeup-remover-with-acacia-honey-P422070?icid2=products%20grid:p422070,6.7,5.970149253731343
Glycolic Facial Cleanser,Anthony,cleanser,30.0,"Cocoamidopropyl Oxide, Glycerin, Cetyl Alcohol, Stearyl Alcohol, Potassium Hydroxide, Sodium Phytate, Citrus Grandis Peel Oil, Citrus Noblis Peel Oil, Ascorbic Acid, Tocopheryl Acetate, Retinyl Acetate, Methylchloroisothiazolinone, Methylisothiazolione, Calendula Officinalis Flower Extract, Anthemis Noblis Flower Extract.",223,4414,0.0,8.0,https://www.sephora.com/product/glycolic-facial-cleanser-P9038?icid2=products%20grid:p9038,8.0,3.75
Kate's Mini Must Haves,Kate Somerville,cleanser,55.0,"Isopropyl Alcohol, Camphor, Magnesium Aluminum Silicate, Salicylic Acid, Iron Oxides (CI 77489, CI 77491, CI 77492, CI 77499), Zinc Oxide (CI 77947).",5,4536,0.0,0.0,https://www.sephora.com/product/kate-s-mini-must-haves-P435810?icid2=products%20grid:p435810,4.92609452736319,11.165031384292185
Purity Made Simple Micellar Cleansing Water,philosophy,cleanser,22.0,"Poloxamer 184, Phenoxyethanol, Ppg1Peg9 Lauryl Glycol Ether, Sodium Pca, Disodium Lauroamphodiacetate, Sodium Trideceth Sulfate, Chlorphenesin, Tetrasodium EDTA, Hexylene Glycol, Citric Acid, Sodium Chloride, Panthenol, Isopropyl Alcohol, BHT, Pantolactone.",16,1895,0.0,6.7,https://www.sephora.com/product/purity-made-simple-micellar-cleansing-water-P433146?icid2=products%20grid:p433146,6.7,3.2835820895522385
The Balance pH Balancing Gel Cleanser,BeautyBio,cleanser,35.0,"Disodium Laureth Sulfosuccinate, Glycerin, Sodium Cocoyl Isethionate, Xanthan Gum, Cocamidopropyl Betaine, Sodium Lauroamphoacetate, Sodium Methyl Cocoyl Taurate, Avena Sativa (Oat) Kernel Extract, Bisabolol, Zingiber Officinale (Ginger) Root Extract, Phenoxyethanol, Caprylyl Glycol, Fragrance, Chlorphenesin, Citric Acid, Disodium Edta.",32,4074,6.0,0.0,https://www.sephora.com/product/the-balance-ph-balancing-gel-cleanser-P438643?icid2=products%20grid:p438643,6.0,5.833333333333333
Ultra Facial Oil-Free Cleanser,Kiehl's Since 1851,cleanser,21.0,"Water,Glycerin,Myristic Acid,Palmitic Acid,Stearic Acid,Potassium Hydroxide,Lauric Acid,Glyceryl Distearate,Glyceryl Stearate,Kaolin,Imperata Cylindrica Root Extract,Tetrasodium Edta,Lemon Fruit Extract,Peg14m,Pseudoalteromonas Ferment Extract,Methylisothiazolinone,Caprylyl Glycol,Carbomer,Acrylates/C1030 Alkyl Acrylate Crosspolymer.",37,2199,5.0,0.0,https://www.sephora.com/product/ultra-facial-oil-free-cleanser-P422008?icid2=products%20grid:p422008,5.0,4.2
Hydra Life Lotion To Foam Fresh Cleanser,Dior,cleanser,43.0,"Water,Glycerin,Myristic Acid,Palmitic Acid,Stearic Acid,Potassium Hydroxide,Lauric Acid,Glyceryl Distearate,Glyceryl Stearate,Kaolin,Imperata Cylindrica Root Extract,Tetrasodium Edta,Lemon Fruit Extract,Peg14m,Pseudoalteromonas Ferment Extract,Methylisothiazolinone,Caprylyl Glycol,Carbomer,Acrylates/C1030 Alkyl Acrylate Crosspolymer.",17,1293,6.3,0.0,https://www.sephora.com/product/hydra-life-lotion-to-foam-fresh-cleanser-P417608?icid2=products%20grid:p417608,6.3,6.825396825396826
The Cleansing Oil,La Mer,cleanser,95.0,"Caprylic/Capric Triglyceride , Polysorbate 85 , Isononyl Isononanoate , Squalane , C1215 Alkyl Benzoate , Declustered Water (+)\Aqua\Eau DeStructuree (+) , Sorbitan Trioleate , Algae (Seaweed) Extract , Sesamum Indicum (Sesame) Seed Oil , Medicago Sativa (Alfalfa) Seed Powder , Helianthus Annuus (Sunflower) Seedcake , Prunus Amygdalus Dulcis (Sweet Almond) Seed Meal , Eucalyptus Globulus (Eucalyptus) Leaf Oil , Sodium Gluconate , Copper Gluconate , Calcium Gluconate , Magnesium Gluconate , Zinc Gluconate , Tocopheryl Succinate , Niacin , Sesamum Indicum (Sesame) Seed Powder , Laminaria Digitata Extract , Crithmum Maritimum Extract , Chlorella Vulgaris Extract , Vitis Vinifera (Grape) Seed Oil , Sea Salt\Maris Sal\Sel Marin , Pearl Powder , Plankton Extract , Tocopheryl Acetate , Tourmaline , Glycerin , Neopentyl Glycol Dicaprate , Silica , Isopropyl Palmitate , Quaternium90 Bentonite , Propylene Carbonate , Fragrance (Parfum) , Benzyl Salicylate , Linalool , Butylphenyl Methylpropional , Benzyl Benzoate , Limonene , AlphaIsomethyl Ionone , Mica , Green 6 (Ci 61565) , Violet 2 (Ci 60725) , Titanium Dioxide (Ci 77891).",25,2627,6.7,0.0,https://www.sephora.com/product/the-cleansing-oil-P424126?icid2=products%20grid:p424126,6.7,14.17910447761194
Matcha Cleanser Mini,MILK MAKEUP,cleanser,15.0,"Butylene Glycol, Sodium Stearate, BisPEG18 Methyl Ether Dimethyl Silane, Glycerin, Sodium C14C16 Olefin Sulfonate, Lavandula Angustifolia (Lavender) Flower Cocamidopropyl Betaine, Quaternium90 Sepiolite, Stearic Acid, Phenoxyethanol, Sodium Polyacrylate, Lactobacillus/Leuconostoc/Acetobacter/Kluyveromyces/Saccharomyces, Camellia Sinensis Leaf Powder, Laminaria (Algae) Extract, Macrocystis Pyrifera Extract, Quaternium90 Montmorillonite, Chlorphenesin, Fragrance, Yellow 5/CI 19140, Green 3/CI 42053.",4,855,0.0,0.0,https://www.sephora.com/product/milk-makeup-matcha-cleanser-mini-P452904?icid2=products%20grid:p452904,4.92609452736319,3.0450085593524143
Balancing Cleanser,Alpha-H,cleanser,44.0,"Ethylhexyl Palmitate, Aloe Barbadensis (Aloe) Leaf Extract, Sorbitan Stearate, Glyceryl Stearate, C1215 Alkyl Benzoate, Cetyl Alcohol, Lauryl Glucoside, Phenoxyethanol, Caprylyl Glycol, Tocopheryl Acetate, Citric Acid, Glycerin, Fragrance.",10,392,6.25,0.0,https://www.sephora.com/product/balancing-cleanser-P442546?icid2=products%20grid:p442546,6.25,7.04
Radiance Foaming Milk Cleanser,Clarisonic Skincare,cleanser,19.0,"Ethylhexyl Palmitate, Aloe Barbadensis (Aloe) Leaf Extract, Sorbitan Stearate, Glyceryl Stearate, C1215 Alkyl Benzoate, Cetyl Alcohol, Lauryl Glucoside, Phenoxyethanol, Caprylyl Glycol, Tocopheryl Acetate, Citric Acid, Glycerin, Fragrance.",19,1691,4.0,0.0,https://www.sephora.com/product/radiance-foaming-milk-cleanser-P427399?icid2=products%20grid:p427399,4.0,4.75
Clarifying Lotion 4,CLINIQUE,cleanser,17.0,"Alcohol Denat. , Salicylic Acid , Hamamelis Virginiana (Witch Hazel) , Butylene Glycol , Glycerin , Trehalose , Sodium Hyaluronate , Sodium Hydroxide , Disodium EdtaCopper , Bht , Phenoxyethanol , Benzophenone4 , Green 5 (Ci 61570) <iln37005></iln37005>",217,4358,0.0,6.7,https://www.sephora.com/product/clarifying-lotion-4-P122876?icid2=products%20grid:p122876,6.7,2.5373134328358207
Cleansing Milk with Alpine Herbs,Clarins,cleanser,33.0,"Caprylic/Capric Triglyceride, Octyldodecanol, Glycerin, Polysorbate 60, Phenoxyethanol, AlphaGlucan Oligosaccharide, Parfum/Fragrance, Acrylates/C1030 Alkyl Acrylate Crosspolymer, Cetearyl Alcohol, Cetearyl Alcohol, Tromethamine, Propylene Glycol, Cetearyl Glucoside, Ethylparaben, Methylparaben, Limonene, Disodium Edta, Tocopheryl Acetate, Linalool, Retinyl Palmitate, Helianthus Annuus (Sunflower) Seed Oil, Benzyl Benzoate, Hydroxycitronellal, Linum Usitatissimum (Linseed) Seed Extract, Benzyl Salicylate, Methylisothiazolinone, AlphaIsomethyl Ionone, Benzyl Alcohol, Eugenol, Anyl Cinnamal, Anise Alcohol, Xanthan Gum, Gentiana Lutea Root Extract, Citronellol, Geraniol, Citral, Althaea Officinalis Root Extract, Prunus Amygdalus Dulcis (Sweet Almond) Fruit Extract, Arnica Montana Flower Extract, Hypericum Perforatum Flower/Leaf/Stem Extract, Juniperus Communis Fruit Extract, Melissa Officinalis Leaf Extract, Pinus Sylvestris Cone Extract, Bht, Potassium Sorbate Ci 42090 Blue 1, Ci 19140/Yellow 5",99,3638,6.9,0.0,https://www.sephora.com/product/cleansing-milk-with-alpine-herbs-P93224?icid2=products%20grid:p93224,6.9,4.782608695652174
Rose Sugar Scrub,Lancôme,cleanser,25.0,"Glycerin,Propylene Glycol,Sucrose,Mel / Honey,Ci 14700 / Red 4,Ci 17200 / Red 33,Sodium Hyaluronate,Argania Spinosa Shell Powder,Peg30 Dipolyhydroxystearate,Arginine,Triethanolamine,Trideceth6,Salicylic Acid,Panthenol,Propanediol,Acrylates/C1030 Alkyl Acrylate Crosspolymer,Rosa Damascena Flower Water,Citric Acid,Prunus Amygdalus Dulcis Oil / Sweet Almond Oil,Fragrance.",25,4140,3.34,0.0,https://www.sephora.com/product/rose-sugar-scrub-P433461?icid2=products%20grid:p433461,3.34,7.485029940119761
Blue Astringent Herbal Lotion,Kiehl's Since 1851,cleanser,18.0,"Alcohol Denat., Aluminum Chlorohydrate, Peg60 Hydrogenated Castor Oil, Sodium PCA, Fragrance, Camphor, Menthol, Hamamelis Virginiana / Witch Hazel Limonene, Citral, Aloe Barbadensis / Aloe Barbadensis Leaf Juice, Ci 42090 / Blue 1.",38,2776,8.4,0.0,https://www.sephora.com/product/blue-astringent-herbal-lotion-P422020?icid2=products%20grid:p422020,8.4,2.142857142857143
Aglow™ Cleansing Butter Mini,lilah b.,cleanser,14.0,"Alcohol Denat., Aluminum Chlorohydrate, Peg60 Hydrogenated Castor Oil, Sodium PCA, Fragrance, Camphor, Menthol, Hamamelis Virginiana / Witch Hazel Limonene, Citral, Aloe Barbadensis / Aloe Barbadensis Leaf Juice, Ci 42090 / Blue 1.",0,771,0.0,0.3,https://www.sephora.com/product/lilah-b-aglow-cleansing-butter-mini-P455191?icid2=products%20grid:p455191,0.3,46.66666666666667
Intensive Moisture Cleanser,Dermalogica,cleanser,39.0,"Glycerin, Caprylic/Capric Triglyceride. Sodium Cocoyl Isethionate, Sodium Lauroyl Glutamate, Divinyldimethicone/Dimethicone Copolymer, Sodium Astrocaryum Murumuruate, Ceramide NP, Phytosterols, Palmitic Acid, Stearic Acid, Hydrogenated Coconut Acid, Hydrolyzed Cottonseed Protein, Citrus Aurantium Dulcis (Orange) Peel Oil, Tocopherol, Xanthan Gum, Dimethicone, Butyrospermum Parkii (Shea) Butter, Carthamus Tinctorius (Safflower) Seed Oil, C1213 Pareth3, Prunus Amygdalus Dulcis (Sweet Almond) Oil, Tetrasodium Glutamate Diacetate, Caprylyl Glycol, Citrus Paradisi (Grapefruit) Peel Oil, Citrus Reticulata (Tangerine) Leaf Oil, Myristic Acid, Trideceth12, Jasminum Officinale (Jasmine) Oil, Linoleic Acid, Amyris Balsamifera Bark Oil, Cananga Odorata Flower Oil, Citrus Limon (Lemon) Peel Oil, Cymbopogon Martini Oil, Eugenia Caryophyllus (Clove) Leaf Oil, Pelargonium Graveolens Flower Oil, Salvia Sclarea (Clary) Oil, Citrus Limon (Lemon) Fruit Extract, Decyl Glucoside, Canarium Luzonicum Gum Nonvolatiles, Citrus Aurantium Dulcis (Orange) Flower Oil, Guaiacum Officinale Wood Oil, Rosa Damascena Flower Oil, Zingiber Officinale (Ginger) Root Oil, Disodium EDTA, Equisetum Arvense Extract, Humulus Lupulus (Hops) Extract, Pinus Sylvestris Cone Extract, Rosmarinus Officinalis (Rosemary) Leaf Extract, Hexylene Glycol, Linolenic Acid, Pentylene Glycol, Aminomethyl Propanol, Sodium Chloride, Sodium, Isethionate, Propanediol, Butylene Glycol, Polysilicone11, Sodium Hydroxide, Ethylhexylglycerin, Acrylates/C1030 Alkyl Acrylate Crosspolymer, PEG12 Dimethicone, Limonene, Phenoxyethanol.",4,573,5.1,0.0,https://www.sephora.com/product/intensive-moisture-cleanser-P445822?icid2=products%20grid:p445822,5.1,7.647058823529412
Clear Skin Days by Sephora Collection Clarifying Cleanser + Mask,SEPHORA COLLECTION,cleanser,11.0,"Glycerin, Caprylic/Capric Triglyceride. Sodium Cocoyl Isethionate, Sodium Lauroyl Glutamate, Divinyldimethicone/Dimethicone Copolymer, Sodium Astrocaryum Murumuruate, Ceramide NP, Phytosterols, Palmitic Acid, Stearic Acid, Hydrogenated Coconut Acid, Hydrolyzed Cottonseed Protein, Citrus Aurantium Dulcis (Orange) Peel Oil, Tocopherol, Xanthan Gum, Dimethicone, Butyrospermum Parkii (Shea) Butter, Carthamus Tinctorius (Safflower) Seed Oil, C1213 Pareth3, Prunus Amygdalus Dulcis (Sweet Almond) Oil, Tetrasodium Glutamate Diacetate, Caprylyl Glycol, Citrus Paradisi (Grapefruit) Peel Oil, Citrus Reticulata (Tangerine) Leaf Oil, Myristic Acid, Trideceth12, Jasminum Officinale (Jasmine) Oil, Linoleic Acid, Amyris Balsamifera Bark Oil, Cananga Odorata Flower Oil, Citrus Limon (Lemon) Peel Oil, Cymbopogon Martini Oil, Eugenia Caryophyllus (Clove) Leaf Oil, Pelargonium Graveolens Flower Oil, Salvia Sclarea (Clary) Oil, Citrus Limon (Lemon) Fruit Extract, Decyl Glucoside, Canarium Luzonicum Gum Nonvolatiles, Citrus Aurantium Dulcis (Orange) Flower Oil, Guaiacum Officinale Wood Oil, Rosa Damascena Flower Oil, Zingiber Officinale (Ginger) Root Oil, Disodium EDTA, Equisetum Arvense Extract, Humulus Lupulus (Hops) Extract, Pinus Sylvestris Cone Extract, Rosmarinus Officinalis (Rosemary) Leaf Extract, Hexylene Glycol, Linolenic Acid, Pentylene Glycol, Aminomethyl Propanol, Sodium Chloride, Sodium, Isethionate, Propanediol, Butylene Glycol, Polysilicone11, Sodium Hydroxide, Ethylhexylglycerin, Acrylates/C1030 Alkyl Acrylate Crosspolymer, PEG12 Dimethicone, Limonene, Phenoxyethanol.",38,3416,5.1,0.0,https://www.sephora.com/product/clear-skin-days-by-sephora-collection-clarifying-cleanser-mask-P448487?icid2=products%20grid:p448487,5.1,2.1568627450980395
Advanced Night Micro Cleansing Balm,Estée Lauder,cleanser,47.0,"Advanced Night Micro Cleansng Balm   Division: El (Estee Lauder)Ingredients: Ethylhexyl Palmitate , Carthamus Tinctorius (Safflower) Seed Oil , Caprylic/Capric Triglyceride , Sorbeth30 Tetraoleate , Polyethylene , Peg5 Glyceryl Triisostearate , Silybum Marianum (Lady'S Thistle) Extract , Polygonum Cuspidatum Root Extract , Algae Extract , Anthemis Nobilis (Chamomile) , Lavandula Angustifolia (Lavender) , Methyldihydrojasmonate , Tocopherol , Bht , Linalool , Phenoxyethanol <iln41968></iln41968>",53,4351,2.5,0.0,https://www.sephora.com/product/advanced-night-micro-cleansing-balm-P406529?icid2=products%20grid:p406529,2.5,18.8
Cleansing Wipes - Pomegranate - Energizing,SEPHORA COLLECTION,cleanser,8.0,"<div arialabelledby=""tab2"" class=""css1rny024"" hidden="""" id=""tabpanel2"" role=""tabpanel"" tabindex=""0""><p class=""css189uj0g"" datacomp=""Text Box "">Get more information about<! > </p><div class=""cssk13wt5"" datacomp=""Link Box "">shipping rates, schedules, methods and restrictions</div>.<p class=""css1khw9z2"" datacomp=""Text Box "">If you are not completely satisfied with an online purchase or gift, you may return your U.S.or Canadian purchase in stores or by mail. Restrictions apply for returns made outside the U.S.</p></div>",3,0,0.0,0.0,https://www.sephora.com/product/cleansing-wipes-pomegranate-energizing-P433304?icid2=products%20grid:p433304,4.92609452736319,1.6240045649879542
MattEffect Blotting Perfector,Murad,cleanser,39.0,"Polysilicone11, HDI/Trimethylol Hexyllactone Crosspolymer, Polymethyl Methacrylate, Glycerin, Salicylic Acid, Niacinamide, Montmorillonite, Urea, Yeast Amino Acids, Trehalose, Inositol, Taurine, Betaine, Punica Granatum Extract, Tocopherol, Cetearyl Alcohol, Ceteth20 Phosphate, Dicetyl Phosphate, Silica, Polydextrose, Dextrin, Amylopectin, Xanthan Gum, Laureth12, Sodium Hydroxide, Butylene Glycol, Disodium EDTA, Sodium Benzotriazolyl Butylphenol Sulfonate, Benzyl Alcohol, Benzoic Acid, Dehydroacetic Acid, Ethylhexylglycerin, Phenoxyethanol, Fragrance, Linalool, Benzyl Salicylate, Red 40 (CI 16035).",132,9049,0.4,0.0,https://www.sephora.com/product/matteffect-blotting-perfector-P415704?icid2=products%20grid:p415704,0.4,97.5
Byron 2-in-1 Mask + Scrub,Dr Roebuck's,cleanser,30.0,"Glycerin, Cetearyl Alcohol, PEG20 Stearate, Jojoba Esters, Macadamia Ternifolia Seed Oil, Kaolin, Glyceryl Caprylate, Tocopheryl Acetate, Camellia Sinensis Leaf Extract, Mentha Piperita (Peppermint) Oil, Citrus Grandis (Grapefruit) Peel Oil.",74,4130,1.69,0.0,https://www.sephora.com/product/byron-2-in-1-mask-scrub-P430825?icid2=products%20grid:p430825,1.69,17.75147928994083
Oil and Water Double Cleanser,The INKEY List,cleanser,9.99,"Water (Aqua), Prunus Amygdalus Dulcis (Sweet Almond) Oil, Isopropyl Palmitate, Isododecane, Hydrogenated Tetradecenyl/ Methylpentadecene, Hippophae Rhamnoides (Seabuckthorn) Fruit Oil, Panthenol, Disodium Phosphate, Phenoxyethanol, Sodium Chloride, Glycerin, Gluconolactone, Sodium Benzoate, Trisodium Ethylenediamine Disuccinate, Citric Acid, Avena Strigosa Seed Extract, Lecithin, Calcium Gluconate, Potassium Sorbate.",40,1327,5.0,0.0,https://www.sephora.com/product/oil-water-double-cleanser-P447779?icid2=products%20grid:p447779,5.0,1.998
Ultimate Miracle Worker Multi-Rejuvenating Retinol + Superfood Oil and Pads,philosophy,cleanser,75.0,"Cyclopentasiloxane, Dimethicone, Tetrahexyldecyl Ascorbate, Caprylic/Capric Glycerides, Argania Spinosa Kernel Oil, Tocopheryl Acetate, Bisabolol, C1215 Alkyl Benzoate, Squalene, Plukenetia Volubilis Seed Oil, Retinol, Bht, Cocos Nucifera (Coconut) Oil, Medicago Sativa (Alfalfa) Extract, Olea Europaea (Olive) Fruit Oil, Carthamus Tinctorius (Safflower) Seed Oil, Orchis Mascula Flower Extract, Punica Granatum Seed Oil, Farnesol, Tocopherol.",27,2591,2.0,0.0,https://www.sephora.com/product/ultimate-miracle-worker-multi-rejuvenating-retinol-superfood-oil-pads-P422230?icid2=products%20grid:p422230,2.0,37.5
Fresh Pressed 7-day System with Pure Vitamin C,CLINIQUE,cleanser,28.0,"Maltodextrin, Sodium Lauryl Sulfoacetate, Sodium Cocoyl Isethionate, Sodium Methyl Cocoyl Taurate, Kaolin, Ascorbic Acid, Sodium Chloride, Sapindus Mukurossi Peel Extract, Salicylic Acid, Allyl Methacrylates Crosspolymer, Cyclodextrin, Coconut Acid, Ethylbisiminomethylguaiacol Manganese Chloride, Disodium Edta.",49,6707,0.0,0.0,https://www.sephora.com/product/fresh-pressed-7-day-system-with-pure-vitamin-c-P417617?icid2=products%20grid:p417617,4.92609452736319,5.68401597745784
Dr. Andrew Weil For Origins™ Mega-Bright Skin Illuminating Cleanser,Origins,cleanser,34.0,"Myristic Acid, Glycerin, Behenic Acid, Palmitic Acid, Potassium Hydroxide, Sodium Methyl Cocoyl Taurate, Lauric Acid, Stearic Acid, Citrus Aurantium Dulcis (Orange) Peel Oil*, Pelargonium Graveolens Oil*, Cananga Odorata Flower Oil*, Eugenia Caryophyllus (Clove) Bud Oil*, Rosa Damascena Flower Oil*, Jasminum Officinale (Jasmine) Oil*, Viola Odorata Flower/Leaf Extract, Polianthes Tuberosa Extract, Citronellol, Rosa Roxburghii Fruit Extract, Peg3 Distearate, Butylene Glycol, Sodium Hyaluronate, Phenoxyethanol, Methylchloroisothiazolinone, Methylisothiazolinone. *Essential Oil.",43,2957,5.0,0.0,https://www.sephora.com/product/dr-andrew-weil-for-origins-skin-illuminating-cleanser-P379852?icid2=products%20grid:p379852,5.0,6.8
C.E.O. Vitamin C + E Cleansing Oil,SUNDAY RILEY,cleanser,38.0,"Isoamyl Laurate, Sorbitan Oleate, Isostearyl Isostearate, Triethylhexanoin, PEG10 Laurate, Caprylic/Capric Triglyceride, Aqua (Water), Decyl Glucoside, Propanediol, Polyglyceryl2 Caprate, Squalane, Methylpropanediol, Citrus Reticulata (Tangerine) Peel Oil, Sodium Phytate, C30 Hydrocarbons, Phenoxyethanol, Tocopherol, Microcitrus Australasica (Lime Pearl) Fruit Extract, Salix Alba (Willow) Bark Extract, Curcuma Longa (Turmeric) Root Extract, Butyrospermum Parkii (Shea) Butter Extract, Alcohol Denat., Rosa Canina (Rosehips) Fruit Extract, Citrus Tangerina (Tangerine) Extract, Oenothera Biennis (Evening Primrose) Seed Extract, Nasturtium Officinale (Watercress) Extract, Camellia Sinensis (White Tea) Leaf Extract, Tetrahexyldecyl Ascorbate, Caprylyl Glycol.",124,8572,3.4,0.0,https://www.sephora.com/product/c-e-o-c-e-mico-dissolve-cleansing-oil-P418347?icid2=products%20grid:p418347,3.4,11.176470588235295
Gentle Cleanser for Sensitive Skin,KORA Organics,cleanser,30.0,"Aloe Barbadensis (Aloe Vera) Leaf Juice, Glycerin, Macadamia Ternifolia (Macadamia Nut) Oil, Cetearyl Alcohol, Stearic Acid, Dicaprylyl Ether, Potassium Olivoyl Hydrolyzed Wheat Protein, Helianthus Annuus (Sunflower) Seed Oil, Glyceryl Oleate, Glyceryl Stearate, Xanthan Gum, Persea Gratissima (Avocado) Oil, Rosa Canina (Rosehip) Seed Oil, Morinda Citrifolia Fruit Extract , Benzyl Alcohol, Calendula Officinalis Flower Extract, Camellia Sinensis Leaf Extract, Chamomilla Recutita (Matricaria) Flower Extract, Rosa Centifolia Flower Extract, Cedrus Atlantica (Cedarwood) Oil, Alpha Bisabolol, Tocopherol, BetaSitosterol, Ascorbyl Palmitate, Olea Europaea (Olive) Fruit Oil, Squalene, Lecithin, Quartz, Dehydroacetic Acid,  Citric Acid, Lactic Acid, Sodium Benzoate, Potassium Sorbate.",35,3184,3.38,0.0,https://www.sephora.com/product/gentle-cleanser-for-sensitive-skin-P423734?icid2=products%20grid:p423734,3.38,8.875739644970414
Pore Cleaner Foam Cleanser,belif,cleanser,20.0,Dandelion Extract: Antioxidant known for its soothing properties.,56,4466,5.06,0.0,https://www.sephora.com/product/pore-cleaner-foam-cleanser-P431843?icid2=products%20grid:p431843,5.06,3.9525691699604746
Acne Solutions™ Cleansing Gel,CLINIQUE,cleanser,22.0,"Glycerin , Sodium Laureth Sulfate , Sodium Chloride , Lauramidopropyl Betaine , Butylene Glycol , Sucrose , Gentiana Lutea (Gentian) Root Extract , Laminaria Saccharina Extract , Caffeine , Sodium Hyaluronate , Acetyl Glucosamine , Laureth2 , Peg120 Methyl Glucose Dioleate , Sodium Sulfate , Benzophenone4 , Sodium Hydroxide , Edta , Disodium Edta , Bht , Phenoxyethanol , Blue 1 (Ci 42090).",68,4436,4.2,0.0,https://www.sephora.com/product/acne-solutions-cleansing-gel-P393501?icid2=products%20grid:p393501,4.2,5.238095238095238
Refreshing Gel Cleanser,Clarisonic Skincare,cleanser,19.0,"Glycerin, CocoBetaine, Sodium Cocoyl Glycinate, PEG120, Methyl Glucose Dioleate, Sodium Chloride Dipropylene Glycol, Lauric Acid, Triethanolamine, Phenoxyethanol, Fragrance, Caprylyl Glycol, Linalool, Limonene, Benzyl Benzoate, Tetrasodium EDTA, Argilla/Magnesium Aluminum Silicate.",16,1228,4.0,0.0,https://www.sephora.com/product/refreshing-gel-cleanser-P427400?icid2=products%20grid:p427400,4.0,4.75
Hydra Life Oil To Milk Makeup Removing Cleanser,Dior,cleanser,43.0,Sweet Almond Oil.,40,2778,6.7,0.0,https://www.sephora.com/product/hydra-life-oil-to-milk-makeup-removing-cleanser-P417610?icid2=products%20grid:p417610,6.7,6.4179104477611935
Bright Skin Exfoliating Scrub,SEPHORA COLLECTION,cleanser,13.0,"Aqua (Water), Glycerin, Kaolin, Cocos Nucifera (Coconut) Shell Powder, Glyceryl Stearate, Glyceryl Stearate Citrate, C1018 Triglycerides, Volcanic Sand, Cetearyl Alcohol, Decyl Glucoside, Butyrospermum Parkii Butter (Butyrospermum Parkii (Shea Butter)), Sclerocarya Birrea Seed Oil, Glyceryl Oleate Citrate, CI 77499 (Iron Oxides), Microcrystalline Cellulose, CocoCaprylate/Caprate, Hydroxyacetophenone, Butylene Glycol, Chondrus Crispus (Chondrus Crispus (Carrageenan)), Sodium Polyacrylate, Parfum (Fragrance), Cetearyl Glucoside, Passiflora Edulis Extract, Xanthan Gum, Citric Acid, Sodium Hydroxide, OCymen5Ol, Tocopherol, Helianthus Annuus (Sunflower) Seed Oil.",22,2325,1.69,0.0,https://www.sephora.com/product/bright-skin-exfoliating-scrub-P445727?icid2=products%20grid:p445727,1.69,7.6923076923076925
Gentle Buffing Cream,Caudalie,cleanser,35.0,"Hexyldecyl Stearate*, Cellulose*, Hydrogenated Jojoba Oil*, Glycerin*, Vitis Vinifera (Grape) Seed Oil*, Mel (Honey), C1422 Alcohols*, Potassium Cetyl Phosphate, Myristyl Alcohol*, Sodium Acrylates Copolymer, Caprylyl Glycol, Parfum (Fragrance), Hydrogenated Polyisobutene, Benzyl Alcohol , C1220 Alkyl Glucoside*, Xanthan Gum, Helianthus Annuus (Sunflower) Seed Oil*, Myristyl Glucoside*, Butylene Glycol, Phospholipids*, Polyglyceryl10 Stearate*, Tocopherol*, Glycyrrhiza Glabra (Licorice) Root Extract*, Dehydroacetic Acid, Glucose*, Benzyl Benzoate, Hexyl Cinnamal, Limonene, Linalool. *Plant Origin.",218,6602,2.5,0.0,https://www.sephora.com/product/gentle-buffing-cream-P6028?icid2=products%20grid:p6028,2.5,14.0
Skin Resurfacing Cleanser,Dermalogica,cleanser,45.0,"Sodium Laureth Sulfate, Lactic Acid, PPG2 Hydroxyethyl Cocamide, Cocamidopropyl Betaine, Polyacrylate1 Crosspolymer, Glycol Distearate, Caprylic/Capric Triglyceride, Tocopheryl Acetate, Sodium Hydroxide, Disodium EDTA, Phenoxyethanol, Caprylyl Glycol, Ethylhexyl Glycerin, Hexylene Glycol, Titanium Dioxide (CI 77891), Citronellol, Eugenol, Geraniol, Limonene, Linalool, Citrus Medica Limonum (Lemon) Peel Extract, Helianthus Annuus (Sunflower) Seed Oil, Rose Damascena Flower Oil, Eugenia Caryophyllus (Clove) Flower Oil, Aniba Rosaeodora (Rosewood) Wood Oil, Citrus Medica Limonum (Lemon) Peel Oil, Pelargonium Graveolens Oil, Cymbopogon Martini Oil, Eucalyptus Citriodora Oil.",19,2484,5.1,0.0,https://www.sephora.com/product/skin-resurfacing-cleanser-P423690?icid2=products%20grid:p423690,5.1,8.823529411764707
Astringent Toner Pads,Anthony,cleanser,28.0,"Aqua (Eau), Alcohol Denat., Hamamelis Virginiana (Witch Hazel) Butylene Glycol, Glycerin, Polysorbate 20, Potassium Azeloyl Diglycinate, Citrus Aurantium Dulcis (Orange) Peel Oil, Mentha Arvensis Leaf Oil, Rosmarinus Officinalis (Rosemary) Leaf Oil, Eucalyptus Globulus Leaf Oil, Mentha Viridis (Spearmint) Leaf Oil, Ocimum Basilicum (Basil) Oil, Aloe Barbadensis Leaf Juice Powder, Avena Sativa (Oat) Kernel Extract, Panthenol, Sodium Hyaluronate, BetaGlucan, Caprylyl Glycol, Allantoin, Dipropylene Glycol, Isopentyldiol, Tetrasodium EDTA, Phenoxyethanol, Diazolidinyl Urea, DMDM Hydantoin, Iodopropynyl Butylcarbamate, Citral, Limonene, Linalool, CI 19140 (Yellow 5), CI 42090 (Blue 1).",108,3449,0.0,0.0,https://www.sephora.com/product/astringent-toner-pads-P189131?icid2=products%20grid:p189131,4.92609452736319,5.68401597745784
Perfectly Clean Triple-Action Cleanser/Toner/Makeup Remover,Estée Lauder,cleanser,29.0,"Water\Aqua\Eau; Dimethicone; Isododecane; Hamamelis Virginiana (Witch Hazel) Water; Disodium Cocoamphodiacetate; Sucrose; Peg32; Gentiana Lutea (Gentian) Root Extract; Silybum Marianum (Lady'S Thistle) Extract; Algae Extract; Zinc Pca; Sorbitol; Glycerin; Caffeine; Ppg26Buteth26; Peg4 Dilaurate; Caprylyl Glycol; Peg40 Hydrogenated Castor Oil; Hexylene Glycol; 1,2Hexanediol; Peg6; Citric Acid; Lauramidopropyl Betaine; Fragrance (Parfum); Phenoxyethanol <iln39421>",32,2505,5.0,0.0,https://www.sephora.com/product/perfectly-clean-triple-action-cleanser-toner-makeup-remover-P380034?icid2=products%20grid:p380034,5.0,5.8
Refreshing Cleanser,Murad,cleanser,39.0,"Sodium Laureth Sulfate, Disodium Laureth Sulfosuccinate, Disodium Cocoamphodiacetate, Glycol Distearate, Butylene Glycol, Algae Extract, Hedychium Coronarium Root Extract, Witch Hazel Leaf Extract, Actinidia Chinensis (Kiwi) Fruit Extract, Cucumber Fruit Extract, Glycolic Acid, Sodium PCA, PEG8 Distearate, Polyquaternium4, Phenoxyethanol, Methylparaben, Propylparaben, Limonene, Hydroxyisohexyl 3Cyclohexene Carboxaldehyde, Fragrance.",136,3778,6.75,0.0,https://www.sephora.com/product/refreshing-cleanser-P4044?icid2=products%20grid:p4044,6.75,5.777777777777778
Perfectly Clean Multi-Action Toning Lotion/Refiner ,Estée Lauder,cleanser,26.5,"Perfectly Clean MltAct Tng Ltn/Rf   Division: El (Estee Lauder)Ingredients: Alcohol Denat. , Glycerin , Butylene Glycol , Hypnea Musciformis (Algae) Extract , Gellidiela Acerosa (Algae) Extract , Hamamelis Virginiana (Witch Hazel) , Silybum Marianum (Lady'S Thistle) Extract , Bambusa Vulgaris (Bamboo) Extract , Pisum Sativum (Pea) Extract , Gentiana Lutea (Gentian) Root Extract , Algae Extract , Oryza Sativa (Rice) Bran Extract , Yeast Extract/Faex/Extrait De Levure , Sucrose , Trehalose , Lactobionic Acid , Peg40 Hydrogenated Castor Oil , Sorbitol , Caffeine , Dipotassium Glycyrrhizate , Biosaccharide Gum  1 , Ppg26Buteth26 , Sodium Hyaluronate , Zinc Pca , Pentylene Glycol , Ppg5Ceteth20 , Sodium Hydroxide , Glucosamine Hcl , Fragrance , Phytic Acid , Potassium Sorbate , Disodium Edta , Phenoxyethanol <iln39419></iln39419>",26,3608,6.7,0.0,https://www.sephora.com/product/perfectly-clean-multi-action-toning-lotion-refiner-P380030?icid2=products%20grid:p380030,6.7,3.955223880597015
Deep Cleansing Foam,Shiseido,cleanser,36.0,"Stearic Acid, Peg8, Myristic Acid, Glycerin, Potassium Hydroxide, Butylene Glycol, Lauric Acid, Glyceryl Stearate Se, Sorbitol, Beeswax (Cera Alba/Cire D'abeille), Sodium Lauryl Glycol Carboxylate, Sodium Methyl Cocoyl Taurate, Fragrance (Parfum), Microcrystalline Cellulose, Disodium Edta, Menthol, Oryza Sativa (Rice) Germ Oil, Talc, Ethylcellulose, Linalool, Geraniol, Citronellol, Sodium Metabisulfite, Acrylates Copolymer, Ultramarines (Ci 77007), Paeonia Albiflora Root Extract, Silica, Betaine, Silk Powder (Serica/Poudre De Soie), Dipotassium Glycyrrhizate, Tetrasodium Edta, Tocopheryl Acetate, Sodium Lauryl Sulfate, Benzoic Acid, Tocopherol.",17,1386,4.4,0.0,https://www.sephora.com/product/deep-cleansing-foam-P433617?icid2=products%20grid:p433617,4.4,8.181818181818182
Tangerine Brightening & Pore-Refining Cleanser,innisfree,cleanser,15.0,"Glycerin, Stearic Acid, Myristic Acid, Kaolin, Peg32, Potassium Hydroxide, Lauric Acid, Titanium Dioxide (Ci 77891), Cocamidopropyl Betaine, Glyceryl Stearate, Peg100 Stearate, Fragrance, Sodium Chloride, Zea Mays (Corn) Starch, Microcrystalline Cellulose, Lactose, Sucrose, Disodium EDTA, Sodium Benzoate, Sodium Hydroxide, Tocopheryl Acetate, Polymethyl Methacrylate, Iron Oxides (Ci 77491), Lactic Acid, Citrus Unshiu Peel Extract, Hydroxypropylcellulose, Styrene/Butadiene Copolymer, Propanediol, Stearyl Alcohol, Camellia Japonica Leaf Extract, Camellia Sinensis Leaf Extract, Opuntia Coccinellifera Fruit Extract, Orchid Extract, Shellac, Polyquaternium6, Iron Oxides (Ci 77492), Sodium Lauroyl Sarcosinate, Peg75, Hydroxypropyl Methylcellulose, Silica, Papain, Phenoxyethanol, Ethylhexylglycerin.",13,2938,5.07,0.0,https://www.sephora.com/product/tangerine-brightening-pore-refining-cleanser-P449858?icid2=products%20grid:p449858,5.07,2.9585798816568047
Green Tea Seed Intensive Hydrating Toner,innisfree,cleanser,19.0,"Water / Aqua / Eau, Butylene Glycol, Propanediol, Panthenol, 1,2Hexanediol, Glycerin, Ppg13Decyltetradeceth24, Sodium Citrate, Citric Acid, Ethylhexylglycerin, Disodium Edta, Fragrance / Parfum, Camellia Sinensis Leaf Extract, Camellia Sinensis Seed Oil.",6,1831,6.76,0.0,https://www.sephora.com/product/green-tea-seed-intensive-hydrating-toner-P449849?icid2=products%20grid:p449849,6.76,2.8106508875739644
Coconut Cleansing Oil,Kopari,cleanser,32.0,"Ethylhexyl (Octyl) Palmitate, Cocos Nucifera (ORGANIC Coconut) Oil,PEG7 Glyceryl Cocoate, C1215 Alkyl Benzoate, Caprylic/Capric Triglyceride, Tocopherol, Glycine Soja (Soybean) Oil, Phenethyl Alcohol, Lavandula Angustifolia (Lavender) Flower/Leaf Extract, Rose Extract, Caprylyl Glycol, Vanilla Planifolia (Vanilla Bean) Fruit Extract, Cymbopogon Martini (Palmarosa) Oil, Oryza Sativa (Rice) Bran Oil, Camellia Kissi (Sasanqua) Seed Oil, Camellia Sinensis (White Tea) Leaf Extract, Aspalathus Linearis (Red Rooibos) Tea Leaf Extract, Hibiscus RosaSinensis Extract",84,7644,5.1,0.0,https://www.sephora.com/product/coconut-cleansing-oil-P416146?icid2=products%20grid:p416146,5.1,6.274509803921569
27% Glycolic Acid Facial Cleanser,SOBEL SKIN Rx,cleanser,42.0,"Purified Glycolic Acid, Cocamidopropyl Betaine, Allantoin, Aloe Barbadnesis Leaf Extract, Chamomile Extract, PEG150 Pentaerythrityl Tetrastearate, PEG6 Caprylic Capric/Triglycerides, Disodium Laureth Sulfosuccinate, Sodium Cocoyl Isethionate, Sodium Methyl Cocoyl Taurate, Phenoxyethanol, Caprylyl Glycol, Potassium Sorbate, Ammonium Hydroxide, Hexylene Glycol.",2,290,5.0,0.0,https://www.sephora.com/product/sobel-skin-rx-27-glycolic-acid-facial-cleanser-P451744?icid2=products%20grid:p451744,5.0,8.4
Herbal-Infused Micellar Cleansing Water,Kiehl's Since 1851,cleanser,28.0,"Glycerin, Propanediol, Melissa Officinalis Flower/Leaf/Stem Arginine, Salicylic Acid, CocoBetaine,  Caprylyl/Capryl  Glucoside,  Disodium  Cocoyl  Glutamate,  Xanthan  Gum,  Phytic  Acid,  Buddleja  Davidii  Extract,  Thymus Vulgaris Extract/Thyme Extract, Sodium Chloride, Sodium Cocoyl Glutamate, Citric Acid, Thymus Vulgaris Flower/Leaf Oil, Thyme Flower/Leaf Oil.",12,2278,0.0,8.4,https://www.sephora.com/product/herbal-infused-micellar-cleansing-water-P435391?icid2=products%20grid:p435391,8.4,3.333333333333333
WASO: Soft & Cushy Polishing Exfoliator,Shiseido,cleanser,34.0,"Microcrystalline Cellulose, Sd Alcohol 40B (Alcohol Denat.), Cellulose, Dipropylene Glycol, Hydrolyzed Corn Starch, Glycerin, Dimethicone, Cetyl Ethylhexanoate, Phenoxyethanol, Carbomer, Hydroxypropyl Methylcellulose, Fragrance, Betaine, Potassium Hydroxide, Acrylates/C1030 Alkyl Acrylate Crosspolymer, Xanthan Gum, Limonene, Hexyl Cinnamal, Butylphenyl Methylpropional, Sodium Metaphosphate, Disodium Edta, Hydrogenated Lecithin, Iron Oxides (Ci 77492).",11,1911,2.7,0.0,https://www.sephora.com/product/waso-soft-cushy-polisher-P421771?icid2=products%20grid:p421771,2.7,12.592592592592592
Noosa Nourishing Crème Cleanser,Dr Roebuck's,cleanser,25.0,"Stearic Acid, Cetearyl Alcohol, Sodium Cocoyl  Isethionate, Glycerin Simmondsia  Chinensis (Jojoba) Seed Oil, Macadamia Ternifolia Seed Oil, Butyrospermum Parkii (Shea) Butter,  Ceteareth20, Cocamidopropyl  Betaine, Avena Sativa (Oat) Bran Extract, Calendula  Officinalis (Pot Marigold) Flower Extract, Arnica Montana  Flower  Extract, Camellia Sinensis (Green Tea) Leaf  Extract, Echinacea Purpurea (Coneflower) Extract, Citrus Aurantium  (Bergamot) Peel Oil, Glyceryl Caprylate, Potassium  Sorbate, PAnisic  Acid, Isoamyl Laurate.",35,1197,3.38,0.0,https://www.sephora.com/product/noosa-nourishing-cr-me-cleanser-P430823?icid2=products%20grid:p430823,3.38,7.396449704142012
Glycolic Exfoliating & Resurfacing Wipes,Anthony,cleanser,20.0,"Glycereth7 Triacetate, Polysorbate 20, Aloe Barbadensis Leaf Extract, Chamomilla Recutita (Matricaria) Flower Extract, Cucumis Sativus (Cucumber) Fruit Extract, Panax Ginseng Root Extract, Camellia Sinensis (Green Tea) Leaf Extract, Vaccinium Myrtillus Fruit Extract, Saccharum (Sugar Maple) Extract, Citrus Aurantium Dulcis (Orange) Fruit Extract, Citrus Limon (Lemon) Fruit Extract, Hamamelis Virginiana (Witch Hazel) Bark/Leaf/Twig Extract, Aloe Barbadensis Leaf Juice, Allantoin, Menthol, Tocopheryl Acetate, Decyl Glucoside, Tetrasodium Glutamate Diacetate, Sodium Hydroxide, Citric Acid, Gluconolactone, Sodium Benzoate, Potassium Sorbate, Phenoxyethanol, Fragrance",66,5646,0.0,0.0,https://www.sephora.com/product/glycolic-exfoliating-resurfacing-wipes-P397373?icid2=products%20grid:p397373,4.92609452736319,4.060011412469885
Coconut Melt Wipes,Kopari,cleanser,20.0,Cocos Nucifera (Organic Coconut) Oil.,9,1525,0.0,0.0,https://www.sephora.com/product/coconut-melt-wipes-P448209?icid2=products%20grid:p448209,4.92609452736319,4.060011412469885
Darker Skin Tones Enzyme Cleanser,Dr. Barbara Sturm,cleanser,75.0,"Sodium Lauroyl Glutamate, Talc, Cellulose, Maltodextrin, Water (Aqua), Xanthan Gum, Ascorbic Acid, Subtilisin, Lipase.",3,445,2.6,0.0,https://www.sephora.com/product/dr-barbara-sturm-darker-skin-tones-enzyme-cleanser-P448546?icid2=products%20grid:p448546,2.6,28.846153846153847
Cream Cleanser for Dry Skin,KORA Organics,cleanser,30.0,**From essential oils.,28,2099,3.38,0.0,https://www.sephora.com/product/cream-cleanser-for-dry-skin-P423735?icid2=products%20grid:p423735,3.38,8.875739644970414
Milk Cleanse Gentle Foaming Cleanser,Moon Juice,cleanser,32.0,"Water/Aqua/Edu, Coco Betaine, Coco Glucoside, Betaine, Bentonite, Lactobacillus, Glycerin, Coconut Alcohol, Citric Acid, Cocos Nucifera (Coconut) Fruit Extract, Aloe Barbadensis Leaf Juice, Polyglyceryl10 Oleate, Oryza Sativa (Rice) Bran Oil, Tocopherol, Tocotrienols, Ganoderma Lucidum (Mushroom) Extract, Xanthan Gum, Tremella Fuciformis Sporocarp Extract, Citrus Aurantium Bergamia (Bergamot) Peel Oil, Geraniol, Mentha Piperita (Peppermint) Flower/Leaf/Stem, Phenethyl Alcohol, Rosa Damascena Extract, Salvia Sclarea (Clary) Oil, Triethyl Citrate, Vetiveria Zizanoides Root Oil, Lonicera Caprifolium (Honeysuckle) Flower Extract, Lonicera Japonica (Honeysuckle) Flower Extract.",3,675,4.0,0.0,https://www.sephora.com/product/moon-juice-milk-cleanse-gentle-foaming-cleanser-P454315?icid2=products%20grid:p454315,4.0,8.0
Makeup Melter & Cleanser,Bobbi Brown,cleanser,38.0,"Dimethicone, Isododecane, Disodium Cocoamphodiacetate, Sucrose, Peg32, Algae Extract, Nymphaea Alba (Water Lily) Flower Extract, Lycium Chinense (Wolfberry) Fruit Extract, Glycerin, Yeast Extract, Vaccinium Angustifolium (Blueberry) Fruit Extract, Vaccinium Macrocarpon (Cranberry) Fruit Extract, Ppg26Buteth26, Lavandula Angustifolia (Lavender) Oil, Zinc Pca, Peg40 Hydrogenated Castor Oil, Dipropylene Glycol, Caffeine, Peg4 Dilaurate, Sodium Palmitoyl Proline, Hexylene Glycol, Methyldihydrojasmonate, Butylene Glycol, Lauramidopropyl Betaine, Peg6, 1,2Hexanediol, Caprylyl Glycol, Sodium Chloride, Linalool, Tetrasodium Edta, Citric Acid, Potassium Sorbate, Phenoxyethanol.",12,672,0.0,0.0,https://www.sephora.com/product/makeup-melter-cleanser-P446517?icid2=products%20grid:p446517,4.92609452736319,7.714021683692782
7-Seed Nourishing Cleansing Oil,Primera,cleanser,30.0,"Carthamus Tinctorius (Safflower) Seed Oil, Caprylic/Capric Triglyceride, Vitis Vinifera (Grape) Seed Oil, Olea Europaea(Olive) Fruit Oil, Peg20 Glyceryl Triisostearate, Cocos Nucifera (Coconut) Oil, Macadamia Ternifolia Seed Oil,Fragrance / Parfum, CocoCaprylate/Caprate, Passiflora Incarnata Seed Oil, Limnanthes Alba(Meadowfoam) Seed Oil, Brassica Campestris (Rapeseed) Seed Oil, Prunus Domestica Seed Oil, Butylene Glycol,Tocopherol, Propanediol, Oryza Sativa (Rice) Germ Extract, Brassica Oleracea Italica (Broccoli) Extract, Sesamumindicum (Sesame) Sprout Extract, Glycine Soja (Soybean) Sprout Extract, Rosa Canina Flower Oil, Phyllanthusemblica Extract, Fragaria Vesca (Strawberry) Leaf Extract, Helianthus Annuus (Sunflower) Extract, Brassicaoleracea Gemmifera (Brussels Sprouts) Extract, Borago Officinalis Extract, Tocopheryl Acetate, Lavandulaangustifolia (Lavender) Oil, Citrus Aurantium Dulcis (Orange) Oil, Citrus Aurantifolia (Lime) Oil, Rubus Idaeus(Raspberry) Seed Oil, Vaccinium Macrocarpon (Cranberry) Seed Oil, Glyceryl Caprylate.",30,3136,5.0,0.0,https://www.sephora.com/product/primera-7-seed-nourishing-cleansing-oil-P447177?icid2=products%20grid:p447177,5.0,6.0
Gel Balm Cleanser,Eve Lom,cleanser,60.0,"Shea Butter, BisDiglyceryl Polyacyladipate2, Isopropyl Palmitate, Vitis Vinifera (Grape) Seed Oil, Isopropyl Isostearate, Hydrogenated Vegetable Oil, Aqua (Water), CocoGlucoside, Glyceryl Oleate, C1213 Pareth3, Ceteareth20, Lecithin, Silica, Glycerin, Argania Spinosa Kernel Oil, Polyglyceryl4 Caprate, Citric Acid, Phenoxyethanol, Polyglyceryl2 Dipolyhydroxystearate, Butyrospermum Parkii (Shea Butter) Extract, Glyceryl Rosinate, Chamomilla Recutita (Matricaria) Flower Oil, Eucalyptus Globulus Leaf Oil, Eugenia Caryophyllus (Clove) Leaf Oil, Humulus Lupulus (Hops) Cone Oil, Maltodextrin, Spent Grain Wax, Eugenol, Olea Europaea (Olive) Oil Unsaponifiables, Limonene, Tocopherol, Hydrogenated Palm Glycerides Citrate, Subtilisin, Lipase.",58,2445,0.0,3.4,https://www.sephora.com/product/gel-balm-cleanser-P423509?icid2=products%20grid:p423509,3.4,17.647058823529413
Detoxifying Cleansing Oil,Erno Laszlo,cleanser,58.0,"Disodium Laureth Sulfosuccinate, Butylene Glycol, Polysorbate 20, Acrylates/C1030 Alkyl Acrylate Crosspolymer, Butyrospermum Parkii (Shea) Seedcake Extract, Sodium Lauryl Sulfoacetate, Disodium Cocoamphodiacetate, Simmondsia Chinensis (Jojoba) Seed Oil, Olea Europaea (Olive) Fruit Oil, Vitis Vinifera (Grape) Seed Oil, Sea Tocopheryl Acetate, Charcoal Powder, Disodium EDTA, Sodium Hydroxide, Hexylene Glycol, Caprylyl Glycol, Phenoxyethanol, Chlorphenesin, Fragrance.",16,1868,6.6,0.0,https://www.sephora.com/product/detoxifying-cleansing-oil-P413430?icid2=products%20grid:p413430,6.6,8.787878787878789
Cleansing Gel Oil Enriched,belif,cleanser,34.0,*Naturally Derived Fragrance,97,9364,5.07,0.0,https://www.sephora.com/product/cleansing-gel-oil-enriched-P412439?icid2=products%20grid:p412439,5.07,6.70611439842209
Pore & Blemish Acne Cleanser,Clarisonic Skincare,cleanser,19.0,"Sodium Laureth Sulfate, Decyl Glucoside, Glycerin, Sodium Chloride, CocoBetaine, PEG150 Pentaerythrityl Tetrastearate, PEG6 Caprylic/Capric Glycerides, Zinc Gluconate, Sodium Hydroxide, Sodium Benzoate, Tetrasodium Edta, Capryloyl Salicylic Acid, Citric Acid, Menthol, Hexylene Glycol, Polyquaternium47.",18,1021,4.0,0.0,https://www.sephora.com/product/pore-blemish-gel-cleanser-P427398?icid2=products%20grid:p427398,4.0,4.75
Kibosh Weightless Foaming Cleanser,Dr Roebuck's,cleanser,25.0,"Decyl Glucoside*, Cocamidopropyl Betaine*, Sodium Lauroyl Sarcosinate, Simmondsia Chinensis Seed Oil (Jojoba Oil), Jasminum Grandiflorum Flower Extract (Jasmine Grandiflorum Absolute), Glycerin, Tasmania Lanceolata Fruit Extract (Tasmanian Pepper), Terminalia Ferdinandiana Fruit Extract (Kakadu Plum), Podocarpus Elatus Fruit Extract (Illawarra Plum), Pleiogynium Timorense Fruit Extract (Burdekin Plum), Cucumis Sativus Fruit Extract (Cucumber), Acacia Victoriae Seed Extract (Wattleseed), Sodium Benzoate, Citric Acid, Potassium Sorbate, Panthenol (Vitamin B5), Tocopheryl Acetate (Vitamin E), Sorbitol*, Dehydroacetic Acid, Benzyl Alcohol. *Naturally Derived.",3,629,3.38,0.0,https://www.sephora.com/product/kibosh-weightless-foaming-cleanser-P446631?icid2=products%20grid:p446631,3.38,7.396449704142012
Double Mousse Gentle Cleansing Foam,Erborian,cleanser,28.0,"Glycerin, Disodium Cocoamphodiacetate, CocoBetaine, Sodium Chloride, Sodium Methyl Cocoyl Taurate, Vaccinium Myrtillus Fruit Extract, Salix Alba (Willow) Bark Extract, Acer Saccharum (Sugar Maple) Extract, Citrus Aurantium Dulcis (Orange) Fruit Extract, Citrus Limon (Lemon) Fruit Extract, Centella Asiatica Extract, Saccharum Officinarum (Sugar Cane) Extract, Scutellaria Baicalensis Root Extract, Polygonum Cuspidatum Root Extract, Glycyrrhiza Glabra (Licorice) Root Extract, Chamomilla Recutita (Matricaria) Flower Extract, Camellia Sinensis Leaf Extract, Rosmarinus Officinalis (Rosemary) Leaf Extract, Sodium Citrate, Panthenol, Butylene Glycol, Ethylhexylglycerin, Polyquaternium7, Phenoxyethanol, Fragrance, Limonene, Linalool, Citral, Ci 19140/Yellow 5, Ci 42090/Blue 1.",54,4975,3.0,0.0,https://www.sephora.com/product/double-mousse-gentle-cleansing-foam-P401580?icid2=products%20grid:p401580,3.0,9.333333333333334
Rare Earth Pore Refining Tonic,Kiehl's Since 1851,cleanser,21.0,WaterAlcohol Denat.GlycerinPropanediolSilicaPhenoxyethanolZinc OxideMethyl Methacrylate CrosspolymerKaolinZinc GluconateAloe Barbadensis Leaf JuiceOat Kernel FlourMenthoxypropanediolWitch Hazel Leaf WaterAllantoinSalicylic Acid,21,3461,8.4,0.0,https://www.sephora.com/product/rare-earth-pore-refining-tonic-P422253?icid2=products%20grid:p422253,8.4,2.5
Hydrating Face Tonic Toner,Bobbi Brown,cleanser,36.0,"Hexylene Glycol, Butylene Glycol, Glycerin, Propanediol, Polysorbate 20, Camellia Sinensis (Green Tea) Leaf Extract, Cucumis Sativus (Cucumber) Fruit Extract, Chamomilla Recutita (Matricaria) Extract, Aesculus Hippocastanum (Horse Chestnut) Bark Extract, Glycyrrhiza Glabra (Licorice) Root Extract, Codium Tomentosum Extract, Lavandula Angustifolia (Lavender), Citrus Aurantium Dulcis (Orange), Pantethine, Hydrolyzed Wheat Protein, Hydrolyzed Corn Protein, Cymbopogon Martini (Palmarosa), Hydrolyzed Soy Protein, Cholesterol, Trehalose, Aloe Barbadensis Leaf Juice, Sodium Hyaluronate, Linoleic Acid, Acrylates Copolymer, Phytantriol, Phytosphingosine, Glycine, Hydroxyproline, Proline, Carbomer, Linalool, Geraniol, Limonene, Disodium Edta, Pentaerythrityl TetraDiTButyl Hydroxyhydrocinnamate, Phenoxyethanol <iln36544></iln36544>",42,3090,6.7,0.0,https://www.sephora.com/product/hydrating-face-tonic-P270607?icid2=products%20grid:p270607,6.7,5.3731343283582085
Moor Cream Cleanser,Omorovicza,cleanser,80.0,"Omorovicza’s Patented Hydro Mineral Transference™ Delivery System: Leaves skin visibly firmer, more supple, and youngerlooking",10,1635,5.1,0.0,https://www.sephora.com/product/moor-cream-cleanser-P418024?icid2=products%20grid:p418024,5.1,15.686274509803923
Umbrian Clay Purifying Treatment Bar,Fresh,cleanser,42.0,Fuller's Earth (Solum Fullonum).,592,11193,7.1,0.0,https://www.sephora.com/product/umbrian-clay-purifying-treatment-bar-P7843?icid2=products%20grid:p7843,7.1,5.915492957746479
Turnaround Revitalizing Lotion,CLINIQUE,cleanser,35.0,"Glycerin , Dipropylene Glycol , Propanediol , Saccharomyces Lysate Extract , Centella Asiatica (Hydrocotyl) Extract , Caffeine , Bifida Ferment Lysate , Acetyl Glucosamine , Lactobacillus Ferment , Creatine , Ergothioneine , Adenosine Phosphate , Punica Granatum (Pomegranate) Fruit Juice , Acetyl Carnitine Hcl , Oryza Sativa (Rice) Bran Extract , Peg8 , Ppg6Decyltetradeceth30 , Caprylyl Glycol , Carbomer , Trehalose , Hexylene Glycol , Yeast Extract/Faex/Extrait De Levure , Sodium Hyaluronate , Polyquaternium51 , Butylene Glycol , Tromethamine , Trisodium Hedta , Phenoxyethanol <iln41007></iln41007>",41,3444,6.7,0.0,https://www.sephora.com/product/turnaround-revitalizing-lotion-P394823?icid2=products%20grid:p394823,6.7,5.223880597014925
Gentle Eye Makeup Remover,Estée Lauder,cleanser,22.0,"Gentle Eye M/U Remover Liquid   Division: El (Estee Lauder)Ingredients: Peg32 , Butylene Glycol , Disodium Cocoamphodiacetate , Peg6 , Disodium Edta , Phenoxyethanol <iln36349></iln36349>",51,1685,3.4,0.0,https://www.sephora.com/product/gentle-eye-makeup-remover-P379947?icid2=products%20grid:p379947,3.4,6.470588235294118
Break It Down Waterproof Makeup Remover,Cinema Secrets,cleanser,20.0,"Isohexadecane, Cyclomethicone, Butylene Glycol, Glycerin, Poloxamer 184, Benzyl Alcohol, Phenoxyethanol, Aloe Baradensis Leaf Extract, Benzalkonium Chloride, Allantoin, Sodium Chloride, Disodium Edta, Camellia Oleifera Leaf Extract, Bisabolol, Glycyrrhetinic Acid,  D&amp;C Red 33.",19,2170,4.2,0.0,https://www.sephora.com/product/break-it-down-waterproof-makeup-remover-P410842?icid2=products%20grid:p410842,4.2,4.761904761904762
Original Skin™ Cleansing Makeup Removing Jelly with Willowherb,Origins,cleanser,24.0,"Caprylic/Capric Triglyceride, Helianthus Annuus (Sunflower) Seed Oil, Isopropyl Palmitate, Hydrogenated Polydecene, Ethylhexyl Palmitate, Glycerin, Isononyl Isononanoate, Polyglyceryl10 Laurate, Polyglyceryl10 Oleate, Epilobium Angustifolium Flower/Leaf/Stem Extract, Cistus Incanus Flower/Leaf/Stem Extract, Albizia Julibrissin Bark Extract, Polyglyceryl10 Pentaoleate, Butylene Glycol, Polyglyceryl6 Distearate, Tocopheryl Acetate, Hydrogenated Lecithin, Peg7m, Citric Acid, Bht, Sodium Citrate, Disodium Edta, Potassium Sorbate <iln43747>",547,7590,3.4,0.0,https://www.sephora.com/product/original-skin-tm-cleansing-makeup-removing-jelly-with-willowherb-P427728?icid2=products%20grid:p427728,3.4,7.0588235294117645
Skin Renewing Peel Treatment Glycolic Acid Cleanser,Clarisonic Skincare,cleanser,39.0,"Glycolic Acid, Lipo Hydroxy Acid, CocoBetaine, Propylene Glycol, Peg120 Methyl Glucose Dioleate, Sorbitol, Glycerin, Glycolic Acid, Triethanolamine, Sodium Laureth Sulfate, Sodium Chloride, Disteareth100 Ipdi, Fragrance, Salicylic Acid, Capryloyl Salicylic Acid, Disodium Edta, Limonene, Steareth100, Geraniol, Linalool.",1,984,4.0,0.0,https://www.sephora.com/product/skin-renwening-peel-treatment-P439921?icid2=products%20grid:p439921,4.0,9.75
No. 1 Belle Frais Cleansing Milk,Edible Beauty,cleanser,47.0,"Purified Cocos Nucifera (Coconut) Oil, Saponaria Officinalis, Cetearyl Olivate, Camellia Oleifera (Camellia) Seed Oil, Sorbiton Olivate, Helianthus Annuus (Sunflower) Seed Oil, Zizyphus Jujuba Extract, Cucumis Melo (Melon) Fruit, Pyrus Malus (Apple) Extract, Sodium Levulinate, Sodium Anisate, Fragaria Vesca (Strawberry) Extract, Acacia Victoriae (Wattleseed) Extract, Salicylic Acid, Sorbic Acid, Glyceryl Caprylate, Citrus Aurantifolia (Lime) Oil, Citrus Sinensis (Orange) Oil.",50,2600,6.8,0.0,https://www.sephora.com/product/no-1-belle-frais-cleansing-milk-P428640?icid2=products%20grid:p428640,6.8,6.911764705882353
Hydra Life Micellar Milk No Rinse Cleanser,Dior,cleanser,43.0,"Aqua (Water), Propylene Glycol, Poloxamer 184, Phenoxyethanol, Peg40 Glyceryl Cocoate, Disodium Edta, Sodium Citrate, Sodium Coceth Sulfate, Butylene Glycol, Sodium Hyaluronate, Parfum (Fragrance), Biosaccharide Gum1, Caprylyl Glycol, Echinacea Purpurea Extract, Saponins, Bht, Tocopherol.",23,2976,6.7,0.0,https://www.sephora.com/product/hydra-life-micellar-milk-no-rinse-cleanser-P429673?icid2=products%20grid:p429673,6.7,6.4179104477611935
Special Cucumber Lotion,Mario Badescu,cleanser,15.0,"Isopropyl Alcohol, Propylene Glycol, Cucumis Sativus (Cucumber) Fruit Extract, Polysorbate 20, Fragrance, Sodium Chloride, CI 19140 (Yellow 5), CI 42090 (Blue 1), CI 15985 (Yellow 6).",9,1659,8.0,0.0,https://www.sephora.com/product/mario-badescu-special-cucumber-lotion-P440487?icid2=products%20grid:p440487,8.0,1.875
Soft Touch Cotton Pads,SEPHORA COLLECTION,cleanser,4.0,"Isopropyl Alcohol, Propylene Glycol, Cucumis Sativus (Cucumber) Fruit Extract, Polysorbate 20, Fragrance, Sodium Chloride, CI 19140 (Yellow 5), CI 42090 (Blue 1), CI 15985 (Yellow 6).",323,18132,0.0,0.0,https://www.sephora.com/product/soft-touch-cotton-pads-P312914?icid2=products%20grid:p312914,4.92609452736319,0.8120022824939771
Pore Refining Detox Double Cleanse,Erno Laszlo,cleanser,58.0,"Propanediol, Sodium C1416 Olefin Sulfonate, Oryza Sativa (Rice) Extract, Phenoxyethanol, Acrylates/C1030 Alkyl Acrylate Crosspolymer, Sodium Hydroxide, Cyclopentasiloxane, Dimethicone/Vinyl Dimethicone Crosspolymer, Mica, Titanium Dioxide (Ci 77891), Ethylhexylglycerin, Disodium Edta, Fragrance (Parfum), Charcoal Powder, 1,2Hexanediol, Agar, Calcium Alginate, Xanthan Gum, Aloe Barbadensis Leaf Juice, Citrus Grandis (Grapefruit) Peel Oil, Helianthus Annuus (Sunflower) Seed Oil, Propylene Glycol, Ananas Sativus (Pineapple) Fruit Extract, Actinidia  Chinensis (Kiwi) Fruit Extract, Averrhoa Carambola Fruit Extract, Garcinia Mangostana Fruit Extract, Litchi Chinensis Fruit Extract, Sea Salt (Maris Salt/Sel Marin), Passiflora Incarnata Fruit Extract, Psidium Guajava Fruit Extract, Punica Granatum Extract, Ziziphus Jujuba Fruit Extract, Hydrolyzed Vegetable Protein, Cynara Scolymus (Artichoke) Leaf Extract,  Leuconostoc/Radish Root Ferment Filtrate, Limonene.",7,1345,0.0,3.3,https://www.sephora.com/product/pore-refining-detox-double-cleanse-P436899?icid2=products%20grid:p436899,3.3,17.575757575757578
Pomegranate Pore Refining Toner,KORRES,cleanser,22.0,"Alcohol Denat., Citric Acid, Hamamelis Virginiana (Witch Hazel) Leaf Extract, Parfum/Fragrance, Peg40 Hydrogenated Castor Oil, Ppg26Buteth26, Punica Granatum Fruit Extract, Salix Alba (Willow) Bark Extract, Sodium Benzoate, Sodium Citrate.",15,3174,6.76,0.0,https://www.sephora.com/product/pomegranate-pore-refining-toner-P449595?icid2=products%20grid:p449595,6.76,3.2544378698224854
Alpine Berry Water Toner,Primera,cleanser,35.0,"Butylene Glycol, Dipropylene Glycol, Glycerin, 1,2Hexanediol, Betaine, Ppg13Decyltetradeceth24, Glyceryl Polymethacrylate, Artemisia Princeps Leaf Ethylhexylglycerin, Fragrance / Parfum, Carbomer, Disodium Edta, Tromethamine, Sodium Hyaluronate, Rubus Fruticosus (Blackberry) Fruit Extract, Fragaria Vesca (Strawberry) Leaf Extract, Tocopherol.",9,2253,7.6,0.0,https://www.sephora.com/product/primera-alpine-berry-water-toner-P447179?icid2=products%20grid:p447179,7.6,4.605263157894737
Resurfacing Treatment Toner with Apple Cider,boscia,cleanser,28.0,"Glycolic Acid, Dipropylene Glycol, Sodium Hydroxide, Salicylic Acid, Acetic Acid, Simmondsia Chinensis (Jojoba) Seed Extract, Epilobium Angustifolium Flower/Leaf/Stem Extract, Hydroxyacetophenone, 1,2Hexanediol, Caprylyl Glycol, Butylene Glycol, Aloe Barbadensis Leaf Juice Powder, Sodium Polyacrylate.",28,4727,5.1,0.0,https://www.sephora.com/product/resurfacing-treatment-toner-with-apple-cider-P446918?icid2=products%20grid:p446918,5.1,5.490196078431373
Zero Oil™ Deep Pore Cleanser,Origins,cleanser,24.0,"Water; Salvia Officinalis (Sage) Leaf Cocamidopropyl Hydroxysultaine, CocoBetaine, Sodium Lauroyl Oat Amino Acids, Decyl Glucoside, Sodium Cocoyl Sarcosinate, Polysorbate 20, Sodium Chloride, Butylene Glycol, Disodium Cocoyl Glutamate, Mentha Viridis (Spearmint) Leaf Oil*, Citrus Medica Limonum (Lemon) Peel Oil*, Citrus Aurantium Dulcis (Orange) Oil*, Lavandula Angustifolia (Lavender) Oil*, Cananga Odorata (Ylang Ylang) Oil*, Linalool, Limonene, Serenoa Serrulata (Saw Palmetto) Fruit Extract, Laminaria Saccharina Extract, Salicylic Acid, Poria Cocos Sclerotium Extract, Aloe Barbadensis Leaf Juice, Centaurium Erythraea (Centaury) Extract, Impatiens Balsamina (Garden Balsam) Leaf Extract, Yeast Extract/Faex/Extrait De Levure, Tocotrienols, Glycyrrhetinic Acid, Sodium Cocoyl Glutamate, Glycerin, Peg6 Caprylic/Capric Glycerides, Peg150 Pentaerythrityl Tetrastearate, Monosodium Citrate, Citric Acid, Disodium Edta, Potassium Sorbate, Methylisothiazolinone, Methylchloroisothiazolinone, Phenoxyethanol <iln36324>* Essential Oil",333,18188,5.0,0.0,https://www.sephora.com/product/zero-oil-deep-pore-cleanser-P297541?icid2=products%20grid:p297541,5.0,4.8
Solid Cleansing Oil - Coconut Oil Makeup Remover,Erborian,cleanser,39.0,"Helianthus Annuus (Sunflower) Seed Oil, Cocos Nucifera (Coconut) Oil, Caprylic/Capric Triglyceride, Hydrogenated Vegetable Oil, MipaLaureth Sulfate, Laureth3, Cera Alba/Beeswax, Prunus Amygdalus Dulcis (Sweet Almond) Oil, Laureth7 Citrate, Glyceryl Dibehenate, Centella Asiatica Extract, Camellia Sinensis Leaf Extract, Butyrospermum Parkii (Shea) Butter, Ophiopogon Japonicus Root Extract, Polygonum Cuspidatum Root Extract, Scutellaria Baicalensis Root Extract, Glycyrrhiza Glabra (Licorice) Root Extract, Chamomilla Recutita (Matricaria) Flower Extract, Rosmarinus Officinalis (Rosemary) Leaf Extract, Hydrogenated Palm Glycerides Citrate, Tocopherol, TriBehenin, Glyceryl Behenate, Tocopherol, Butylene Glycol, Fragrance, Limonene, Linalool, CI 42090/Blue 1, CI 19140/Yellow5.",237,14542,2.8,0.0,https://www.sephora.com/product/solid-cleansing-oil-P396091?icid2=products%20grid:p396091,2.8,13.928571428571429
Egg Mousse Soap Facial Cleanser,Too Cool For School,cleanser,20.0,"TeaCocoyl Glutamate, Palmitic Acid, Glycerin, Butane, Triethanolamine, Sodium Coco Amphoace Tate, Peg7 Glyceryl Cocoate, Propanediol, Sodium Cocoyl Glutamate, Propane, Myristic Acid, Milk Protein Extract/Extrait Protéine Du Lait, Egg Yolk Extract /Extrait De Jaune D'oeuf, Albumen Extract, Glyceryloleate, Betaine, CocoGlucoside, Sodium Chloride, Allantoin, Ethylhexylglycerin, Butylene Glycol, Hexylene Glycol, Disodium Edta, Phenoxyethanol, Fragrance",286,11102,0.0,5.07,https://www.sephora.com/product/egg-mousse-soap-facial-cleanser-P400281?icid2=products%20grid:p400281,5.07,3.944773175542406
Darker Skin Tones Foam Cleanser,Dr. Barbara Sturm,cleanser,70.0,"Water (Aqua), Cocamidopropyl Betaine, Sodium Lauroyl Glutamate, Sodium Chloride, Phenoxyethanol, Citric Acid, Panthenol, Propylene Glycol, Urea, Lactobacillus/Portulaca Oleracea Ferment Extract, Glycerin, Ethylhexyl Glycerin, Salicylic Acid, Sodium Hyaluronate, Alcohol, Leuconostoc/Radish Root Ferment Filtrate, Tris (Tetramethylhydroxypiperidinol) Citrate, Pantolactone.",0,203,5.0,0.0,https://www.sephora.com/product/dr-barbara-sturm-darker-skin-tones-foam-cleanser-P448545?icid2=products%20grid:p448545,5.0,14.0
Invisimatte Blotting Paper Refill,FENTY BEAUTY by Rihanna,cleanser,10.0,"Water (Aqua), Cocamidopropyl Betaine, Sodium Lauroyl Glutamate, Sodium Chloride, Phenoxyethanol, Citric Acid, Panthenol, Propylene Glycol, Urea, Lactobacillus/Portulaca Oleracea Ferment Extract, Glycerin, Ethylhexyl Glycerin, Salicylic Acid, Sodium Hyaluronate, Alcohol, Leuconostoc/Radish Root Ferment Filtrate, Tris (Tetramethylhydroxypiperidinol) Citrate, Pantolactone.",15,10596,0.0,0.0,https://www.sephora.com/product/invisimatte-blotting-paper-refill-P48653278?icid2=products%20grid:p48653278,4.92609452736319,2.0300057062349426
Ain’t Misbehavin’® Healthy Toner with Glycolic & Lactic Acid,DERMAdoctor,cleanser,39.0,"SD Alcohol 40B, Lactic Acid, Glycolic Acid, Sodium Hydroxide, Polysorbate 20, PEG8 Dimethicone, Glycerin, Panthenol, Butylene Glycol, Camellia Oleifera (Green Tea) Leaf Extract, Camellia Sinensis (White Tea) Leaf Extract, Chamomilla Recutita (Matricaria) Flower Extract, Citrus Limon (Lemon) Peel Extract, Allantoin, PEG60 Almond Glycerides, Caprylyl Glycol, Sodium Hyaluronate, Carbomer, Nordihydroguaiaretic Acid, Oleanolic Acid.",15,2507,6.0,0.0,https://www.sephora.com/product/ain-t-misbehavin-healthy-toner-with-glycolic-lactic-acid-P406920?icid2=products%20grid:p406920,6.0,6.5
Cucumber Cleansing Lotion,Mario Badescu,cleanser,15.0,"Isopropyl Alcohol, Propylene Glycol, Cucumis Sativus (Cucumber) Fruit Extract, Polysorbate 20, Fragrance, Sodium Chloride, Yellow 5 (Ci 19140), Blue 1 (Ci 42090), Citronellol, Coumarin, AlphaIsomethyl Ionone.",12,1853,8.0,0.0,https://www.sephora.com/product/mario-badescu-cucumber-cleansing-lotion-P440488?icid2=products%20grid:p440488,8.0,1.875
Rich Foaming Clarifying Cleanser,Primera,cleanser,25.0,"Methylglucamine, Lauric Acid, Peg8, Myristic Acid,Olive Oil Peg8 Esters, Sodium Cocoamphoacetate, Cocamidopropyl Betaine, Peg60 Hydrogenated Castor Oil, Fragrance/ Parfum, Phenoxyethanol, Potassium Cocoyl Glycinate, Sodium Chloride, Citric Acid, Disodium Edta, Salicylic Acid, Sodium Benzoate, Butylene Glycol, Melia Azadirachta Extract, Tetrasodium Edta, Brassica Oleracea Italica (Broccoli)Extract, Borago Officinalis Extract, Brassica Oleracea Gemmifera (Brussels Sprouts) Extract, Helianthus Annuus(Sunflower) Extract, Fragaria Vesca (Strawberry) Leaf Extract, Phyllanthus Emblica Extract.",3,615,6.7,0.0,https://www.sephora.com/product/primera-rich-foaming-clarifying-cleanser-P447178?icid2=products%20grid:p447178,6.7,3.7313432835820897
Properly Clean,Go-To ,cleanser,24.0,"Sodium Cocoamphoacetate, Glycerin, Lauryl Glucoside, Sodium Cocoyl Glutamate, Sodium Lauryl Glucose Carboxylate, Sodium Chloride, Dehydroacetic Acid, Benzyl Alcohol, Citric Acid, Willow Bark Extract, Natural Fragrance (Ginger, Mandarin And Lime).",28,2150,5.07,0.0,https://www.sephora.com/product/properly-clean-P432265?icid2=products%20grid:p432265,5.07,4.733727810650887
No:Rinse Micellar Cleansing Treatment,Perricone MD,cleanser,45.0,"Sodium Cocoamphoacetate, Glycerin, Lauryl Glucoside, Sodium Cocoyl Glutamate, Sodium Lauryl Glucose Carboxylate, Sodium Chloride, Dehydroacetic Acid, Benzyl Alcohol, Citric Acid, Willow Bark Extract, Natural Fragrance (Ginger, Mandarin And Lime).",275,4071,4.0,0.0,https://www.sephora.com/product/blue-plasma-cleansing-treatment-P392882?icid2=products%20grid:p392882,4.0,11.25
Cucumber Water Stick,ILIA,cleanser,42.0,"Sodium Cocoamphoacetate, Glycerin, Lauryl Glucoside, Sodium Cocoyl Glutamate, Sodium Lauryl Glucose Carboxylate, Sodium Chloride, Dehydroacetic Acid, Benzyl Alcohol, Citric Acid, Willow Bark Extract, Natural Fragrance (Ginger, Mandarin And Lime).",26,5626,0.9,0.0,https://www.sephora.com/product/cucumber-water-stick-P418376?icid2=products%20grid:p418376,0.9,46.666666666666664
Purity Made Simple Micellar Cleansing Water Mini,philosophy,cleanser,12.0,"Poloxamer 184, Phenoxyethanol, Ppg1Peg9 Lauryl Glycol Ether, Sodium Pca, Disodium Lauroamphodiacetate, Sodium Trideceth Sulfate, Chlorphenesin, Tetrasodium EDTA, Hexylene Glycol, Citric Acid, Sodium Chloride, Panthenol, Isopropyl Alcohol, BHT, Pantolactone.",1,0,0.0,3.4,https://www.sephora.com/product/purity-made-simple-micellar-cleansing-water-mini-P433159?icid2=products%20grid:p433159,3.4,3.5294117647058822
Triple Action Cleanser,Alpha-H,cleanser,44.0,"Peg7 Glyceryl Cocoate, Aloe Barbadensis Leaf Juice, Glycerin, Polysorbate 20, Phenoxyethanol, Caprylyl Glycol, Cucumis Sativus (Cucumber) Extract, Acrylates/C1030 Alkyl Acrylate Crosspolymer, Potassium Hydroxide, Disodium Edta, Thymus Vulgaris (Thyme) Leaf Extract, Fragrance.",3,368,6.25,0.0,https://www.sephora.com/product/triple-action-cleanser-P442545?icid2=products%20grid:p442545,6.25,7.04
Gentle Comfort Gel Cleanser for Sensitive Skin,Primera,cleanser,20.0,"Glycerin, Lauryl Glucoside, Cocamidopropyl Betaine,1,2Hexanediol, Sodium Chloride, Citric Acid, Glyceryl Caprylate, Disodium Edta, Butylene Glycol, Sodium Benzoate,Ethylhexylglycerin, Glycoproteins, Tocopherol.",8,910,3.3,0.0,https://www.sephora.com/product/primera-gentle-comfort-gel-cleanser-for-sensitive-skin-P447184?icid2=products%20grid:p447184,3.3,6.0606060606060606
No Makeup Easy Rinse Makeup-Removing Cleanser,Perricone MD,cleanser,35.0,"Cocamidopropyl Betaine, Sodium C1416 Olefin Sulfonate, Acrylates Copolymer, Glycerin, Dimethyl MEA, Tocopherol, Tetrahydrodiferuloylmethane, Tetrahydrodemethoxydiferuloylmethane, Olea Europaea (Olive) Leaf Extract, Tetrahydrobisdemethoxydiferuloylmethane, Aloe Barbadensis Leaf Juice, Lecithin, Hydrolyzed Soy Protein, Lepidium Sativum Sprout Extract, Epigallocatechin Gallatyl Glucoside, Citric Acid, Tetrasodium Glutamate Diacetate, Hexylene Glycol, Benzyl Alcohol, Laureth4, Potassium Sorbate, Phenoxyethanol, Fragrance/Parfum, Glycol Distearate, Linalool.",0,126,6.0,0.0,https://www.sephora.com/product/perricone-md-no-makeup-easy-rinse-makeup-removing-cleanser-P455337?icid2=products%20grid:p455337,6.0,5.833333333333333
Thermal Cleansing Balm,Omorovicza,cleanser,110.0,"Cetearyl Ethylhexanoate, Prunus Amygdalus Dulcis (Sweet Almond) Oil, Glyceryl Stearate, Stearyl Heptanoate, Squalane, Cera Alba (Beeswax), Polysorbate 20, Cetearyl Alcohol, Phenoxyethanol, Benzyl Alcohol, Limonene, Fragrance, Saccharomyces (Hungarian Thermal Water) Ferment Extract, Tocopherol, Ethylhexylglycerin, Hungarian Thermal Linalool, Malpighia Punicifolia (Acerola) Fruit Extract, Phospholipids",326,7217,0.0,1.7,https://www.sephora.com/product/thermal-cleansing-balm-P296412?icid2=products%20grid:p296412,1.7,64.70588235294117
Hydra Life Time to Glow Ultra Fine Exfoliating Powder,Dior,cleanser,45.0,"Sucrose, Sodium Cocoyl Glycinate, Sodium Lauroyl Glutamate, Talc, Disodium Edta, Sodium Benzoate, Sorbic Acid, Parfum (Fragrance), Aqua (Water), Butylene Glycol, Nelumbo Nucifera Seed Powder, Saponins, Bht, Tocopherol.",17,1908,1.4,0.0,https://www.sephora.com/product/hydra-life-time-to-glow-ultra-fine-exfoliating-powder-P417611?icid2=products%20grid:p417611,1.4,32.142857142857146
Rosehip Cleanser,Indie Lee,cleanser,34.0,"Glycerin, Potassium Cocoate, Fragrance, Chondrus Crispus Extract, Rosa Rubiginosa Seed Oil, Phenethyl Alcohol, Pentylene Glycol, Propanediol, Xanthan Gum, Hexyl Cinnamal.",36,1669,4.2,0.0,https://www.sephora.com/product/rosehip-cleanser-P434557?icid2=products%20grid:p434557,4.2,8.095238095238095
Evercalm™ Gentle Cleansing Gel,REN Clean Skincare,cleanser,28.0,"<div arialabelledby=""tab2"" class=""css1rny024"" hidden="""" id=""tabpanel2"" role=""tabpanel"" tabindex=""0""><a class=""css1ez119k"" datacomp=""Box "" href=""/brand/ren?icid2=product_about brand_visit brand lp""><img alt=""REN Clean Skincare"" class=""css1ew6vbs"" datacomp=""BrandLogo Image Box "" datallimg=""https://www.sephora.com"" src=""/img/ufe/placeholder.png"" srcset=""""/></a><div class=""css194oeca"" datacomp=""Markdown Box ""><p>We are REN Clean Skincare. We put the needs and health of skin first.",0,148,5.1,0.0,https://www.sephora.com/product/ren-evercalm-gentle-cleansing-gel-P455617?icid2=products%20grid:p455617,5.1,5.490196078431373
WASO: Gentle Cleanser,Shiseido,cleanser,28.0,"Sodium Laureth Sulfate, Cocamidopropyl Betaine, PEG8 Diisostearate, Glycerin, Sodium Chloride, Phenoxyethanol, Sodium Benzoate, Isostearic Acid, Fragrance, PEG10 Dimethicone, Caramel, Ethylhexyl Methoxycinnamate, Disodium Edta, Citric Acid, Limonene, Betaine, Honey, Butylene Glycol, Tocopherol, Royal Jelly Extract, BHT.",262,2129,5.0,0.0,https://www.sephora.com/product/waso-quick-gentle-cleanser-P421772?icid2=products%20grid:p421772,5.0,5.6
The 2 in 1 Oil Mask,SEPHORA COLLECTION,cleanser,6.0,"Cetyl Ethylhexanoate, Caprylic/Capric Triglyceride, Polyglyceryl10 Dioleate, Pentaerythrityl Tetraethylhexanoate, Hydrogenated Polyisobutene, Polyglyceryl2 Sesquicaprylate, Hydrogenated C614 Olefin Polymers, Helianthus Annuus (Sunflower) Seed Oil, Limnanthes Alba (Meadowfoam) Seed Oil, Tocopherol, Parfum (Fragrance), Glycine Soja (Soybean) Oil, Aloe Barbadensis Leaf Extract, Bixa Orellana Seed Oil.",10,993,0.0,0.0,https://www.sephora.com/product/the-2-in-1-oil-mask-P445448?icid2=products%20grid:p445448,4.92609452736319,1.2180034237409656
Wrinkle Revenge® Antioxidant Enhanced Glycolic Acid Facial Cleanser,DERMAdoctor,cleanser,32.0,"Glycolic Acid, Sorbitol, Cetyl Alcohol, Stearyl Alcohol, Ammonium Hydroxide, Ammonium Lauryl Sulfate, Camellia Sinensis (White Tea) Leaf Extract, Punica Granatum (Pomegranate) Extract, Ubiquinone, Sodium Ascorbyl Phosphate, Tocopheryl Acetate, Glycerin, Caprylic/Capric Triglyceride, Methylparaben, Propylparaben.",22,837,6.0,0.0,https://www.sephora.com/product/wrinkle-revenge-antioxidant-enhanced-glycolic-acid-facial-cleanser-P407041?icid2=products%20grid:p407041,6.0,5.333333333333333
High Potency Classics: Nutritive Cleanser,Perricone MD,cleanser,35.0,"Sodium Laureth Sulfate, Lauryl Glucoside, Cocamidopropyl Betaine, PPG2 Hydroxyethyl Coco/Isostearamide, Dimethyl MEA, Thioctic Acid, Magnesium Aspartate, Zinc Gluconate, Copper Gluconate, Citric Acid, Sodium Chloride, Disodium EDTA, Benzophenone4, Methylchloroisothiazolinone, Methylisothiazolinone, Fragrance/Parfum.",433,6422,6.0,0.0,https://www.sephora.com/product/nutritive-cleanser-P211307?icid2=products%20grid:p211307,6.0,5.833333333333333
Cleansing Oil Capsules,Eve Lom,cleanser,75.0,"Caprylic/Capric Triglyceride, Vitis Vinifera (Grape) Seed Oil, Isopropyl Isostearate, Isopropyl Myristate, Triisostearin, Crambe Abyssinica Seed Oil, Laureth7 Citrate, Camelina Sativa Seed Oil, C1213 Pareth3, Polyglyceryl4 Oleate, Chamomilla Recutita (Matricaria) Flower Oil, Eucalyptus Globulus Leaf Oil, Eugenia Caryophyllus (Clove) Leaf Oil, Humulus Lupulus (Hops) Cone Oil, Magnolia Officinalis Bark Extract, Tocopherol, Eugenol, Limonene.",3,935,0.0,2.0,https://www.sephora.com/product/cleansing-oil-capsules-P450240?icid2=products%20grid:p450240,2.0,37.5
Revitalizing Supreme+ Global Anti-Aging Instant Refinishing Facial,Estée Lauder,cleanser,59.0,"Revitalizing Supreme+ Inst Refnshg   Division: El (Estee Lauder)Ingredients: Tridecyl Stearate , Tridecyl Trimellitate , Dipentaerythrityl Hexacaprylate/Hexacaprate , Butylene Glycol , Glyceryl Stearate , Cocos Nucifera (Coconut) Oil , Silica , Caprylic/Capric Triglyceride , Acetyl Glucosamine , Cetearyl Alcohol , Ceteareth20 , Hexyldecyl Stearate , Moringa Oleifera Seed Extract , Opuntia Tuna Extract , Laminaria Digitata Extract , Whey Protein/Lactis Protein/Proteine Du PetitLait , Algae Extract , Disodium Cocoamphodipropionate , Caprylyl Glycol , Sorbitol , Artemia Extract , Acetyl Hexapeptide8 , Bisabolol , Caffeine , Glycerin , Sodium Hyaluronate , Stearyl Alcohol , Oleth10 Phosphate , Fragrance , Carbomer , 1,2Hexanediol , Isoceteth20 , Triethanolamine , Potassium Sorbate , Disodium Edta , Chlorphenesin , Phenoxyethanol , Yellow 5 (Ci 19140) , Red 4 (Ci 14700) <iln43062></iln43062>",6,729,2.5,0.0,https://www.sephora.com/product/revitalizing-supreme-global-anti-aging-instant-refinishing-facial-P422653?icid2=products%20grid:p422653,2.5,23.6
Amazing Exfoliating Water,KENZOKI,cleanser,29.0,Lemon Extract: Exfoliates and removes dead cells.,7,885,6.7,0.0,https://www.sephora.com/product/amazing-exfoliating-water-P407623?icid2=products%20grid:p407623,6.7,4.3283582089552235
Cleansing Herb Water,belif,cleanser,26.0,"Dipropylene Glycol, Eucalyptus Globulus Leaf Extract***, Olive Oil PEG7 Esters, PEG6 Caprylic/Capric Glycerides, 1,2Hexanediol, Mentha Rotundifolia Leaf Extract***, Rosa Canina Fruit Extract***, Arctium Lappa Root Extract***, Hypericum Perforatum Extract***, Peucedanum Graveolens (Dill) Extract***, Avena Sativa (Oat) Kernel Extract*, Calendula Officinalis Flower Extract*, Nepeta Cataria Extract*, Rubus Idaeus (Raspberry) Leaf Extract*, Baptisia Tinctoria Root Extract*, Stellaria Media (Chickweed) Extract*, Panthenol, Sodium Citrate, Trisodium EDTA, Fragrance**, Limonene. *Napiers Original Formula. **Fragrances of Natural Origin. ***Herb Extract 5%.",20,2808,6.75,0.0,https://www.sephora.com/product/cleansing-herb-water-P394629?icid2=products%20grid:p394629,6.75,3.8518518518518516
Advanced Night Micro Cleansing Foam,Estée Lauder,cleanser,32.0,"Advanced Night Micro Cleansing Fm   Division: El (Estee Lauder)Ingredients: Sodium Cocoyl Isethionate , Butylene Glycol , Lauramidopropyl Betaine , Glycol Distearate , Glycerin , Sucrose , Citrullus Vulgaris (Watermelon) Fruit Extract , Lens Esculenta (Lentil) Fruit Extract , Pyrus Malus (Apple) Fruit Extract , Acrylates/C1030 Alkyl Acrylate Crosspolymer , Silybum Marianum (Lady'S Thistle) Extract , Anthemis Nobilis (Chamomile) Flower Extract , Cocos Nucifera (Coconut) Oil , Carthamus Tinctorius (Safflower) Seed Oil , Lavandula Angustifolia (Lavender) Oil , Polygonum Cuspidatum Root Extract , Caffeine , Cholesterol , Ceteth20 , Sodium Pca , Algae Extract , Polyquaternium10 , Sodium Lactate , Peg6 Caprylic/Capric Glycerides , Sodium Chloride , Lauric Acid , Peg150 Pentaerythrityl Tetrastearate , Methyldihydrojasmonate , Tocopheryl Acetate , Ethylhexylglycerin , Sodium Hydroxide , Potassium Sorbate , Disodium Edta , Bht , Phenoxyethanol , Linalool , Titanium Dioxide (Ci 77891) <iln42230></iln42230>",22,1578,3.4,0.0,https://www.sephora.com/product/advanced-night-micro-cleansing-foam-P408273?icid2=products%20grid:p408273,3.4,9.411764705882353
Green Barley Refining Bubble Cleanser,innisfree,cleanser,14.0,"Lauric Acid, Glycerin, Myristic Acid, Peg8, Sorbitol, Potassium Hydroxide, Peg75, Alcohol, Saccharomyces/Barley Seed Ferment Filtrate, Cocamidopropyl Betaine, Peg60 Hydrogenated Castor Oil, Fragrance, Potassium Cocoyl Glycinate, Sodium Chloride, Disodium Edta, Propanediol, Hordeum Vulgare Seed Extract, Oryza Sativa (Rice) Extract, Sodium Benzoate, Phenoxyethanol, Camellia Japonica Leaf Extract, Camellia Sinensis Leaf Extract, Citrus Unshiu Peel Extract, Opuntia Coccinellifera Fruit Extract, Orchid Extract, Ethylhexylglycerin, Citric Acid.",3,623,5.07,0.0,https://www.sephora.com/product/green-barley-refining-bubble-cleanser-P449863?icid2=products%20grid:p449863,5.07,2.7613412228796843
Magic Mattifying Balm & Blotting Sheet Duo,trèStiQue,cleanser,28.0,90% Natural Wood Paper Pulp,9,2711,0.21,0.0,https://www.sephora.com/product/magic-mattifying-balm-blotting-sheet-duo-P416573?icid2=products%20grid:p416573,0.21,133.33333333333334
Extra-Gentle Bi-Phase Makeup Remover For Eyes & Lips,SEPHORA COLLECTION,cleanser,14.0,"Hydrogenated Polyisobutene, Butylene Glycol,Undecane, Tridecane, 1,2Hexanediol,Fructose,  Phenoxyethanol , Fragrance,  Disodium EDTA, Gossypium Herbaceum (Cotton) Seed Oil, PPG26Buteth26, PEG40 Hydrogenated Castor Oil, Xanthan Gum,Sodium Hydroxide,Caramel, Tocopherol, Helianthus Annuus (Sunflower) Seed Oil, CI 16035 (Red 40).",36,2133,4.22,0.0,https://www.sephora.com/product/extra-gentle-bi-phase-makeup-remover-for-eyes-lips-P429979?icid2=products%20grid:p429979,4.22,3.3175355450236967
Light Controlling Lotion,Erno Laszlo,cleanser,68.0,"Alcohol Denat., Glycerin, Polysorbate 80, Fragrance, Alpha Isomethyl Ionone, Amyl Cinnamal, Amylcinnamyl Alcohol, Benzyl Alcohol, Benzyl Benzoate, Benzyl Salicylate, Cinnamyl Alcohol, Citral, Citronellol, Eugenol, Geraniol, Hexyl Cinnamal, Hydroxycitronellol, Isoeugenol, Limonene, Linalool",16,1406,6.8,0.0,https://www.sephora.com/product/light-controlling-lotion-P392629?icid2=products%20grid:p392629,6.8,10.0
Oil-Control Toner,Jack Black,cleanser,25.0,"Water Hamamelis Virginiana (Witch Hazel/Hamamélis) Butylene Glycol, Polysorbate 20, Propanediol, Lactic Acid, Salicylic Acid, Glycerin, Menthyl Lactate, Geranium Maculatum Oil, Rosmarinus Oficinalis (Rosemary/Romarin) Leaf Oil, Moringa Pterygosperma Seed Extract, Betula Alba Juice, Hydrolyzed Rhodophycea Extract, Saccharomyces Ferment Filtrate, Iris Germanica Florentina Root Extract, Leuconostoc Ferment Filtrate, Sodium Hyaluronate, Anthemis Nobilis Flower Oil, Aloe Barbadensis (Aloe Vera) Leaf Extract*, Anthemis Nobilis Flower Extract*, Cucumis Sativus (Cucumber/Concombre) Fruit Extract*, Panax Ginseng Root Extract*, Biotin, Retinyl Palmitate, Tocopheryl Acetate, Sodium Citrate, Citric Acid, Sodium Benzoate, Potassium Sorbate, Benzoic Acid, Oleth20, Caprylic/Capric Triglyceride, Disodium EDTA, Zinc PCA, Phenoxyethanol *Certified Organic/Certifiés Biologiques.",1,301,8.0,0.0,https://www.sephora.com/product/oil-control-toner-P432240?icid2=products%20grid:p432240,8.0,3.125
Facial cleansing and exfoliating tool,SEPHORA COLLECTION,cleanser,8.0,"Water Hamamelis Virginiana (Witch Hazel/Hamamélis) Butylene Glycol, Polysorbate 20, Propanediol, Lactic Acid, Salicylic Acid, Glycerin, Menthyl Lactate, Geranium Maculatum Oil, Rosmarinus Oficinalis (Rosemary/Romarin) Leaf Oil, Moringa Pterygosperma Seed Extract, Betula Alba Juice, Hydrolyzed Rhodophycea Extract, Saccharomyces Ferment Filtrate, Iris Germanica Florentina Root Extract, Leuconostoc Ferment Filtrate, Sodium Hyaluronate, Anthemis Nobilis Flower Oil, Aloe Barbadensis (Aloe Vera) Leaf Extract*, Anthemis Nobilis Flower Extract*, Cucumis Sativus (Cucumber/Concombre) Fruit Extract*, Panax Ginseng Root Extract*, Biotin, Retinyl Palmitate, Tocopheryl Acetate, Sodium Citrate, Citric Acid, Sodium Benzoate, Potassium Sorbate, Benzoic Acid, Oleth20, Caprylic/Capric Triglyceride, Disodium EDTA, Zinc PCA, Phenoxyethanol *Certified Organic/Certifiés Biologiques.",28,2486,0.0,0.0,https://www.sephora.com/product/facial-cleansing-exfoliating-tool-P439673?icid2=products%20grid:p439673,4.92609452736319,1.6240045649879542
Grapefruit Creamy Scrub,SEPHORA COLLECTION,cleanser,6.0,"Aqua (Water), Glyceryl Stearate, Glycerin, Dicaprylyl Carbonate, Palmitic Acid, Stearic Acid, Hydrated Silica, Caprylyl/Capryl Glucoside, Sodium Polyacrylate, Cetearyl Glucoside, Hydroxyacetophenone, Sorbitan Olivate, Citrus Aurantium Dulcis (Orange) Peel Powder, Parfum (Fragrance), Potassium Cetyl Phosphate, Butylene Glycol, Microcrystalline Cellulose, Xanthan Gum, OCymen5Ol, Cellulose, Cetearyl Alcohol, Sodium Hydroxide, Diethylhexyl Syringylidenemalonate, Citrus Paradisi (Grapefruit) Fruit Extract, Charcoal Powder, Citric Acid, CI 16035 (Red 40), Caprylic/Capric Triglyceride, CI 19140 (Yellow 5), Tocopherol, Denatonium Benzoate.",2,237,0.0,0.0,https://www.sephora.com/product/sephora-collection-grapefruit-creamy-scrub-P455214?icid2=products%20grid:p455214,4.92609452736319,1.2180034237409656
Canadian Clay Pore Cleanser,Neogen Dermalogy,cleanser,27.0,"Kaolin, Glycerin, Stearic Acid, Myristic Acid, Methyl Perfluoroisobutyl Ether, Potassium Hydroxide, 1,2Hexanediol, Bentonite, Canadian Colloidal Clay, Carbonated Butylene Glycol, Coptis Chinensis Root Extract, Saccharum Officinarum (Sugar Cane) Extract, Maltose , Carbon Dioxide, Sodium Hyaluronate , Allantoin, BetaGlucan, Aristotelia Chilensis Fruit Extract, Gardenia Blue Color, Oldenlandia Diffusa Extract, Polygonum Multiflorum Root Extract, Centella Asiatica Extract, Solanum Melongena (Eggplant) Fruit Extract, Cassia Obtusifolia Seed Extract, Porphyra Tenera Extract, Fagus Sylvatica Seed Extract, Dictyopteris Membranacea Extract , Allium Sativum (Garlic) Bulb Extract, Prunus Mume Fruit Extract, Polygonum Fagopyrum (Buckwheat) Seed Extract, Rubus Coreanus Fruit Extract, Mirabilis Jalapa Seed Extract, Sepia, Charcoal Powder, Aronia Melanocarpa Fruit Extract, Euterpe Oleracea Fruit Extract, Sambucus Nigra Fruit Extract, Morus Alba Fruit Extract, Rhus Semialata Gall Extract, Cinnamomum Cassia Bark Extract, Rose Extract, Inonotus Obliquus (Mushroom) Extract, Anona Cherimolia Fruit Extract, Theobroma Cacao (Cocoa) Extract, Coffea Arabica Fruit Extract, Vitis Vinifera (Grape) Fruit Extract , Corthellus Shiitake (Mushroom) Extract, Piper Nigrum (Pepper) Seed Extract, Black Sugar Extract , Passiflora Edulis Fruit Extract, Psidium Guajava Fruit Extract, Chrysanthemum Sibiricum Extract , Swiftlet Nest Extract, Honey Extract, Sarcodon Aspratus Extract, Laminaria Japonica Extract, Angelica Gigas Root Extract, Portulaca Oleracea Extract, Lepidium Meyenii Root Extract, Malva Sylvestris (Mallow) Extract, Garcinia Mangostana Peel Extract, Mangifera Indica (Mango) Fruit Extract, Malt Extract, Chaenomeles Sinensis Fruit Extract, Musa Sapientum (Banana) Fruit Extract, Caulerpa Lentillifera Extract, Ledebouriella Seseloides Root Extract, Angelica Dahurica Root Extract , Atractyloides Japonica Rhizome Extract, Lilium Tigrinum Extract, Ribes Nigrum (Black Currant) Fruit Extract, Cornus Officinalis Fruit Extract, Hippophae Rhamnoides Extract, Achillea Millefolium Extract, Opuntia FicusIndica Extract, Acer Saccharum (Sugar Maple) Extract, Pinus Densiflora Extract, Oryza Sativa (Rice) Bran Extract, Argania Spinosa Kernel Extract, Linum Usitatissimum (Linseed) Seed Extract, Angelica Archangelica Root Extract, Aloe Barbadensis Leaf Extract, Forsythia Suspensa Fruit Extract, Nelumbo Nucifera Flower Extract, Citrus Aurantium Dulcis (Orange) Flower Extract , Schizandra Chinensis Fruit Extract, Cucumis Sativus (Cucumber) Fruit Extract, Hibiscus Esculentus Fruit Extract, Laurus Nobilis Leaf Extract, Hamamelis Virginiana (Witch Hazel) Leaf Extract, Citrus Junos Fruit Extract, Lithospermum Erythrorhizon Root Extract, Magnolia Liliflora Flower Extract , Paeonia Lactiflora Root Extract, Dioscorea Japonica Root Extract, Acorus Calamus Root Extract, Cnidium Officinale Root Extract, Asparagus Cochinchinensis Root Extract, Averrhoa Carambola Fruit Extract, Uncaria Tomentosa Extract, Cocos Nucifera (Coconut) Fruit Extract, Chenopodium Quinoa Seed Extract, Salicornia Herbacea Extract, Plumeria Rubra Flower Extract, Hydrolyzed Coral, Amber Extract, Laminaria Digitata Extract, Panax Ginseng Root Extract, Agaricus Blazei Extract, Tremella Fuciformis (Mushroom) Extract, Disodium EDTA, Fragrance.",58,4526,4.2,0.0,https://www.sephora.com/product/canadian-clay-pore-cleanser-P418823?icid2=products%20grid:p418823,4.2,6.428571428571428
Hydra Melting Cleanser,Omorovicza,cleanser,95.0,"Glycerin, Caprylic/Capric Triglyceride, Sucrose Stearate, Phenoxyethanol, Microcrystalline Cellulose, Copper Gluconate, Prunus Armeniaca (Apricot) Kernel Oil, Ethylhexylglycerin, Oenothera Biennis (Evening Primrose) Oil, Cellulose Gum, Tocopheryl Acetate, Xanthan Gum, Salvia Lavandulaefolia Leaf Oil, Faex (Yeast Extract), Cinnamomum Camphora (Camphor) Bark Oil, Pelargonium Graveolens Flower Oil, Hippophae Rhamnoides Oil, Brassica Campestris (Rapeseed) Seed Oil, Limonene, Citronellol, Linalool, Rosmarinus Officinalis (Rosemary) Leaf Extract, Geraniol, Anthemis Nobilis Flower Oil, Malva Sylvestris (Mallow) Flower Extract, Phospholipids, Citric Acid, Sodium Benzoate, Potassium Sorbate, Helianthus Annuus (Sunflower) Seed Oil.",5,929,3.4,0.0,https://www.sephora.com/product/hydra-melting-cleanser-P434337?icid2=products%20grid:p434337,3.4,27.941176470588236
Yo Glow Facial Enzyme Scrub,Wishful,cleanser,39.0,"Cellulose, Butylene Glycol, Propylene Glycol, Alcohol, 1,2Hexanediol, Bromelain, Ananas Sativus (Pineapple) Fruit Extract, Papain, Carica Papaya (Papaya) Fruit Extract, Citric Acid, Lactic Acid, Malic Acid, Salicylic Acid, Tartaric Acid, Glycolic Acid, Zingiber Officinale (Ginger) Root Extract, Glycerin, Rosa Centifolia (Rose) Flower Extract, Cocos Nucifera (Coconut) Fruit Extract, Prunus Amygdalus Dulcis (Sweet Almond) Oil, Salix Alba (Willow) Bark Extract, Saccharum Officinarum (Sugarcane) Extract/Saccharum Officinarum/Extrait De Canne À Sucre, Acer Saccharum (Sugar Maple) Extract, Camellia Japonica (Camellia) Leaf Extract, Citrus Paradisi (Grapefruit) Seed Extract, Phellodendron Amurense (Cork Tree) Bark Extract, Mannitol, Psidium Guajava (Guava) Leaf Extract, Camellia Sinensis (Tea Plant) Leaf Extract, Mangifera Indica (Mango) Fruit Extract, Musa Sapientum (Banana) Fruit Extract, Passiflora Edulis (Passionfruit) Fruit Extract, Citrus Aurantium Dulcis (Orange) Fruit Extract, Citrus Limon (Lemon) Fruit Extract, Vaccinium Myrtillus (Blueberry) Fruit Extract, Magnolia Officinalis (Magnolia) Bark Extract, Sodium Hyaluronate, Ethylhexylglycerin, Gluconolactone, Polysorbate 20, Carbomer, Tromethamine, Propanediol, Disodium Edta, Phenoxyethanol, Benzyl Alcohol, Fragrance/Parfum.",4,605,3.38,0.0,https://www.sephora.com/product/wishful-by-huda-yo-glow-facial-enzyme-scrub-P455676?icid2=products%20grid:p455676,3.38,11.538461538461538
Facial Scrub,Anthony,cleanser,36.0,"Polyethylene, Disodium Laureth Sulfosuccinate, CocoBetaine, Acrylates/C1030 Alkyl Acrylate Crosspolymer, Sodium Lauroyl Sarcosinate, Decyl Glucoside, Glycerin, Peg7 Glyceryl Cocoate,  Simmondsia Chinensis (Jojoba) Seed Oil, Rice Oil Glycereth8 Esters, Coral Powder, Chamomilla Recutita (Matricaria) Flower Extract, Citrus Aurantium Dulcis (Orange) Flower Extract, Algae Extract, Aloe Barbadensis Leaf Juice Powder,  Propanediol, Panthenol, Fragrance (Parfum), Aminomethyl Propanol, Tetrasodium Edta, Ascorbic Acid, Phenoxyethanol, Benzyl Alcohol, Potassium Sorbate, Chlorphenesin, Sodium Benzoate, Methylisothiazolinone, Limonene, Blue 1 (Ci 42090), Red 4 (Ci 14700), Yellow 5 (Ci 19140)",71,2278,8.0,0.0,https://www.sephora.com/product/facial-scrub-P9036?icid2=products%20grid:p9036,8.0,4.5
Vitamin C Ester Citrus Brightening Cleanser,Perricone MD,cleanser,35.0,"Sodium Laureth Sulfate, Decyl Glucoside, Cocamidopropyl Betaine, PPG2 Hydroxyethyl Coco/Isostearamide, Sodium Chloride, Dimethyl MEA (DMAE), Ascorbyl Palmitate, Disodium EDTA, Citric Acid, Benzophenone4, Magnesium Aspartate, Zinc Gluconate, Fragrance, Limonene, Copper Gluconate, Methylchloroisothiazolinone, Methylisothiazolinone.",179,4645,6.0,0.0,https://www.sephora.com/product/citrus-facial-wash-P211326?icid2=products%20grid:p211326,6.0,5.833333333333333
Lathering Tube Soap,Bobbi Brown,cleanser,38.0,"Potassium Myristate, Glycerin, Potassium Behenate, Sodium Methyl Cocoyl Taurate, Potassium Palmitate, Potassium Laurate, Potassium Stearate, Persea Gratissima (Avocado) Oil, Triticum Vulgare (Wheat) Germ Oil, Simmondsia Chinensis (Jojoba) Seed Oil, Vitis Vinifera (Grape) Seed Oil, Sesamum Indicum (Sesame) Seed Oil, Rosa Canina (Rose) Fruit Oil, Limnanthes Alba (Meadowfoam) Seed Oil, Olea Europaea (Olive) Fruit Oil, Prunus Amygdalus Dulcis (Sweet Almond) Oil, Oenothera Biennis (Evening Primrose) Oil, Prunus Armeniaca (Apricot) Kernel Oil, Brassica Campestris (Rapeseed) Seed Oil, Citrus Grandis (Grapefruit California), Lavandula Angustifolia (Lavender), Rosmarinus Officinalis (Rosemary), Squalane, Cetearyl Alcohol, Petrolatum, Butyrospermum Parkii (Shea Butter), Methyldihydrojasmonate, Polyquaternium7, Peg3 Distearate, Disodium Edta, Limonene, Linalool, Methylchloroisothiazolinone, Methylisothiazolinone <iln31234></iln31234>",46,1782,4.2,0.0,https://www.sephora.com/product/lathering-tube-soap-P270590?icid2=products%20grid:p270590,4.2,9.047619047619047
ExfoliKate® Gentle Exfoliating Treatment,Kate Somerville,cleanser,65.0,"Polyethylene, Lactic Acid, Glycereth26, Prunus Amygdalus Dulcis (Sweet Almond) Oil, Sesamum Indicum (Sesame) Seed Oil, Stearic Acid, Mel, Hydroxylated Lecithin, Papain, Polyacrylamide, Ceteareth20, Cetearyl Alcohol, Triethanolamine, C1314 Isoparaffin, Cetyl Alcohol, Butylene Glycol, Glyceryl Stearate, PEG100 Stearate, Laureth7, Caffeine, Chlorphenesin, Citrus Aurantium Dulcis (Orange) Peel Oil, Phospholipids, Dehydroxanthan Gum, Cucurbita Pepo (Pumpkin) Seed Extract, Pelargonium Graveolens Flower Oil, Bromelain, Potassium Sorbate, Sodium Benzoate, Ascorbyl Palmitate, Disodium EDTA, Melissa Officinalis Leaf Oil, Retinyl Palmitate, Salvia Officinalis (Sage) Oil, Tocopheryl Acetate, Aloe Barbadensis Leaf Juice Powder, Limonene, Linalool, Citral, ChlorophyllinCopper Complex (CI 75810)",151,4909,2.0,0.0,https://www.sephora.com/product/exfolikate-gentle-exfoliating-treatment-P232925?icid2=products%20grid:p232925,2.0,32.5
Detox Daily Cleanser,Kate Somerville,cleanser,36.0,"Sodium Laureth Sulfate, Acrylates Copolymer, Cocamidopropyl Betaine, Glycerin, Polysorbate 20, Phytic Acid, Sodium Hydroxide, Salicylic Acid, Sodium Citrate, Butylene Glycol, Citrus Reticulata (Tangerine) Peel Oil, Sodium PCA, Melaleuca Alternifolia (Tea Tree) Leaf Oil, Cyanocobalamin, Urea, Panthenol, Glycolic Acid, Lactic Acid, Allantoin, Aloe Barbadensis Leaf Juice Powder, Sodium Riboflavin Phosphate, Citric Acid, Disodium EDTA, Potassium Sorbate, Sodium Benzoate, Chlorphenesin, Limonene.",515,11717,0.0,4.0,https://www.sephora.com/product/detox-daily-cleanser-P232905?icid2=products%20grid:p232905,4.0,9.0
Gentle Foaming Face Wash,Skin Laundry,cleanser,20.0,"Sodium Lauroyl Methyl Isethionate, Cocamidopropyl Betaine, Sodium Methyl Cocoyl Taurate, Sodium Cocoyl Isethionate, Glycerin, Cetyl Betaine, Chamomilla Recutita (Matricaria) Flower Extract, Cucumis Sativus (Cucumber) Fruit Extract, PEG50 Shea Butter, Panthenol, Sodium PCA, Hexylene Glycol, Citric Acid, Ethylhexylglycerin, Caprylyl Glycol, Phenoxyethanol, Fragrance.",194,7229,6.7,0.0,https://www.sephora.com/product/gentle-foaming-face-wash-P416312?icid2=products%20grid:p416312,6.7,2.9850746268656714
Ain’t Misbehavin’® Medicated AHA/BHA Acne Cleanser,DERMAdoctor,cleanser,32.0,"Aqua (Water), Glycolic Acid, Sodium Glycolate, Sorbitol, Ammonium Lauryl Sulfate, Cetyl Alcohol, Stearyl Alcohol, Caprylic/Capric Triglyceride, Arachidyl Alcohol, Behenyl Alcohol, Arachidyl Glucoside, Glyceryl Stearate, PEG100 Stearate, Hamamelis Virginiana (Witch Hazel) Extract, Methyl Methacrylate/Glycol Dimethacrylate Crosspolymer, Allantoin, Disodium EDTA, Methylparaben, Propylparaben.",748,8296,7.1,0.0,https://www.sephora.com/product/ain-t-misbehavin-medicated-aha-bha-acne-cleanser-P181704?icid2=products%20grid:p181704,7.1,4.507042253521127
Purify Clarifying Cleanser,Kate Somerville,cleanser,34.0,"Sodium Laureth Sulfate, Sodium C1416 Olefin Sulfonate, Cocamidopropyl Betaine, Glycol Stearate, Methyl Gluceth10, Sodium Chloride, Menthyl Lactate, Salicylic Acid, Glycerin, PPG26Buteth26, Butylene Glycol, Chlorphenesin, PEG40 Hydrogenated Castor Oil, PEG120 Methyl Glucose Dioleate, Rosmarinus Officinalis (Rosemary) Extract, Citrus Aurantium Dulcis (Orange) Peel Oil, Mentha Piperita (Peppermint) Oil, Potassium Sorbate, Sodium Benzoate, Sodium Citrate, Disodium EDTA, Lavandula Angustifolia (Lavender) Oil, Tocopheryl Acetate, Limonene, Linalool",73,1319,4.0,0.0,https://www.sephora.com/product/purify-clarifying-cleanser-P232913?icid2=products%20grid:p232913,4.0,8.5
Cold Cream Moisturizing Cleanser + Makeup Remover,Kate Somerville,cleanser,48.0,"Tridecyl Stearate,Tridecyl Trimellitate, Stearyl Alcohol, Dipentaerythrityl Hexacaprylate/Hexacaprate, Steareth2, Steareth21, Undecane, Propanediol,Tridecane, Bellis Perennis (Daisy) Flower Extract, Jasminum Officinale (Jasmine) Flower/Leaf Extract, Rosa Centifolia Flower Extract, Honey Extract, Tocopherol, Tocopheryl Acetate, Helianthus Annuus (Sunflower) Seed Oil, Glycerin, Xanthan Gum, Sodium Polyacrylate, 1,2Hexanediol, Caprylhydroxamic Acid, Parfum/Fragrance, Sodium Benzoate, Phenoxyethanol, Potassium Sorbate, Benzyl Benzoate, Linalool, Hexyl Cinnamal, Limonene, Benzyl Salicylate.",140,5003,3.0,0.0,https://www.sephora.com/product/cold-cream-moisturizing-cleanser-makeup-remover-P430810?icid2=products%20grid:p430810,3.0,16.0
Buffing Grains Exfoliate For Face,Bobbi Brown,cleanser,50.0,"Tridecyl Stearate,Tridecyl Trimellitate, Stearyl Alcohol, Dipentaerythrityl Hexacaprylate/Hexacaprate, Steareth2, Steareth21, Undecane, Propanediol,Tridecane, Bellis Perennis (Daisy) Flower Extract, Jasminum Officinale (Jasmine) Flower/Leaf Extract, Rosa Centifolia Flower Extract, Honey Extract, Tocopherol, Tocopheryl Acetate, Helianthus Annuus (Sunflower) Seed Oil, Glycerin, Xanthan Gum, Sodium Polyacrylate, 1,2Hexanediol, Caprylhydroxamic Acid, Parfum/Fragrance, Sodium Benzoate, Phenoxyethanol, Potassium Sorbate, Benzyl Benzoate, Linalool, Hexyl Cinnamal, Limonene, Benzyl Salicylate.",29,4860,0.99,0.0,https://www.sephora.com/product/buffing-grains-for-face-P378154?icid2=products%20grid:p378154,0.99,50.505050505050505
"Calm, Cool & Corrected® Tranquility Cleanser for Seborrheic Dermatitis & Dandruff",DERMAdoctor,cleanser,32.0,"Pyrithione Zinc 2% , Sodium Laureth Sulfate, Cocamidopropyl Betaine, PEG7 Glyceryl Cocoate, Polyquaternium7, Acrylates/C 1030 Alkyl Acrylate Crosspolymer, Allantoin, PEG12 Dimethicone, Sodium Hydroxide, Phenoxyethanol, Methylparaben, Ethylparaben, Propylparaben, Butylparaben, Isobutylparaben.",13,1217,6.0,0.0,https://www.sephora.com/product/calm-cool-corrected-calming-tranquility-cleanser-with-2-pyrithione-zinc-for-seborrheic-dermatitis-P406921?icid2=products%20grid:p406921,6.0,5.333333333333333
Color Smart Cleanser & Mask,Dr. Dennis Gross Skincare,cleanser,28.0,"Glycerin, Isopentyldiol, Myristic Acid, Sodium Methyl Cocoyl Taurate, Lauric Acid, Palmitic Acid, Stearic Acid, Titanium Dioxide (CI 77891), Polyglyceryl10 Pentastearate, Ascorbyl Tetraisopalmitate, Sodium Ascorbyl Phosphate, Citric Acid, Citrus Aurantium Dulcis (Orange) Oil, Sodium Hyaluronate, 3OEthyl Ascorbic Acid, Carica Papaya (Papaya) Fruit Extract, Citrus Aurantium Dulcis (Orange) Peel Extract, Kaolin, Centella Asiatica Extract, Algae Extract, Dipotassium Glycyrrhizate, Papain, Glycolic Acid, Retinyl Palmitate, Iris Florentina Root Extract, Rosa Damascena Extract, Camellia Sinensis Leaf Extract, Magnesium Aluminum Silicate, Maltodextrin, Montmorillonite, Behenyl Alcohol, Sucrose, Hydroxypropyl Methylcellulose, Sodium Stearoyl Lactylate, Glycol Distearate, Lecithin, Ethylcellulose, Polymethyl Methacrylate, Potassium Hydroxide, Phenoxyethanol, Mica, Iron Oxide (CI 77491, CI 77492).",32,2600,3.2,0.0,https://www.sephora.com/product/color-smart-cleanser-mask-P392949?icid2=products%20grid:p392949,3.2,8.75
Oil-in-Foam Cleanser,SEPHORA COLLECTION,cleanser,16.0,"Cetearyl Isononanoate, Isopropyl Palmitate, Butane, Glycereth26, Polysorbate 20, CocoGlucoside, Propane, Parfum (Fragrance), Coconut Alcohol, Phenoxyethanol, Sodium Acrylate/Sodium Acryloyldimethyl Taurate Copolymer, Isobutane, Isohexadecane, Polysorbate 80, Sorbitan Oleate, Citric Acid, Mel (Honey), Sodium Hydroxide.",23,2441,5.0,0.0,https://www.sephora.com/product/oil-in-foam-cleanser-P418358?icid2=products%20grid:p418358,5.0,3.2
Hydra Life Triple Impact Makeup Remover,Dior,cleanser,34.0,"Aqua (Water), Butylene Glycol, Poloxamer 184, Phenoxyethanol, Sodium Trideceth Sulfate, Sodium Lauroamphoacetate, Sodium Citrate, Dipotassium Glycyrrhizate, Hexylene Glycol, Sodium Chloride, Citric Acid, Isopropyl Alcohol, Lilium Candidum Bulb Extract, Potassium Ascorbyl Tocopheryl Phosphate, Ci 42090 (Blue 1), Camellia Sinensis Leaf ExtractHydrogenated Polyisobutene, Paraffinum Liquidum (Mineral Oil), Tocopherol.",31,1668,4.2,0.0,https://www.sephora.com/product/hydra-life-triple-impact-makeup-remover-P429674?icid2=products%20grid:p429674,4.2,8.095238095238095
Micro Cleanse Super Scrub,Alpha-H,cleanser,50.0,"Caprylic/Capric Triglyceride, Glycolic Acid, Glyceryl Stearate, Hydrogenated Jojoba Oil, Potassium Hydroxide, Glycerin, Ceteth20, Cetearyl Alcohol, Cetyl Alcohol, Oryza Sativa (Rice) Bran Cera,  Macadamia Integrifolia (Macadamia) Seed Oil, Phenoxyethanol, Caffeine, Tocopheryl Acetate, Caprylyl Glycol, Dimethicone, Xanthan Gum, Coffea Arabica (Coffee) Seed Extract, Mentha Piperita (Peppermint) Oil, Cucumis Sativus (Cucumber) Fruit Extract.",2,421,3.38,0.0,https://www.sephora.com/product/micro-cleanse-super-scrub-P442544?icid2=products%20grid:p442544,3.38,14.792899408284024
Capture Totale C.E.L.L. ENERGY High-Performance Gentle Cleanser,Dior,cleanser,45.0,"Aqua (Water), Peg40 Glyceryl Cocoate, CocoBetaine, Glycerin, Butylene Glycol, Sodium Coceth Sulfate, Maltitol, Sodium Cocoyl Isethionate, Sodium Methyl Cocoyl Taurate, Peg120 Methyl Glucose Dioleate, Aframomum Angustifolium Seed Extract, Paeonia Lactiflora Root Extract, Lilium Candidum Bulb Extract, Jasminum Officinale (Jasmine) Flower Extract, Sodium Surfactin, Polyquaternium22, Hydrolyzed Soy Protein, Ascorbyl Glucoside, Xylitol, Trehalose, Palmaria Palmata Extract, Niacinamide, Parfum (Fragrance), Caprylyl Glycol, Disodium Edta, Lactic Acid, Sodium Hydroxide, Sodium Benzoate, Potassium Sorbate, Sodium Metabisulfite.",0,92,5.0,0.0,https://www.sephora.com/product/dior-capture-totale-cell-energy-high-performance-gentle-cleanser-P454809?icid2=products%20grid:p454809,5.0,9.0
C-Firma™ Vitamin C Day Serum,Drunk Elephant,facial-treatments,80.0,"Dimethyl Isosorbide, Ascorbic Acid, Laureth23, Glycerin, Lactobacillus/Pumpkin Ferment Extract, Sclerocarya Birrea Seed Oil, Dipotassium Glycyrrhizate, Glycyrrhiza Glabra (Licorice) Root Extract, Vitis Vinifera (Grape) Juice Extract, Phyllanthus Emblica Fruit Extract, Camellia Sinensis Leaf Extract, Tocopherol, Lactobacillus/Punica Granatum Fruit Ferment Extract, Sodium Hyaluronate Crosspolymer, Hydrolyzed Quinoa, Phytosterols, Glutamylamidoethyl Imidazole, Hydrolyzed Wheat Protein, Ferulic Acid, Acetyl Glucosamine, Sodium Hyaluronate, Tetrahydrobisdemethoxydiferuloylmethane, Tetrahydrodemethoxydiferuloylmethane, Tetrahydrodiferuloylmethane, Glycine, Leuconostoc/Radish Root Ferment Filtrate, Sucrose, Maltodextrin, Chondrus Crispus Extract, Hydroxyethyl Acrylate/Sodium Acryloyldimethyl Taurate Copolymer, Isohexadecane, Phenoxyethanol, Caprylhydroxamic Acid, Caprylyl Glycol, Sorbitan Isostearate, Propanediol, Pentylene Glycol, Xanthan Gum, Butylene Glycol, Sodium Hydroxide, Chlorphenesin, Polysorbate 60, Sodium Dehydroacetate, Potassium Sorbate, Sorbic Acid, Ethylhexylglycerin.",2000,185643,1.0,0.0,https://www.sephora.com/product/c-firma-day-serum-P400259?icid2=products%20grid:p400259,1.0,80.0
AHA 30% + BHA 2% Peeling Solution,The Ordinary,facial-treatments,7.2,"Glycolic Acid, Aloe Barbadensis Leaf Sodium Hydroxide, Daucus Carota Sativa Extract, Propanediol, Cocamidopropyl Dimethylamine, Salicylic Acid, Potassium Citrate, Lactic Acid, Tartaric Acid, Citric Acid, Panthenol, Sodium Hyaluronate Crosspolymer, Tasmannia Lanceolata Fruit/Leaf Extract, Glycerin, Pentylene Glycol, Xanthan gum, Polysorbate 20, Trisodium Ethylenediamine Disuccinate, Potassium Sorbate, Sodium Benzoate, Ethylhexylglycerin, 1,2Hexanediol, Caprylyl Glycol.",1000,157433,1.0,0.0,https://www.sephora.com/product/aha-30-bha-2-peeling-solution-P442563?icid2=products%20grid:p442563,1.0,7.2
Niacinamide 10% + Zinc 1%,The Ordinary,facial-treatments,5.9,"Niacinamide, Pentylene Glycol, Zinc PCA, Tamarindus Indica Seed Gum, Xanthan Gum, Isoceteth20, Ethoxydiglycol, Phenoxyethanol, Chlorphenesin.",1000,187642,0.0,1.0,https://www.sephora.com/product/the-ordinary-deciem-niacinamide-10-zinc-1-P427417?icid2=products%20grid:p427417,1.0,5.9
T.L.C. Framboos™ Glycolic Resurfacing Night Serum,Drunk Elephant,facial-treatments,90.0,"Glycolic Acid, Butylene Glycol, Glycerin, Sodium Hydroxide, Salicylic Acid, Lactic Acid, Citric Acid, Vitis Vinifera (Grape) Juice Extract, Aloe Barbadensis Leaf Juice, Opuntia FicusIndica Extract, Aesculus Hippocastanum (Horse Chestnut) Seed Extract, Camellia Sinensis Leaf Extract, Rubus Idaeus (Raspberry) Fruit Extract, Saccharomyces Cerevisiae Extract, Buddleja Davidii Meristem Cell Culture, Sclerocarya Birrea Seed Oil, Sodium Hyaluronate Crosspolymer, Allantoin, Hydroxyethylcellulose, Galactoarabinan, Propanediol, Disodium EDTA, Xanthan Gum, Hexylene Glycol, Phenoxyethanol, Caprylyl Glycol, Ethylhexylglycerin, Sodium Nitrate, Potassium Sorbate, Pentylene Glycol, Sodium Benzoate.",2000,181136,0.0,1.0,https://www.sephora.com/product/t-l-c-framboos-tm-glycolic-night-serum-P392246?icid2=products%20grid:p392246,1.0,90.0
Hyaluronic Acid 2% + B5,The Ordinary,facial-treatments,6.8,"Sodium Hyaluronate, Pentylene Glycol, Propanediol, Sodium Hyaluronate Crosspolymer, Panthenol, Ahnfeltia Concinna Extract, Glycerin, Trisodium Ethylenediamine Disuccinate, Citric Acid, Isoceteth20, Ethoxydiglycol, Ethylhexylglycerin, Hexylene Glycol, 1,2Hexanediol, Phenoxyethanol, Caprylyl Glycol.",1000,171150,0.0,1.0,https://www.sephora.com/product/the-ordinary-deciem-hyaluronic-acid-2-b5-P427419?icid2=products%20grid:p427419,1.0,6.8
Alpha Beta® Extra Strength Daily Peel,Dr. Dennis Gross Skincare,facial-treatments,88.0,"Sodium Bicarbonate, Resveratrol, Retinol, Ascorbic Acid, Ubiquinone, Ascorbyl Palmitate, Phospholipids, Retinyl Palmitate, Tocopheryl Acetate, Soy Isoflavones, Achillea Millefolium Extract , Camellia Sinensis Leaf Extract, Raphanus Sativus (Radish) Root Extract, Copper PCA, Sodium PCA, Zinc PCA, Lecithin, Polysorbate 20, Polysorbate 80, Alcohol, BHT, Octoxynol9, Simethicone, Tetrasodium EDTA, Sodium Benzoate, Phenoxyethanol.",5000,108002,0.0,0.0,https://www.sephora.com/product/alpha-beta-peel-extra-strength-daily-peel-P269122?icid2=products%20grid:p269122,1.3220803357314155,66.56176453249772
Truth Serum®,OLEHENRIKSEN,facial-treatments,24.0,"Sodium Ascorbyl Phosphate, Calcium Ascorbate, Sorbitol, Glycerin, Tocopheryl Acetate, Aloe Barbadensis Leaf Juice, Citrus Aurantium Dulcis (Orange) Fruit Extract, Camellia Sinensis Leaf Extract, Euphrasia Officinalis Extract, Rosa Canina Fruit Extract, Citrus Grandis (Grapefruit) Seed Extract, Oleth20, Hydroxyethylcellulose, PEG12 Dimethicone, Benzophenone4, Sodium Hyaluronate, Thioctic Acid, Phenoxyethanol, Citric Acid, Caprylyl Glycol, Hexylene Glycol, Limonene, Linalool, Citral, Fragrance, Yellow 6.",5000,201593,0.0,0.5,https://www.sephora.com/product/truth-serum-P42343?skuId=1910488&icid2=products%20grid:p42343,0.5,48.0
T.L.C. Sukari Babyfacial™  25% AHA + 2% BHA Mask,Drunk Elephant,facial-treatments,80.0,"Glycolic Acid, Hydroxyethyl Acrylate/Sodium Acryloyldimethyl Taurate Copolymer, Glycerin, Sodium Hydroxide, Salicylic Acid, Aloe Barbadensis Leaf Extract, Camellia Oleifera Leaf Extract, Lactobacillus/Pumpkin Ferment Extract, Lactobacillus/Punica Granatum Fruit Ferment Extract, Opuntia FicusIndica Extract, Pyrus Malus (Apple) Fruit Extract, Silybum Marianum Seed Extract, Saccharomyces Cerevisiae Extract, Vitis Vinifera (Grape) Juice Extract, Camellia Sinensis Leaf Powder, Cicer Arietinum Seed Powder, Sclerocarya Birrea Seed Oil, Passiflora Edulis Seed Oil, Leuconostoc/Radish Root Ferment Filtrate, Sodium Hyaluronate Crosspolymer, Sodium PCA, Allantoin, Dipotassium Glycyrrhizate, Dextrin, Polydextrose, Sorbitan Isostearate, Amylopectin, Niacinamide, Phytosphingosine, Lactic Acid, Propanediol, Citric Acid, Titanium Dioxide, Trisodium Ethylenediamine Disuccinate, Polysorbate 60, Caprylyl Glycol, Chlorphenesin, Phenoxyethanol.",1000,222440,0.0,1.69,https://www.sephora.com/product/t-l-c-sukari-babyfacial-P415777?icid2=products%20grid:p415777,1.69,47.337278106508876
B-Hydra™ Intensive Hydration Serum,Drunk Elephant,facial-treatments,48.0,"Coconut Alkanes, Ammonium Acryloyldimethyltaurate/VP Copolymer, Glycerin, Pentylene Glycol, Sclerocarya Birrea Seed Oil, Wheat Amino Acids, Ananas Sativus (Pineapple) Fruit Extract, Berberis Vulgaris Root Extract, Citrullus Lanatus (Watermelon) Fruit Extract, Lens Esculenta (Lentil) Fruit Extract, Pyrus Malus (Apple) Fruit Extract, CocoCaprylate/Caprate, Panthenol, Sodium PCA, Sodium Hyaluronate Crosspolymer, Dipotassium Glycyrrhizate, Niacinamide, Cyclodextrin, Sodium Hyaluronate, Sodium Lactate, Phenoxyethanol, Hydroxyproline, Trisodium Ethylenediamine Disuccinate, Citric Acid, Caprylyl Glycol, Chlorphenesin, Ethylhexylglycerin.",1000,109016,1.69,0.0,https://www.sephora.com/product/b-hydra-intensive-hydration-gel-P406712?icid2=products%20grid:p406712,1.69,28.402366863905325
"""Buffet""",The Ordinary,facial-treatments,14.8,"Glycerin, Lactococcus Ferment Lysate, Acetyl Hexapeptide8, Pentapeptide18, Palmitoyl Tripeptide1, Palmitoyl Tetrapeptide7, Palmitoyl Tripeptide38, Dipeptide Diaminobutyroyl Benzylamide Diacetate, Acetylarginyltryptophyl Diphenylglycine, Sodium Hyaluronate Crosspolymer, Sodium Hyaluronate, Allantoin, Glycine, Alanine, Serine, Valine, Isoleucine, Proline, Threonine, Histidine, Phenylalanine, Arginine, Aspartic Acid, Trehalose, Fructose, Glucose, Maltose, Urea, Sodium PCA, PCA, Sodium Lactate, Citric Acid, Hydroxypropyl Cyclodextrin, Sodium Chloride, Sodium Hydroxide, Butylene Glycol, Pentylene Glycol, Acacia Senegal Gum, Xanthan Gum, Carbomer, Polysorbate 20, PPG26Buteth26, PEG40 Hydrogenated Castor Oil, Trisodium Ethylenediamine Disuccinate, Ethoxydiglycol, Sodium Benzoate, Caprylyl Glycol, Ethylhexylglycerin, Phenoxyethanol, Chlorphenesin.",789,134053,0.0,1.0,https://www.sephora.com/product/the-ordinary-deciem-buffet-P427420?icid2=products%20grid:p427420,1.0,14.8
Acne Healing Dots,Peace Out,facial-treatments,19.0,"Hydrocolloid Polymer Technology (Cellulose Gum, Glyceryl Hydrogenated Rosinate, Paraffinum Liquidum, Pentaerythrityl TetraDiTButyl Hydroxyhydrocinnamate, Styrene/Isoprene Copolymer), Aloe Barbadensis Leaf Extract, Retinyl Acetate.",2000,98518,0.0,0.0,https://www.sephora.com/product/acne-healing-dots-P421275?icid2=products%20grid:p421275,1.3220803357314155,14.37129006951655
A-Passioni™ Retinol Cream,Drunk Elephant,facial-treatments,74.0,"Glycerin, CocoCaprylate, Stearic Acid, Coconut Alkanes, Glyceryl Stearate, Niacinamide, Caprylic/Capric Triglyceride, Cetearyl Alcohol, Pentylene Glycol, Passiflora Edulis Seed Oil, Retinol, Simmondsia Chinensis (Jojoba) Seed Oil, Sclerocarya Birrea Seed Oil, Prunus Armeniaca (Apricot) Kernel Oil, Cetyl Ethylhexanoate, Palmitoyl Tripeptide1, Palmitoyl Tetrapeptide7, Brassica Oleracea Acephala Leaf Extract, Brassica Oleracea Italica (Broccoli) Extract, Tetrahexyldecyl Ascorbate, Chrysin, Persea Gratissima (Avocado) Oil, Linoleic Acid, Linolenic Acid, Ceramide NP, Xanthophylls, Phytosphingosine, Phytosterols, Jojoba Esters, Physalis Pubescens Fruit Juice, Stearyl Glycyrrhetinate, Oryza Sativa (Rice Bran) Extract, Glycine Soja (Soybean) Oil, Carthamus Tinctorium (Safflower) Seed Oil, Palmitoyl Hexapeptide12, Cetyl Palmitate, Trehalose, Lauric Acid, Sodium Hyaluronate Crosspolymer, Olea Europaea (Olive) Fruit Oil, Glucosamine HCL, Tocopheryl Acetate, CocoCaprylate/Caprate, Pisum Sativum (Pea) Extract, Tocopherol, Bambusa Vulgaris Leaf/Stem Extract, Phenoxyethanol, Caprylyl Glycol, Carbomer, Trideceth6 Phosphate, NHydroxysuccinimide, Ceteareth20, Sodium Hydroxide, Laureth23, Steareth20, Propanediol, Chlorhexidine Digluconate, Polysorbate 20, Trisodium Ethylenediamine Disuccinate, Chlorphenesin, Potassium Sorbate, Ethylhexylglycerin.",883,97630,0.0,1.0,https://www.sephora.com/product/a-passioni-retinol-cream-P439926?icid2=products%20grid:p439926,1.0,74.0
Good Genes All-In-One Lactic Acid Treatment,SUNDAY RILEY,facial-treatments,122.0,"Extract Blend [Water/ Eau/ Aqua, Opuntia Tuna Fruit (Prickly Pear) Extract, Agave Tequilana Leaf (Blue Agave) Extract, Cypripedium Pubescens (Lady's Slipper Orchid) Extract, Opuntia Vulgaris (Cactus) Extract, Aloe Barbadensis Leaf Extract &amp; Saccharomyses Cerevisiae (Yeast) Extract] Lactic Acid, Caprylic/Capric Triglyceride, Butylene Glycol, Squalane, Cyclomethicone, Dimethicone, Ppg12/ Smdi Copolymer, Stearic Acid, Cetearyl Alcohol, Ceteareth 20, Glyceryl Stearate,Peg100 Stearate, Arnica Montana (Flower) Extract, Peg75 Meadowfoam Oil, Glycyrrhiza Glabra (Licorice) Root Extract, Cymbopogon Schoenanthus (Lemongrass) Oil, Triethanolamine, Xantham Gum, Phenoxyethanol, Steareth20, Dmdm Hydantoin.",3000,173465,0.0,1.7,https://www.sephora.com/product/good-genes-all-in-one-lactic-acid-treatment-P309308?icid2=products%20grid:p309308,1.7,71.76470588235294
The No-Brainer Set,The Ordinary,facial-treatments,29.0,"Caprylic/Capric Triglyceride, Cetyl Alcohol, Propanediol, Stearyl Alcohol, Glycerin, Sodium Hyaluronate, Arginine, Aspartic Acid, Glycine, Alanine, Serine, Valine, Isoleucine, Proline, Threonine, Histidine, Phenylalanine, Glucose, Maltose, Fructose, Trehalose, Sodium PCA, PCA, Sodium Lactate, Urea, Allantoin, Linoleic Acid, Oleic Acid, Phytosteryl Canola Glycerides, Palmitic Acid, Stearic Acid, Lecithin, Triolein, Tocopherol, Carbomer, Isoceteth20, Polysorbate 60, Sodium Chloride, Citric Acid, Trisodium Ethylenediamine Disuccinate, Pentylene Glycol, Triethanolamine, Sodium Hydroxide, Phenoxyethanol, Chlorphenesin",160,52855,0.0,0.0,https://www.sephora.com/product/the-ordinary-deciem-the-no-brainer-set-P428088?icid2=products%20grid:p428088,1.3220803357314155,21.935126948209472
Microneedling Anti-Wrinkle Retinol Patches,Peace Out,facial-treatments,28.0,"Sodium Hyaluronate, Cellulose Gum, Trehalose, Glycerin, Propanediol, Butylene Glycol, Caprylyl Glycol, 1,2Hexanediol, Adenosine,  Madecassoside, Polysorbate 80, Ethylhexylglycerin, Heptasodium Hexacarboxymethyl Dipeptide12, Acetyl Octapeptide3, Carnosine, Acetyl Hexapeptide8, Palmitoyl Pentapeptide4, Biotinoyl Hexapeptide2 Amide, Ascorbic Acid, Melatonin, Retinol, Carbomer, Polysorbate20, Palmitoyl Tripeptide1, Palmitoyl Tetrapeptide7, Water.",411,24700,0.0,0.0,https://www.sephora.com/product/peace-out-microneedling-anti-wrinkle-retinol-patches-P453819?icid2=products%20grid:p453819,1.3220803357314155,21.17874326034018
CC Me Vitamin C Serum,Summer Fridays,facial-treatments,64.0,"Water (Aqua), Niacinamide,  3OEthyl Ascorbic Acid (Vitamin C),  Ascorbyl Glucoside (Vitamin C), Butylene Glycol, Hydroxyethyl Acrylate/Sodium Acryloyldimethyl Taurate Copolymer, Glycerin,  Xanthan Gum,  Squalane, Diheptyl Succinate, Capryloyl Glycerin/Sebacic Acid Copolymer, Citric Acid, Sodium Citrate, Sodium Hydroxide, Carbomer, Polysorbate 20, Palmitoyl Tripeptide1, Palmitoyl Tetrapeptide7, Camellia Oleifera (Green Tea) Leaf Extract, Orchis Mascula (Orchid) Flower Extract,  Caprylic/Capric Triglyceride, Cananga Odorata (Ylang Ylang) Flower Extract, Cucumis Melo Cantalupensis (Cantaloupe) Fruit Extract, Eugenia Caryophyllus (Clove) Flower Extract, Glycine Soja (Soybean) Oil, Pyrus Malus (Apple) Fruit Extract, Prunus Armeniaca (Apricot) Fruit Extract, Rose Gallica Flower Extract, Cinnamomum Cassia (Cinnamon) Bark Extract, Jasminum Officinale (Jasmine) Flower/Leaf Extract, Coffea Arabica (Coffee) Leaf/Seed Extract, Camellia Sinensis (Black Tea) Leaf Extract,  Tocopheryl (Vitamin E) Acetate,  Tetrasodium Glutamate Diacetate,  Phenoxyethanol, Ethylhexylglycerin, Amyl Cinnamal, Cinnamyl Alcohol, Eugenol, Hydroxycitronellal.",344,27929,1.0,0.0,https://www.sephora.com/product/cc-me-vitamin-c-serum-P449180?icid2=products%20grid:p449180,1.0,64.0
The Serum Stick: Treatment & Touch Up Balm,Tatcha,facial-treatments,48.0,* Hadasei3,1000,15177,0.28,0.0,https://www.sephora.com/product/tatcha-the-serum-stick-treatment-touch-up-balm-P454018?icid2=products%20grid:p454018,0.28,171.42857142857142
Advanced Night Repair Synchronized Recovery Complex II,Estée Lauder,facial-treatments,103.0,"Bifida Ferment Lysate, Methyl Gluceth20, Peg75, BisPeg18 Methyl Ether Dimethyl Silane, Butylene Glycol, Propanediol, Cola Acuminata (Kola) Seed Extract, Hydrolyzed Algin, Pantethine, Caffeine, Lecithin, Tripeptide32, Ethylhexylglycerin, Sodium Rna, Bisabolol, Glycereth26, Squalane, Sodium Hyaluronate, Oleth3 Phosphate, Caprylyl Glycol, Lactobacillus Ferment, Oleth3, Oleth5, Anthemis Nobilis (Chamomile), Yeast Extract/Faex/Extrait De Levure, Choleth24, Hydrogenated Lecithin, Ceteth24, Tocopheryl Acetate, Ethylhexyl Methoxycinnamate, Hexylene Glycol, Carbomer, Triethanolamine, Trisodium Edta, Bht, Xanthan Gum, Phenoxyethanol, Red 4 (Ci 14700), Yellow 5 (Ci 19140) <iln39632>.</iln39632>",1000,99178,0.0,1.7,https://www.sephora.com/product/advanced-night-repair-synchronized-recovery-complex-ii-P379994?icid2=products%20grid:p379994,1.7,60.58823529411765
Alpha Beta® Universal Daily Peel,Dr. Dennis Gross Skincare,facial-treatments,88.0,"Sodium Bicarbonate, Resveratrol, Retinol, Ascorbic Acid, Ubiquinone, Ascorbyl Palmitate, Phospholipids, Retinyl Palmitate, Tocopheryl Acetate, Soy Isoflavones, Achillea Millefolium Extract , Camellia Sinensis Leaf Extract, Raphanus Sativus (Radish) Root Extract, Copper PCA, Sodium PCA, Zinc PCA, Lecithin, Polysorbate 20, Polysorbate 80, Alcohol, BHT, Octoxynol9, Simethicone, Tetrasodium EDTA, Sodium Benzoate, Phenoxyethanol.",1000,54331,0.0,0.0,https://www.sephora.com/product/alpha-beta-universal-daily-peel-P377533?icid2=products%20grid:p377533,1.3220803357314155,66.56176453249772
Squalane + 10% Lactic Acid Resurfacing Night Serum,Biossance,facial-treatments,62.0,"Caprylic/Capric Triglyceride, Lactic Acid, Squalane, Glycerin, Sodium Hydroxide, Cetearyl Olivate, Propanediol, Sorbitan Olivate, Cetearyl Alcohol, Lespedeza Capitata Leaf/Stem Extract, Polyacrylate Crosspolymer6, Acacia Senegal Gum, Sodium Gluconate, Xanthan Gum, Phenoxyethanol, Ethylhexylglycerin, Lavandula Angustifolia (Lavender) Oil, Linalool.",235,11394,1.01,0.0,https://www.sephora.com/product/biossance-squalane-10-lactic-acid-resurfacing-night-serum-P453224?icid2=products%20grid:p453224,1.01,61.386138613861384
Caffeine Solution 5% + EGCG,The Ordinary,facial-treatments,6.7,"Caffeine, Maltodextrin, Glycerin, Propanediol, Epigallocatechin Gallatyl Glucoside, Gallyl Glucoside, Hyaluronic Acid, Oxidized Glutathione, Melanin, Glycine Soja (Soybean) Seed Extract, Urea, Pentylene Glycol, Hydroxyethylcellulose, Polyacrylate Crosspolymer6, Xanthan gum, Lactic Acid, Dehydroacetic Acid, Trisodium Ethylenediamine Disuccinate, Propyl Gallate, Dimethyl Isosorbide, Ethoxydiglycol, Benzyl Alcohol, 1,2Hexanediol, Ethylhexylglycerin, Phenoxyethanol, Caprylyl Glycol.",852,97455,1.0,0.0,https://www.sephora.com/product/the-ordinary-deciem-caffeine-solution-5-egcg-P427416?icid2=products%20grid:p427416,1.0,6.7
The Treatment Lotion,La Mer,facial-treatments,155.0,"Declustered Water (+)\Aqua\Eau DeStructuree (+), Declustered Water ()\Aqua\Eau DeStructuree (), Algae (Seaweed) Extract, Glycerin, Methyl Gluceth20, BisPeg18 Methyl Ether Dimethyl Silane, Yeast Extract\Faex\Extrait De Levure, Sucrose, Glycereth26, Sesamum Indicum (Sesame) Seed Oil, Medicago Sativa (Alfalfa) Seed Powder, Helianthus Annuus (Sunflower) Seedcake, Prunus Amygdalus Dulcis (Sweet Almond) Seed Meal, Eucalyptus Globulus (Eucalyptus) Leaf Oil, Sodium Gluconate, Copper Gluconate, Calcium Gluconate, Magnesium Gluconate, Zinc Gluconate, Tocopheryl Succinate, Niacin, Sesamum Indicum (Sesame) Seed Powder, Citrus Aurantifolia (Lime) Peel Extract, Glycine Soja (Soybean) Seed Extract, Laminaria Digitata Extract, Palmaria Palmata Extract, Codium Tomentosum Extract, Laminaria Saccharina Extract, Sea Salt\Maris Sal\Sel Marin, Plankton Extract, Caffeine, Polyquaternium51, Lecithin, Butylene Glycol, Dipotassium Glycyrrhizate, Glycine Soja (Soybean) Protein, Tourmaline, Acetyl Hexapeptide8, Glycosaminoglycans, Peg8, Sodium Hyaluronate, Alcaligenes Polysaccharides, Sodium Pca, Urea, Ppg5Ceteth20, Jojoba Wax Peg120 Esters, Polysorbate 20, Hexylene Glycol, Pentylene Glycol, Potassium Sorbate, Trehalose, Caprylyl Glycol, Hydroxypropyl Cyclodextrin, Fragrance (Parfum), Disodium Edta, Limonene, Geraniol, Linalool, Hydroxycitronellal, Citronellol, Phenoxyethanol.",104,23867,0.0,5.0,https://www.sephora.com/product/the-treatment-lotion-P416345?icid2=products%20grid:p416345,5.0,31.0
SUPERMUD® Charcoal Instant Treatment Mask,GLAMGLOW,facial-treatments,59.0,"Super Six Acid Blend (Lactic Acid, Salicylic Acid, Glycolic Acid, Mandelic Acid, Tartaric Acid, and Pyruvic Acid): Unclogs and minimizes the look of pores.",5000,251999,0.0,1.7,https://www.sephora.com/product/super-mud-clearing-treatment-P376409?icid2=products%20grid:p376409,1.7,34.705882352941174
Violet-C Brightening Serum 20% Vitamin C + 10% AHA,Tatcha,facial-treatments,88.0,"BisGlyceryl Ascorbate, Saccharomyces/Camellia Sinensis Leaf/Cladosiphon Okamuranus/Rice Ferment Filtrate*, Propanediol, Butylene Glycol, Glycerin, Ascorbyl Tetraisopalmitate, Angelica Acutiloba Root Extract, Callicarpa Japonica Fruit Extract, Prunus Mume Fruit Extract, Crataegus Cuneata Fruit Extract, Pyrus Malus (Apple) Fruit Extract, Citrus Paradisi (Grapefruit) Fruit Extract, Citrus Aurantium Dulcis (Orange) Juice, Citrus Limon (Lemon) Juice, Citrus Aurantifolia (Lime) Juice, Glycyrrhiza Glabra (Licorice) Root Extract, Scutellaria Baicalensis Root Extract, Artemisia Capillaris Flower Extract, Morus Alba Root Extract, Ziziphus Jujuba Fruit Extract, Sodium Hyaluronate, Lactic Acid, Sodium Citrate, Dipotassium Glycyrrhizate, Ammonium Acryloyldimethyltaurate/Carboxyethyl Acrylate Crosspolymer, Disodium Edta, Ppg6Decyltetradeceth30, Ethylhexylglycerin,  Phenoxyethanol. *Hadasei3.",1000,74106,1.0,0.0,https://www.sephora.com/product/violet-c-brightening-serum-vitamin-c-aha-P439058?icid2=products%20grid:p439058,1.0,88.0
Lactic Acid 10% + HA,The Ordinary,facial-treatments,6.8,"Lactic Acid, Glycerin, Pentylene Glycol, Potassium Citrate, Arginine, Triethanolamine, Sodium Hyaluronate Crosspolymer, Tasmannia Lanceolata Fruit/leaf Extract, Acacia Senegal Gum, Xanthan Gum, Trisodium Ethylenediamine Disuccinate, PPG26Buteth26, Ethyl 2,2Dimethylhydrocinnamal, PEG40 Hydrogenated Castor Oil, Ethylhexylglycerin, 1,2Hexanediol, Caprylyl Glycol.",468,113525,1.0,0.0,https://www.sephora.com/product/the-ordinary-deciem-lactic-acid-10-ha-2-P427413?icid2=products%20grid:p427413,1.0,6.8
Rise + Glow™ Brightening Duo,Drunk Elephant,facial-treatments,23.0,These products are vegan.,778,172695,0.0,0.0,https://www.sephora.com/product/rise-and-glow-P414671?icid2=products%20grid:p414671,1.3220803357314155,17.39682482099372
D-Bronzi™ Anti-Pollution Sunshine Drops,Drunk Elephant,facial-treatments,36.0,"Hydrogenated Polyisobutene, Glyceryl Oleate Citrate, Mica, Hydroxyethyl Acrylate/Sodium Acryloyldimethyl Taurate Copolymer, Glycerin, Ribes Nigrum (Black Currant) Seed Oil, Sclerocarya Birrea Seed Oil, Theobroma Cacao (Cocoa) Extract, Caprylic/Capric Triglyceride, Vitis Vinifera (Grape) Seed Extract, Lecithin, Acetyl Tetrapeptide17, Linoleic Acid, Linolenic Acid, Sorbitan Isostearate, Camellia Sinensis Leaf Extract, Maltodextrin, Sodium Hyaluronate Crosspolymer, Magnolia Officinalis Bark Extract, Glutamylamidoethyl Imidazole, Colloidal Platinum [nano], Tocopherol, Phenoxyethanol, Pentylene Glycol, Sodium Benzoate, Sorbic Acid, Caprylyl Glycol, Boron Nitride, Hexylene Glycol, Polysorbate 60, Ethylhexylglycerin, CI 77491 (Iron Oxides), CI 77492 (Iron Oxides), CI 77499 (Iron Oxides), Sodium C1416 Olefin Sulfonate.",1000,67886,1.0,0.0,https://www.sephora.com/product/d-bronzi-tm-anti-pollution-sunshine-serum-P432668?icid2=products%20grid:p432668,1.0,36.0
NightBright™  Resurfacing Duo,Drunk Elephant,facial-treatments,28.0,These products are vegan.,799,152638,0.0,0.0,https://www.sephora.com/product/nightbright-P414672?icid2=products%20grid:p414672,1.3220803357314155,21.17874326034018
Advanced Génifique Youth Activating Serum,Lancôme,facial-treatments,105.0,"Bifida Ferment Lysate, Glycerin, Alcohol Denat., Dimethicone, Hydroxyethylpiperazine Ethane Sulfonic Acid, Ascorbyl Glucoside, Sodium Hyaluronate, Sodium Hydroxide, Sodium Benzoate, Phenoxyethanol, Adenosine, Faex Extract/Yeast Extract/Extrait De Levure, Peg20 Methyl Glucose Sesquistearate, Peg60 Hydrogenated Castor Oil, Salicyloyl Phytosphingosine, Ammonium Polyacryldimethyltauramide/Ammonium Polyacryloyldimethyl Taurate, Limonene, Xanthan Gum, Caprylyl Glycol, Disodium Edta, Octyldodecanol, Citronellol, Fragrance.",1000,52889,0.0,1.69,https://www.sephora.com/product/advanced-genifique-youth-activating-serum-P379510?icid2=products%20grid:p379510,1.69,62.1301775147929
"""Buffet"" + Copper Peptides 1%",The Ordinary,facial-treatments,28.9,"Glycerin, Lactococcus Ferment Lysate, Copper Tripeptide1, Acetyl Hexapeptide8, Pentapeptide18, Palmitoyl Tripeptide1, Palmitoyl Tetrapeptide7, Palmitoyl Tripeptide38, Dipeptide Diaminobutyroyl Benzylamide Diacetate, Acetylarginyltryptophyl Diphenylglycine, Sodium Hyaluronate Crosspolymer, Sodium Hyaluronate, Allantoin, Glycine, Alanine, Serine, Valine, Isoleucine, Proline, Threonine, Histidine, Phenylalanine, Arginine, Aspartic Acid, Trehalose, Fructose, Glucose, Maltose, Urea, Sodium PCA, PCA, Sodium Lactate, Citric Acid, Hydroxypropyl Cyclodextrin, Sodium Chloride, Sodium Hydroxide, Butylene Glycol, Pentylene Glycol, Acacia Senegal Gum, Xanthan Gum, Carbomer, Polysorbate 20, Dimethyl Isosorbide, Sodium Benzoate, Caprylyl Glycol, Ethylhexylglycerin, Phenoxyethanol, Chlorphenesin.",69,20221,1.0,0.0,https://www.sephora.com/product/buffet-copper-peptides-1-P442752?icid2=products%20grid:p442752,1.0,28.9
Alpha Arbutin 2% + HA,The Ordinary,facial-treatments,8.9,"AlphaArbutin, Polyacrylate Crosspolymer6, Hydrolyzed Sodium Hyaluronate, Propanediol, PPG26Buteth26, PEG40 Hydrogenated Castor Oil, Lactic Acid, Trisodium Ethylenediamine Disuccinate, Ethoxydiglycol, Phenoxyethanol, Chlorphenesin.",199,53000,1.0,0.0,https://www.sephora.com/product/the-ordinary-deciem-alpha-arbutin-2-ha-P427412?icid2=products%20grid:p427412,1.0,8.9
C.E.O. 15% Vitamin C Brightening Serum,SUNDAY RILEY,facial-treatments,85.0,"Tetrahexyldecyl Ascorbate, Squalane, PEG8 Beeswax, Hydrogenated Polydecene, Polyglyceryl6 Distearate, PPG12/SMDI Copolymer, Phenoxyethanol, Acetamidoethoxyethanol, Jojoba Esters, Sodium Acrylate/Sodium Acryloyldimethyl Taurate Copolymer, Glycine Soja Sterols, Tocopherol, Glycolic Acid, Caprylyl Glycol, Sodium Phytate, Citrus Aurantium Dulcis (Sweet Orange) Oil, Chlorphenesin, Cera Alba, Glycerin, Isosqualane, C30 Hydrocarbons, Saccharide Isomerate.",579,38273,0.0,1.0,https://www.sephora.com/product/c-e-o-rapid-flash-brightening-serum-P418346?icid2=products%20grid:p418346,1.0,85.0
Liquid Powder Oil Balancing Serum,FARSÁLI,facial-treatments,54.0,"Hamamelis Virginiana (Witch Hazel) Silica, Isopentyldiol, Ethoxydiglycol, Ethylhexylglycerin, Potassium Azeloyl Diglycinate, Hectorite, Illite, Montmorillonite, Kaolin, Vanilla Planifolia Fruit Extract, Phenoxyethanol, Caprylyl Glycol, Caprylic/Capric Triglyceride, Hexylene Glycol, Benzoic Acid, Mentha Piperita (Peppermint) Oil, Mentha Arvensis Leaf Oil, Menthol.",50,8228,1.0,0.0,https://www.sephora.com/product/farsali-liquid-powder-oil-balancing-serum-P454980?icid2=products%20grid:p454980,1.0,54.0
Azelaic Acid Suspension 10%,The Ordinary,facial-treatments,7.9,"Isodecyl Neopentanoate, Dimethicone, Azelaic Acid, Dimethicone/BisIsobutyl PPG20 Crosspolymer, Dimethyl Isosorbide, Hydroxyethyl Acrylate/Sodium Acryloyldimethyl Taurate Copolymer, Polysilicone11, Isohexadecane, Tocopherol, Trisodium Ethylenediamine Disuccinate, Isoceteth20, Polysorbate 60, Triethanolamine, Ethoxydiglycol, Phenoxyethanol, Chlorphenesin.",305,49946,1.0,0.0,https://www.sephora.com/product/the-ordinary-deciem-azelaic-acid-suspension-10-P427411?icid2=products%20grid:p427411,1.0,7.9
Microneedling Dark Spot Brightening Dots,Peace Out,facial-treatments,28.0,"Sodium Hyaluronate, Cellulose Gum, Trehalose, Glycerin, Niacinamide, Propanediol, Arbutin, Tranexamic Acid, Zingiber Officinale (Ginger) Root Extract, Glycyrrhiza Glabra (Licorice) Root Extract, Camellia Sinensis Leaf Extract, Caprylyl Glycol, Ethylhexylglycerin, 1,2Hexandiol.",1000,47631,0.0,0.0,https://www.sephora.com/product/dark-spots-P442536?icid2=products%20grid:p442536,1.3220803357314155,21.17874326034018
The Concentrate,La Mer,facial-treatments,370.0,"Cyclopentasiloxane, Algae (Seaweed) Extract, Glycerin, Dimethicone, Polysilicone11, Isononyl Isononanoate, Dimethicone/Peg10/15 Crosspolymer, Sesamum Indicum (Sesame) Seed Oil, Medicago Sativa (Alfalfa) Seed Powder, Helianthus Annuus (Sunflower) Seedcake, Prunus Amygdalus Dulcis (Sweet Almond) Seed Meal, Eucalyptus Globulus (Eucalyptus) Leaf Oil, Sodium Gluconate, Copper Gluconate, Calcium Gluconate, Magnesium Gluconate, Zinc Gluconate, Tocopheryl Succinate, Niacin, Sesamum Indicum (Sesame) Seed Powder, Water\Aqua\Eau, Dimethicone Crosspolymer, Helichrysum Arenarium (Everlasting) Extract, Laminaria Ochroleuca Extract, Triticum Vulgare (Wheat) Flour Lipids, Citrus Aurantifolia (Lime) Peel Extract, Crithmum Maritimum Extract, Alteromonas Ferment Extract, Chlorella Vulgaris Extract, Yeast Extract\Faex\Extrait De Levure, Cholesterol, Linoleic Acid, Tetraacetylphytosphingosine, Caprylic/Capric Triglyceride, Rosmarinus Officinalis (Rosemary) Leaf Oil, Ocimum Basilicum (Basil) Oil, Lavandula Angustifolia (Lavender) Oil, Lavandula Hybrida (Lavandin) Oil, Dipropylene Glycol, Sodium Citrate, Limonene, Linalool, Phenoxyethanol.",89,20300,0.0,1.0,https://www.sephora.com/product/the-concentrate-P417108?icid2=products%20grid:p417108,1.0,370.0
Double Serum Complete Age Control Concentrate,Clarins,facial-treatments,89.0,"Cetearyl Isononanoate, Glycerin, Isononyl Isononanoate, Caprylic/Capric Triglyceride, Pentylene Glycol, Ppg3 Myristyl Ether, Ethylene/Propylene/Styrene Copolymer. Dipsacus Sylvestris Extract, Butylene Glycol, Parfum/ Fragrance,Phenoxyethanol,Propanediol,Tromethamine. Silybum Marianum Seed Oil, Carbomer,Tocopheryl Acetate, Escin, Cheno Podium Quinoa Seed Extract, Ethylhexylglycerin, Squalane,Avena Sativa (Oat) Kernel Extract, Theobroma Cacao (Cocoa) Extract, Butylene/Ethylene/Styrene Copolymer, Leontopodium Alpinum Extract, Xanthan Gum, Persea Gratissima (Avocado) Oil Unsaponifiables,Caramel,Curcuma Longa (Turmeric) Root Extract,Salicyloyl Phytosphingosine, Musa Sapientum (Banana) Fruit Extract,Salicornia Herbacea Extract, Actinidia Chinensis (Kiwi) Fruit Extract, Kalanchoe Pinnata Leaf Extract,Sodium Benzoate,Citric Acid, Myrothamnus Flabellifolia Leaf/Stem Extract, Disodium Edta,Tocopherol, Lycium Barbarum Fruit Extract,Maltodextrin, Orthosiphon Stamineus Extract, Hedychium Coronarium Root Extract, Mangifera Indica (Mango) Leaf Extract, PotassiumSorbate, Pentaerythrityl TetraDiTButyl Hydroxyhydrocinnamate. Jania Rubens Extract, Ascorbic Acid, Sodium Citrate, Engelhardtia Chrysolepis Leaf Extract,Ci 14700/Red 4,Callicarpa Japonica Fruit Extract.",424,24925,0.0,1.0,https://www.sephora.com/product/double-serum-complete-age-control-concentrate-P421235?icid2=products%20grid:p421235,1.0,89.0
Facial Radiance Pads,First Aid Beauty,facial-treatments,34.0,"Aloe Barbadensis Leaf Juice, Cucumis Sativus (Cucumber) Fruit Lactic Acid, Glycerin, Glycolic Acid, Leuconostoc/Radish Root Ferment Filtrate, Glycyrrhiza Glabra (Licorice) Root Extract, Citrus Nobilis (Mandarin Orange) Fruit Extract, Citrus Limon (Lemon) Peel Extract, Camellia Sinensis Leaf Extract, Phyllanthus Emblica Fruit Extract, Chrysanthemum Parthenium (Feverfew) Extract, Hyaluronic Acid, Butylene Glycol, Polysorbate 20, Sodium Benzoate, Potassium Sorbate, Citric Acid, Phenoxyethanol, Sodium Hydroxide, Chlorphenesin, EDTA, Disodium EDTA.",2000,83103,0.0,0.0,https://www.sephora.com/product/facial-radiance-pads-P278317?icid2=products%20grid:p278317,1.3220803357314155,25.717045387555935
Clearly Corrective™ Dark Spot Solution,Kiehl's Since 1851,facial-treatments,54.0,"Aqua/Propylene Glycol, Glycerin, Alcohol Denat., PEG/PPG/Polybutylene Glycol8/5/3 Glycerin, Hydroxypropyl Tetrahydropyrantriol, 3OEthyl Ascorbic Acid, PPG6Decyltetradeceth30, Phenoxyethanol, Salicylic Acid, Xanthan Gum, Hydroxyethylcellulose, Potassium Hydroxide, Citric Acid, Sodium Citrate, Tocopheryl Acetate, Lavandula Angustifolia Oil/Lavender Oil, Disodium EDTA, Adenosine, Linalool, Butylene Glycol, Tocopherol, Citrus Aurantium Tachibana Peel Extract, Paeonia Suffruticosa Root Extract.",320,45315,0.0,1.0,https://www.sephora.com/product/clearly-corrective-dark-spot-solution-P422022?icid2=products%20grid:p422022,1.0,54.0
Vinoperfect Anti Dark Spot Serum,Caudalie,facial-treatments,79.0,"Butylene Glycol*, Glycerin*, Squalane*, Tocopheryl Acetate*, Ceteareth20, Palmitoyl Grapevine Shoot Extract*, Glyceryl Stearate Se *, Bisabolol*, Parfum (Fragrance), Caprylyl Glycol, Acrylates/C1030 Alkyl Acrylate Crosspolymer, Potassium Sorbate, Xanthan Gum, Carbomer, Sodium Hydroxide, Sodium Phytate*.",2000,72315,1.0,0.0,https://www.sephora.com/product/vinoperfect-radiance-serum-P94421?icid2=products%20grid:p94421,1.0,79.0
Prism 20% AHA + 5% BHA Exfoliating Glow Facial,Herbivore,facial-treatments,58.0,"Aloe Barbadensis Leaf Juice, Vaccinium Myrtillus Fruit/Leaf Extract, Glycerin, Rosa Damascena Flower Terminalia Ferdinandiana Fruit Extract, Salix Nigra (Willow) Bark Extract, leuconostoc/radish root ferment filtrate, Saccharum Officinarum (Sugarcane) Extract, Sodium Hyaluronate, Populus Tremuloides Bark Extract, Gluconolactone, Citrus Aurantium Dulcis (Orange) Fruit Extract, Citrus Limon (Lemon) Fruit Extract, Acer Saccharum (Sugar Maple) Extract, Sodium Phytate.",125,19727,1.7,0.0,https://www.sephora.com/product/herbivore-botanicals-prism-20-aha-5-bha-exfoliating-glow-facial-P454100?icid2=products%20grid:p454100,1.7,34.11764705882353
100% Plant-Derived Squalane,The Ordinary,facial-treatments,7.9,Squalene: An exceptional hydrator and can prevent ongoing loss of hydration.,186,37216,1.0,0.0,https://www.sephora.com/product/100-plant-derived-squalane-P442830?icid2=products%20grid:p442830,1.0,7.9
A+ High-Dose Retinol Serum,SUNDAY RILEY,facial-treatments,85.0,"Propanediol, Dimethyl Isosorbide, Triheptanoin, Dimethicone, Glycerin, Pentylene Glycol, Hexyldecanol, Disiloxane, Cetyl PEG/PPG10/1 Dimethicone, Diheptyl Succinate, Propylene Carbonate, Hydroxypinacolone Retinoate, PPG24Glycereth24, Phenyl Trimethicone, Retinol, Ubiquinone (CoQ10), Honey Extract, Sodium Hyaluronate Crosspolymer, Algae Extract, Zingiber Officinale (Ginger) Extract, Opuntia Ficusindica Fruit Extract, Bisabolol, Butyrospermum Parkii (Shea) Butter, Phospholipids, Saccharomyces Cerevisiae Extract, Lecithin, Sodium Acrylates Copolymer, Hydrogenated Polyisobutene, 1,2Hexanediol, 4t Butylcyclohexanol, Polyglyceryl10 Stearate, Caprylyl Glycol, Helianthus Annuss (Sunflower) Seed Oil, Sorbitol, Cetylhydroxyproline Palmitamide, Polysilicone11, Benzoic Acid, Dehydroacetic Acid, Sodium Phytate, Glyceryl Polyacrylate, Polysorbate, Hydroxyphenyl Propamidobenzoic Acid, Stearic Acid, Brassica Campestris Sterols, PVP, Capryloyl Glycerin/Sebacic Acid Copolymer, Sodium Benzoate, Alcohol, Potassium Phosphate, Decyl Glucoside, Phenoxyethanol, Hexylene Glycol, Potassium Sorbate, Tocopherol.",277,33105,0.0,1.0,https://www.sephora.com/product/a-high-dose-retinoid-serum-P440075?icid2=products%20grid:p440075,1.0,85.0
Glow Cycle Retin-ALT Power Serum,OLEHENRIKSEN,facial-treatments,58.0,"Propanediol, Glycerin, Squalane, Glycereth26, Glyceryl Polyacrylate, Mica, Cetearyl Alcohol, Bakuchiol, Polyacrylate Crosspolymer6, Dimethicone, Polyglyceryl10 Laurate, Aminomethyl Propanol, Hydrolyzed Jojoba Esters, Phenoxyethanol, Hydroxyacetophenone, Parfum/Fragrance, Ceteareth20, Glycolic Acid, Lactic Acid, Leontopodium Alpinum Callus Culture Extract, Caesalpinia Spinosa Fruit Extract, Cellulose Gum, Hibiscus Sabdariffa Flower Extract, Kappaphycus Alvarezii Extract, Silica, Glycyrrhiza Glabra (Licorice) Root Extract, Citrus Limon (Lemon) Fruit Extract, Saccharum Officinarum (Sugar Cane) Extract, Chamomilla Recutita (Matricaria) Flower Extract, Santalum Album (Sandalwood) Extract, Trisodium Ethylenediamine Disuccinate, Leuconostoc/Radish Root Ferment Filtrate, Xanthan Gum, Ethylhexylglycerin, Citric Acid, Limonene, Linalool, Citral, Titanium Dioxide (Ci 77891), Violet 2 (Ci 60730), Red 4 (Ci 14700).",1000,31111,1.0,0.0,https://www.sephora.com/product/glow-cycle-retin-alt-power-serum-P434545?icid2=products%20grid:p434545,1.0,58.0
Ultra Glow Serum: Glow + Strengthen Vitamin C Serum,SEPHORA COLLECTION,facial-treatments,20.0,"Propanediol, Pentylene Glycol, 1,2Hexanediol, PEG40 Hydrogenated Castor Oil, Carbomer, Glycerin, Ribose, Vaccinium Myrtillus Fruit Extract, Sodium Hydroxide, Glyceryl Caprylate, Caprylyl/Capryl Glucoside, Saccharum Officinarum (Sugar Cane) Extract, Fragrance, Citrus Aurantium Dulcis (Orange) Fruit Extract, Citrus Limon (Lemon) Fruit Extract, Panthenol, Acer Saccharum (Sugar Maple) Extract, Chlorella Vulgaris Extract, Helianthus Annuus (Sunflower) Seed Oil, Ascorbyl Glucoside, Tocopherol, Capsicum Annuum Fruit Extract, Rosmarinus Officinalis (Rosemary) Leaf Extract",346,32348,0.0,0.0,https://www.sephora.com/product/ultra-glow-serum-glow-strengthen-vitamin-c-serum-P442594?icid2=products%20grid:p442594,1.3220803357314155,15.127673757385844
PRO Strength Niacinamide Discoloration Treatment,Peter Thomas Roth,facial-treatments,88.0,"Niacinamide, Isononyl Isononanoate, Dimethyl Isosorbide, Tranexamic Acid, Dimethicone, Propanediol, Pentylene Glycol, Caprylic/Capric Triglycerides, AlphaArbutin, Glyceryl Stearate, C912 Alkane, Cetyl Alcohol, Butyrospermum Parkii (Shea) Butter, Citric Acid, Kojic Acid, Morus Alba (White Mulberry) Root Extract, Resveratrol, Scutellaria Lateriflora Extract, Hydrangea Arborescens Root Extract, Squalane, Hydrolyzed Vegetable Protein, Phenoxyethanol, Peg100 Stearate, Tocopheryl Acetate, Polyacrylate Crosspolymer6, Peg75 Stearate, Ceteareth20, Steareth20, Silica, Ammonium Acryloyldimethyltaurate/Beheneth25 Methacrylate Crosspolymer, Dimethiconol, CocoCaprylate/Caprate, Hydroxyethyl Acrylate/Sodium Acryloyldimethyl Taurate Copolymer, Titanium Dioxide, Sodium Phytate, Diethylhexyl Syringylidenemalonate, Potassium Sorbate, Sodium Benzoate, Polysorbate 60, Polysorbate 20, TButyl Alcohol, Caprylic/Capric Triglyceride, Caprylyl Glycol, Hexylene Glycol, Sorbitan Isostearate.",124,2158,1.7,0.0,https://www.sephora.com/product/peter-thomas-roth-pro-strength-niacinamide-discoloration-treatment-P454102?icid2=products%20grid:p454102,1.7,51.76470588235294
Squalane + Phyto-Retinol Serum,Biossance,facial-treatments,72.0,"Squalane, Niacinamide, Sodium Acrylates Copolymer, Bakuchiol, Sodium Hyaluronate, Rosa Canina Fruit Oil, Citrus Aurantium Amara (Bitter Orange) Peel Oil, Biosaccharide Gum1, Yeast Extract, Soy Amino Acids, Lecithin, Hexylene Glycol, Ethylhexylglycerin, Caprylyl Glycol, Phenoxyethanol, Tetrasodium Glutamate Diacetate, Citric Acid, Linalool, Geraniol, Limonene.",445,21799,1.0,0.0,https://www.sephora.com/product/squalane-phyto-retinol-serum-P429028?icid2=products%20grid:p429028,1.0,72.0
Blue Tansy Fruit Enzyme Resurfacing Clarity Mask,Herbivore,facial-treatments,48.0,"Aloe Barbadensis (Organic Aloe) Leaf Juice, Hydroxyethyl Ethylcellulose (Plant Derived), Glycerin, Glyceryl Caprylate, Salix Nigra (Willow) Bark Extract, Tanacetum Annuum (Blue Tansy) Flower Oil, Jasminum Sambac (Jasmine) Flower Ananas Sativus (Organic Pineapple) Fruit Extract, Carica Papaya (Organic Papaya) Fruit Extract, Carica Papaya (Organic Papaya) Leaf Extract, Leucidal (Radish Root Ferment).",1000,84567,2.0,0.0,https://www.sephora.com/product/blue-tansy-aha-bha-resurfacing-clarity-mask-P400207?icid2=products%20grid:p400207,2.0,24.0
Ultimune Power Infusing Serum Concentrate,Shiseido,facial-treatments,110.0,ImuCalm Compound™: Contains fragrance ingredients of rose and lotus elements and a green floral fragrance.,389,18691,0.0,1.6,https://www.sephora.com/product/ultimune-power-infusing-concentrate-P432834?icid2=products%20grid:p432834,1.6,68.75
Luxury CBD Beauty Serum,Saint Jane Beauty,facial-treatments,125.0,"Coldpressed Grapeseed Oil: More powerful than vitamin C, this organic grape seed oil is packed with omegas, antioxidants, and vitamins to soothe and even skin tone.	Helianthus Annuus (Sunflower) Seed Oil, Butyrospermum Parkii (Shea) Nut Butter, Punica Granatum (Pomegranate) Seed Extract, Vitus Vinifera (Grape) Seed Oil, Cannabidiol (Full Spectrum CBD), Rosa Canina (Rosehip) Seed Extract, Hippophae Rhamnoides (Seabuckthorn) Fruit Extract, Simmondsia Chinensis (Jojoba) Seed Oil, Rosa Damascena (Rose) Flower Oil, Helichrysum Italicum (Helichrysum) Flower Oil, Cymbopogon Martinii V. Motia (Palmarosa) Leaf Oil, Santalum Spicatum (Sandalwood) Wood Oil, Boswellia Carterii (Frankincense) Resin Extract, Pelargonium Graveolens (Geranium) Leaf/Flower Oil, Commiphora Abyssinica (Myrrh) Resin Extract, Calendula Officinalis (Calendula) Flower Extract, Nardostachys Chinensis (Spikenard) Root Oil, Tocopherol (Vitamin E), Opuntia FicusIndica (Prickly Pear) Seed Oil, Rosmarinus Officinalis (Rosemary) Leaf Extract.",150,11911,0.0,1.0,https://www.sephora.com/product/luxury-beauty-serum-P444222?icid2=products%20grid:p444222,1.0,125.0
Bakuchiol Retinol Alternative Smoothing Serum,Herbivore,facial-treatments,54.0,"Aloe Barbadensis Leaf Glycerin, Bakuchiol, Water (and) Amethyst Extract, Leuconostoc / Radish Root Ferment Filtrate, Glycerin (and) Vaccinium Myrtillus Fruit/ Leaf Extract, Vaccinium Angustifolium (Blueberry) Fruit Extract, Populus tremuloides Bark Extract, Glucono Delta Lactone (PHAs), Sodium Phytate, Tremella Fuciformis (Silver Ear Mushroom) Extract, Eclipta Prostrata Extract, Melia Azadirachta Leaf Extract, Moringa Oleifera Seed Oil, Melia Azadirachta Leaf Extract, Melia Azadirachta Flower Extract, Amino Esters1 (ex Mimosa Tenuiflora), Coccinia Indica Fruit Extract, Solanum Melongena (Eggplant) Fruit Extract, Aloe Barbadensis Flower Extract, Ocimum Sanctum Leaf Extract, Ocimum Basilicum (Basil) Flower/Leaf Extract, Curcuma Longa (Turmeric) Root Extract, Corallina Ocinalis Extract, Melia Azadirachta Flower Extract (and) Coccinia Indica Fruit Extract (and) Aqua (Water).",238,33557,1.0,0.0,https://www.sephora.com/product/bakuchiol-retinol-alternative-soothing-serum-P446643?icid2=products%20grid:p446643,1.0,54.0
The Regenerating Serum,La Mer,facial-treatments,365.0,"Water\Aqua\Eau, Algae (Seaweed) Extract, Dimethicone, Hdi/Trimethylol Hexyllactone Crosspolymer, Hydrogenated Polyisobutene, Hydrogenated Vegetable Oil, Caprylic/Capric/Myristic/Stearic Triglyceride, Polysilicone11, Peg8 Dimethicone, Peg10 Dimethicone, Yeast Extract\Faex\Extrait De Levure, Citrus Aurantifolia (Lime) Peel Extract, Sigesbeckia Orientalis (St. Paul's Wort) Extract, Polygonum Cuspidatum Root Extract, Saccharomyces Lysate Extract, Sesamum Indicum (Sesame) Seed Oil, Eucalyptus Globulus (Eucalyptus) Leaf Oil, Sesamum Indicum (Sesame) Seed Powder, Medicago Sativa (Alfalfa) Seed Powder, Helianthus Annuus (Sunflower) Seedcake, Prunus Amygdalus Dulcis (Sweet Almond) Seed Meal, Sodium Gluconate, Copper Gluconate, Calcium Gluconate, Magnesium Gluconate, Zinc Gluconate, Tocopheryl Succinate, Niacin, Vitis Vinifera (Grape) Seed Extract, Rosmarinus Officinalis (Rosemary) Leaf Extract, Punica Granatum (Pomegranate) Fruit Juice, Bupleurum Falcatum Root Extract, Citrus Reticulata (Tangerine) Peel Extract, Narcissus Tazetta Bulb Extract, Mimosa Tenuiflora Bark Extract, Betula Alba (Birch) Bark Extract, Chlorella Vulgaris Extract, Humulus Lupulus (Hops) Extract, Laureth4, Corallina Officinalis Extract, Glycine Soja (Soybean) Seed Extract, Micrococcus Lysate, Whey Protein\Lactis Protein\Proteine Du PetitLait, Tartaric Acid, Glycerin, Hydrolyzed Wheat Protein, Laureth23, Butylene Glycol, Ammonium Acryloyldimethyltaurate/Beheneth25 Methacrylate Crosspolymer, Sucrose, Coenzyme A, Acetyl Glucosamine, Caffeine, Dipalmitoyl Hydroxyproline, Linoleic Acid, Tetraacetylphytosphingosine, Alcaligenes Polysaccharides, Bifida Ferment Lysate, Pentylene Glycol, Dipotassium Glycyrrhizate, Palmitoyl Oligopeptide, Peg8, Sorbitol, Tocopheryl Acetate, Eryngium Maritimum Extract, Sodium Hydroxide, Hydrogenated Lecithin, Hydroxypropyl Cyclodextrin, Nordihydroguaiaretic Acid, Cyclodextrin, Maltodextrin, Polymethylsilsesquioxane, Acetyl Hexapeptide8, Glyceryl Polymethacrylate, Glycosaminoglycans, Gold, Tourmaline, Linolenic Acid, Silica, Ethylbisiminomethylguaiacol Manganese Chloride, Disodium Edta, Potassium Sorbate, Phenoxyethanol, Fragrance (Parfum), Hydroxycitronellal, Linalool, Limonene, Citronellol, Geraniol, Green 5 (Ci 61570) <iln40369>Ingredients: Water\Aqua\Eau, Algae (Seaweed) Extract, Dimethicone, Hdi/Trimethylol Hexyllactone Crosspolymer, Hydrogenated Polyisobutene, Hydrogenated Vegetable Oil, Caprylic/Capric/Myristic/Stearic Triglyceride, Polysilicone11, Peg8 Dimethicone, Peg10 Dimethicone, Yeast Extract\Faex\Extrait De Levure, Citrus Aurantifolia (Lime) Peel Extract, Sigesbeckia Orientalis (St. Paul's Wort) Extract, Polygonum Cuspidatum Root Extract, Saccharomyces Lysate Extract, Sesamum Indicum (Sesame) Seed Oil, Eucalyptus Globulus (Eucalyptus) Leaf Oil, Sesamum Indicum (Sesame) Seed Powder, Medicago Sativa (Alfalfa) Seed Powder, Helianthus Annuus (Sunflower) Seedcake, Prunus Amygdalus Dulcis (Sweet Almond) Seed Meal, Sodium Gluconate, Copper Gluconate, Calcium Gluconate, Magnesium Gluconate, Zinc Gluconate, Tocopheryl Succinate, Niacin, Vitis Vinifera (Grape) Seed Extract, Rosmarinus Officinalis (Rosemary) Leaf Extract, Punica Granatum (Pomegranate) Fruit Juice, Bupleurum Falcatum Root Extract, Citrus Reticulata (Tangerine) Peel Extract, Narcissus Tazetta Bulb Extract, Mimosa Tenuiflora Bark Extract, Betula Alba (Birch) Bark Extract, Chlorella Vulgaris Extract, Humulus Lupulus (Hops) Extract, Laureth4, Corallina Officinalis Extract, Glycine Soja (Soybean) Seed Extract, Micrococcus Lysate, Whey Protein\Lactis Protein\Proteine Du PetitLait, Tartaric Acid, Glycerin, Hydrolyzed Wheat Protein, Laureth23, Butylene Glycol, Ammonium Acryloyldimethyltaurate/Beheneth25 Methacrylate Crosspolymer, Sucrose, Coenzyme A, Acetyl Glucosamine, Caffeine, Dipalmitoyl Hydroxyproline, Linoleic Acid, Tetraacetylphytosphingosine, Alcaligenes Polysaccharides, Bifida Ferment Lysate, Pentylene Glycol, Dipotassium Glycyrrhizate, Palmitoyl Oligopeptide, Peg8, Sorbitol, Tocopheryl Acetate, Eryngium Maritimum Extract, Sodium Hydroxide, Hydrogenated Lecithin, Hydroxypropyl Cyclodextrin, Nordihydroguaiaretic Acid, Cyclodextrin, Maltodextrin, Polymethylsilsesquioxane, Acetyl Hexapeptide8, Glyceryl Polymethacrylate, Glycosaminoglycans, Gold, Tourmaline, Linolenic Acid, Silica, Ethylbisiminomethylguaiacol Manganese Chloride, Disodium Edta, Potassium Sorbate, Phenoxyethanol, Fragrance (Parfum), Hydroxycitronellal, Linalool, Limonene, Citronellol, Geraniol, Green 5 (Ci 61570).",8,2041,1.0,0.0,https://www.sephora.com/product/the-regenerating-serum-P450290?icid2=products%20grid:p450290,1.0,365.0
Argan Beta-Retinoid Pink Algae Serum,Josie Maran,facial-treatments,68.0,*Organic. **Naturally Derived.,469,3041,0.85,0.0,https://www.sephora.com/product/josie-maran-argan-beta-retinoid-pink-algae-serum-P454084?icid2=products%20grid:p454084,0.85,80.0
Powerful-Strength Line-Reducing Concentrate 12.5% Vitamin C,Kiehl's Since 1851,facial-treatments,68.0,Propylene Glycol Dimethicone Glycerin Ascorbic Acid Ethylhexyl Palmitate Cetyl Peg/Ppg10/1 Dimethicone Dimethicone Crosspolymer Ascorbyl Glucoside Cyclohexasiloxane Hydroxyethylpiperazine Ethane Sulfonic Acid Lauroyl Lysine Acrylonitrile/Methyl Methacrylate/Vinylidene Chloride Copolymer Polysilicone11 Adenosine Hydrolyzed Hyaluronic Acid Limonene Isobutane Citrus Aurantium Dulcis (Orange) Peel Oil Citrus Limon Peel Oil / Lemon Peel Oil Citral Pentaerythrityl TetraDiTButyl Hydroxyhydrocinnamate.,242,26325,0.0,1.7,https://www.sephora.com/product/powerful-strength-line-reducing-concentrate-12-5-vitamin-c-P427529?icid2=products%20grid:p427529,1.7,40.0
"Cleanse, Hydrate & Treat Blemishes Kit",Origins,facial-treatments,19.0,"Water\Aqua\Eau, Alcohol Denat., Acrylates/C1030 Alkyl Acrylate Crosspolymer, Salicylic Acid, Hamamelis Virginiana (Witch Hazel), Eugenia Caryophyllus (Clove) Bud Oil*, Origanum Heracleoticum Flower Oil*, Eugenol, Limonene, Cucumis Sativus (Cucumber) Fruit Extract, Pyrus Malus (Apple) Fruit Extract, Scutellaria Baicalensis Root Extract, Algae Extract, Poria Cocos Sclerotium Extract, Laminaria Saccharina Extract, Lactobacillus Ferment, Glycerin, Caffeine, Butylene Glycol, Tocopheryl Acetate, Magnesium Ascorbyl Phosphate, Sodium Hydroxide, Phenoxyethanol * Essential Oil.",0,1885,0.0,0.0,https://www.sephora.com/product/origins-cleanse-hydrate-treat-blemishes-kit-P455668?icid2=products%20grid:p455668,1.3220803357314155,14.37129006951655
Hyaluronic Serum,Dr. Barbara Sturm,facial-treatments,300.0,"Butylene Glycol, Lactobacillus/Portulaca Oleracea Ferment Extract, Phenoxyethanol, Sodium Hyaluronate, Ethylhexylglycerin, Potassium Sorbate, Leuconostoc/Radish Root Ferment Filtrate.",266,2080,0.0,1.0,https://www.sephora.com/product/dr-barbara-sturm-hyaluronic-serum-P447212?icid2=products%20grid:p447212,1.0,300.0
Vinopure Natural Salicylic Acid Pore Minimizing Serum,Caudalie,facial-treatments,49.0,"Rosa Damascena Flower Water*, Alcohol*, Niacinamide, Butylene Glycol*, Salicylic Acid*, Sodium Hyaluronate, Cymbopogon Citratus Leaf Oil*, Lavandula Hybrida Oil*, Melissa Officinalis Leaf Oil*, Mentha Piperita (Peppermint) Oil*, Pelargonium Graveolens Flower Oil*, Rosmarinus Officinalis (Rosemary) Leaf Oil*, Palmitoyl Grape Seed Extract*, Sodium Hydroxide, Sodium Phytate*, Tocopherol*, Xanthan Gum, Citral*, Citronellol*, Geraniol*, Limonene*, Linalool* (184/123).  *Plant Origin.",719,49764,1.0,0.0,https://www.sephora.com/product/vinopure-natural-salicylic-acid-pore-minimizing-serum-P433626?icid2=products%20grid:p433626,1.0,49.0
Vinosource SOS Deep Hydration Serum,Caudalie,facial-treatments,49.0,"Vitis Vinifera (Grape) Fruit Water*, Glycerin*, Butylene Glycol*, Ethylhexyl Palmitate*, Polyacrylate Crosspolymer6, Polymethyl Methacrylate, Dimethicone, Palmitoyl Grape Seed Extract*, Caprylyl Glycol, Parfum (Fragrance), Squalane*, Vitis Vinifera (Grape) Juice*, Xanthan Gum, Sorbitan Oleate*, Sodium Carboxymethyl BetaGlucan, Citric Acid, Sorbitan Laurate*, Hyaluronic Acid, Sodium Phytate*, Sodium Benzoate, Sodium Hydroxide, Disodium Acetyl Glucosamine Phosphate, Potassium Sorbate, Alcohol*, Myristyl Malate Phosphonic Acid (101/054).",782,40798,1.0,0.0,https://www.sephora.com/product/vinosource-s-o-s-thirst-quenching-serum-P374211?icid2=products%20grid:p374211,1.0,49.0
GENIUS Liquid Collagen,Algenist,facial-treatments,115.0,"Collagen (Vegan)*, Water (Aqua, Eau), Propanediol, Isononyl Isononanoate, Butylene Glycol, Glycerin, Betaine, Pentylene Glycol, Dextrin Palmitate, Collagen Amino Acids (Vegan)*, Parachlorella Beijerinckii Exopolysaccharides, Chlorella Protothecoides Oil, Helichrysum Stoechas Flower Extract, Cylindrotheca Fusiformis Extract, Niacinamide, Tocopherol, Palmitoyl Tripeptide1, Palmitoyl Tetrapeptide7, Adenosine, Helianthus Annuus (Sunflower) Seed Oil, Leuconostoc/Radish Root Ferment Filtrate, Caprylic/Capric Triglyceride, Palmitic Acid,  Disodium EDTA, Carbomer, Sodium Lactate, Amodimethicone, Homosalate, Polysorbate 20, Butyl Methoxydibenzoylmethane, 1,2Hexanediol, Caprylyl Glycol, Octocrylene, Sodium Hydroxide, Phenoxyethanol, Fragrance (Parfum), Limonene, BetaCarotene (CI 40800).",633,39267,1.0,0.0,https://www.sephora.com/product/genius-liquid-collagen-P421277?icid2=products%20grid:p421277,1.0,115.0
Vitamin Nectar Glow Juice Antioxidant Face Serum,Fresh,facial-treatments,28.0,"Collagen (Vegan)*, Water (Aqua, Eau), Propanediol, Isononyl Isononanoate, Butylene Glycol, Glycerin, Betaine, Pentylene Glycol, Dextrin Palmitate, Collagen Amino Acids (Vegan)*, Parachlorella Beijerinckii Exopolysaccharides, Chlorella Protothecoides Oil, Helichrysum Stoechas Flower Extract, Cylindrotheca Fusiformis Extract, Niacinamide, Tocopherol, Palmitoyl Tripeptide1, Palmitoyl Tetrapeptide7, Adenosine, Helianthus Annuus (Sunflower) Seed Oil, Leuconostoc/Radish Root Ferment Filtrate, Caprylic/Capric Triglyceride, Palmitic Acid,  Disodium EDTA, Carbomer, Sodium Lactate, Amodimethicone, Homosalate, Polysorbate 20, Butyl Methoxydibenzoylmethane, 1,2Hexanediol, Caprylyl Glycol, Octocrylene, Sodium Hydroxide, Phenoxyethanol, Fragrance (Parfum), Limonene, BetaCarotene (CI 40800).",18,1955,0.0,0.5,https://www.sephora.com/product/vitamin-nectar-glow-juice-antioxidant-face-serum-P450210?icid2=products%20grid:p450210,0.5,56.0
Drying Lotion,Mario Badescu,facial-treatments,17.0,"Isopropyl Alcohol, Calamine, Zinc Oxide, Titanium Dioxide, Sulfur, Camphor, Talc, Glycerin, Salicylic Acid.",192,24272,1.0,0.0,https://www.sephora.com/product/mario-badescu-drying-lotion-P440498?icid2=products%20grid:p440498,1.0,17.0
Backlight Priming Filter Face Primer,BECCA,facial-treatments,39.0,"Ethylhexyl Palmitate, Glycerin, Caprylic/Capric Triglyceride, Mica, Titanium Dioxide (CI 77891), Tocopheryl Acetate, Glycyrrhiza Glabra (Licorice) Extract, Panthenol, Silica, Carbomer, Ethylhexylglycerin, Disodium EDTA, Sodium Hydroxide, Phenoxyethanol, Fragrance, Iron Oxides  (CI 77491).",1000,75592,1.0,0.0,https://www.sephora.com/product/backlight-priming-filter-P399831?icid2=products%20grid:p399831,1.0,39.0
Power Peel™ Transforming Facial System,OLEHENRIKSEN,facial-treatments,50.0,"Kaolin, Prunus Amygdalus Dulcis (Sweet Almond) Oil, Glycerin, Cetyl Alcohol, Caprylic/Capric Triglyceride, Helianthus Annuus (Sunflower) Seed Oil, Glyceryl Stearate SE, Titanium Dioxide (CI 77891), Magnesium Aluminum Silicate, Dimethicone, Ceteareth20, Aloe Barbadensis Leaf Juice, Phenoxyethanol, Tocopheryl Acetate, Bisabolol, Sodium Benzoate, Parfum/Fragrance, Caprylyl Glycol, Algae Extract, Potassium Sorbate, Vitis Vinifera (Grape) Seed Oil, Simmondsia Chinensis (Jojoba) Seed Oil, Hexylene Glycol, Ethylhexylglycerin, Chamomilla Recutita (Matricaria) Flower Extract, Borago Officinalis Seed Oil, Allantoin, Oenothera Biennis (Evening Primrose) Seed Extract, Citric Acid, Tocopherol, Sodium Sulfite, Ascorbyl Palmitate, Hydroxycitronellal, Linalool.",1000,37809,0.0,0.0,https://www.sephora.com/product/power-peel-transforming-facial-system-P375421?icid2=products%20grid:p375421,1.3220803357314155,37.81918439346461
Max Complexion Correction Pads,Peter Thomas Roth,facial-treatments,46.0,"Alcohol Denat., Allantoin, Aloe Barbadensis Leaf Juice, Amyl Cinnamal, Arginine, Benzoic Acid, Butylene Glycol, Butylparaben, Butylphenyl Methylpropional, Camellia Sinensis Leaf Extract, Chamomilla Recutita (Matricaria) Flower Extract, Citric Acid, Citronellol, Ethylparaben, Fragrance, Geraniol, Glycolic Acid, Hamamelis Virginiana (Witch Hazel) Isobutylparaben, Limonene, Linalool, Methylparaben, Phenoxyethanol, Potassium Sorbate, Propylparaben, Prunus Persica (Peach) Fruit Extract, Sodium Benzoate, Symphytum Officinale Root Extract, Triethanolamine, Water.",1000,46017,0.0,0.0,https://www.sephora.com/product/max-complexion-correction-pads-P114902?icid2=products%20grid:p114902,1.3220803357314155,34.79364964198744
EradiKate™ Acne Treatment,Kate Somerville,facial-treatments,26.0,"Isopropyl Alcohol, Zinc Oxide, Sulfur, Camphor, Magnesium Aluminum Silicate, Salicylic Acid, CI 77491 (Iron Oxides).",2000,77234,1.0,0.0,https://www.sephora.com/product/eradikate-acne-treatment-P232903?icid2=products%20grid:p232903,1.0,26.0
Advanced Génifique Youth Activating Serum Duo,Lancôme,facial-treatments,172.0,"Bifida Ferment Lysate, Glycerin, Alcohol Denat., Dimethicone, Hydroxyethylpiperazine Ethane Sulfonic Acid, Ascorbyl Glucoside, Sodium Hyaluronate, Sodium Hydroxide, Sodium Benzoate, Phenoxyethanol, Adenosine, Faex Extract/Yeast Extract/Extrait De Levure, Peg20 Methyl Glucose Sesquistearate, Peg60 Hydrogenated Castor Oil, Salicyloyl Phytosphingosine, Ammonium Polyacryldimethyltauramide/Ammonium Polyacryloyldimethyl Taurate, Limonene, Xanthan Gum, Caprylyl Glycol, Disodium Edta, Octyldodecanol, Citronellol, Fragrance.",4,3025,1.7,0.0,https://www.sephora.com/product/advanced-genifique-youth-activating-serum-duo-P451738?icid2=products%20grid:p451738,1.7,101.17647058823529
Capture Youth Serum Collection,Dior,facial-treatments,95.0,"Aqua (Water), Dipropylene Glycol, Glycerin, Glycolic Acid, 3OEthyl Ascorbic Acid, Ppg26Buteth26, Tromethamine, Phenoxyethanol, Parfum (Fragrance), Peg40 Hydrogenated Castor Oil, Sodium Citrate, Tetrasodium Edta, Terminalia Ferdinandiana Fruit Extract, Xanthan Gum, Adenosine, Sodium Tocopheryl Phosphate, Sodium Metabisulfite, Ci 15985 (Yellow 6), Iris Florentina Root Extract, Bht, Tocopherol.",97,29553,1.0,0.0,https://www.sephora.com/product/capture-youth-serum-P428255?icid2=products%20grid:p428255,1.0,95.0
Matrixyl* 10% + HA,The Ordinary,facial-treatments,11.5,"Glycerin, Butylene Glycol, Palmitoyl Tripeptide1, Palmitoyl Tetrapeptide7, Palmitoyl Tripeptide38, Sodium Hyaluronate, Hydroxypropyl Cyclodextrin, PPG26Buteth26, PEG40 Hydrogenated Castor Oil, Polyacrylate Crosspolymer6, Trisodium Ethylenediamine Disuccinate, Carbomer, Polysorbate 20, Ethoxydiglycol, Phenoxyethanol, Chlorphenesin.",133,37547,1.0,0.0,https://www.sephora.com/product/the-ordinary-deciem-matrixyl-10-ha-P427405?icid2=products%20grid:p427405,1.0,11.5
Pineapple-C Brightening Serum,Glow Recipe,facial-treatments,49.0,"Ananas Sativus (Pineapple) Fruit Extract, Butylene Glycol, Propanediol, 3OEthyl Ascorbic Acid, Dimethicone, Ascorbic Acid, Lactic Acid, Sodium Hyaluronate, Chamomilla Recutita (Matricaria) Flower Extract, Aloe Barbadensis Leaf Juice, Squalane, Tocopheryl Acetate, Portulaca Oleracea Extract, Carthamus Tinctorius (Safflower) Seed Extract, Hexylresorcinol, Arginine, Ethylhexylglycerin, Caprylic/Capric Triglyceride, Xanthan Gum, Caprylyl Glycol, Pentylene Glycol, Dimethicone Crosspolymer, Fragrance.",1000,47685,1.0,0.0,https://www.sephora.com/product/pineapple-c-brightening-serum-P442869?icid2=products%20grid:p442869,1.0,49.0
Lightstim® for Acne,LightStim ,facial-treatments,169.0,"Ananas Sativus (Pineapple) Fruit Extract, Butylene Glycol, Propanediol, 3OEthyl Ascorbic Acid, Dimethicone, Ascorbic Acid, Lactic Acid, Sodium Hyaluronate, Chamomilla Recutita (Matricaria) Flower Extract, Aloe Barbadensis Leaf Juice, Squalane, Tocopheryl Acetate, Portulaca Oleracea Extract, Carthamus Tinctorius (Safflower) Seed Extract, Hexylresorcinol, Arginine, Ethylhexylglycerin, Caprylic/Capric Triglyceride, Xanthan Gum, Caprylyl Glycol, Pentylene Glycol, Dimethicone Crosspolymer, Fragrance.",13,4945,0.0,0.0,https://www.sephora.com/product/lightstim-for-acne-P429668?icid2=products%20grid:p429668,1.3220803357314155,127.82884324991038
100% L-Ascorbic Acid Powder,The Ordinary,facial-treatments,5.8,Ascorbic Acid.,6,4210,0.7,0.0,https://www.sephora.com/product/the-ordinary-100-l-ascorbic-acid-powder-P455338?icid2=products%20grid:p455338,0.7,8.285714285714286
Ascorbic Acid 8% + Alpha Arbutin 2%,The Ordinary,facial-treatments,10.0,"Propanediol, Ascorbic Acid, AlphaArbutin",126,26141,1.0,0.0,https://www.sephora.com/product/ascorbic-acid-8-alpha-arbutin-2-P442754?icid2=products%20grid:p442754,1.0,10.0
Liquid Glass Radiance Serum,FARSÁLI,facial-treatments,54.0,"Isopentyldiol, Butylene Glycol, Dimethyl Isosorbide, PPG24Glycereth24, PEG40 Hydrogenated Castor Oil, Polyester5, Sodium Hyaluronate, Glycerin, Citrullus Lanatus (Watermelon) Fruit Extract, Pyrus Malus (Apple) Fruit Extract, Lens Esculenta (Lentil) Fruit Extract, Sodium PCA, Sodium Lactate, Xylitylglucoside, Anhydroxylitol, Xylitol, Vanilla Planifolia Fruit Citrus Aurantium Dulcis (Orange) Oil, Ammonium Acryloyldimethyltaurate/Carboxyethyl Acrylate Crosspolymer, Disodium EDTA, Ethylhexylglycerin, Hydroxyacetophenone, Phenoxyethanol, Sodium Hydroxide, Synthetic Fluorphlogopite. May Contain (+/): Tin Oxide (Ci 77861), Titanium Dioxide (Ci 77891), Mica (Ci 77019), Iron Oxides (Ci 77491, Ci 77492, Ci 77499).",277,25090,0.0,1.0,https://www.sephora.com/product/liquid-glass-radiance-make-skin-serum-P443766?icid2=products%20grid:p443766,1.0,54.0
Retinol Youth Renewal Serum,Murad,facial-treatments,89.0,"Cyclopentasiloxane, Isopropyl Palmitate, C1422 Alcohols, Polymethylsilsesquioxane, Dimethicone, Propanediol, Glyceryl Stearate, PEG100 Stearate, Shea Butter Ethyl Esters, Retinol, Hydroxypinacolone Retinoate, Ceramide NP, Sodium Hyaluronate, Solanum Lycopersicum (Tomato) Fruit Extract, Swertia Chirata Extract, Squalane, Punica Granatum Extract, Tocopheryl Acetate, Glycine Soja (Soybean) Extract, Urea, Yeast Amino Acids, Trehalose, Inositol, Taurine, Betaine, Glycerin, Caprylic/Capric Triglyceride, Dimethyl Isosorbide, Silica, Ethylhexyl Palmitate, Silica Dimethyl Silylate, Butylene Glycol, Lecithin, Ammonium Acryloyldimethyltaurate/VP Copolymer, C1220 Alkyl Glucoside, Cetyl Palmitate, Laureth23, Polysorbate 20, Trideceth6 Phosphate, Synthetic Fluorphlogopite, Phenoxyethanol, Ethylhexylglycerin, Chlorphenesin, Disodium EDTA, Sodium Hydroxide, Tris (Tetramethylhydroxypiperidinol) Citrate, Sodium Benzotriazolyl Butylphenol Sulfonate, Titanium Dioxide (CI 77891), Red 4 (CI 14700), AlphaIsomethyl Ionone, Citronellol, Fragrance (Parfum).",377,14581,0.0,1.0,https://www.sephora.com/product/retinol-youth-renewal-serum-P411365?icid2=products%20grid:p411365,1.0,89.0
Clinique Smart™ Custom-Repair Serum,CLINIQUE,facial-treatments,61.5,"Isododecane, Dimethicone, Cyclopentasiloxane, Polysilicone11, Butylene Glycol, Ascorbyl Glucoside, Peg10 Dimethicone, Peg6, Citrus Grandis (Grapefruit) Peel Extract, Morus Nigra (Mulberry) Root Extract, Hordeum Vulgare (Barley) Extract\Extrait D'Orge, Scutellaria Baicalensis Root Extract, Cucumis Sativus (Cucumber) Fruit Extract, Algae Extract, Plankton Extract, Vitis Vinifera (Grape) Fruit Extract, Sigesbeckia Orientalis (St. Paul'S Wort) Extract, Triticum Vulgare (Wheat) Germ Extract, Glycerin, Oryza Sativa (Rice) Bran Extract, Yeast Extract\Faex\Extrait De Levure, Acetyl Hexapeptide8, Palmitoyl Oligopeptide, Ergothioneine, Whey Protein\Lactis Protein\Protéine Du PetitLait, Polysorbate 20, Micrococcus Lysate, Cholesterol, DiC1218 Alkyl Dimonium Chloride, Salicylic Acid, Isohexadecane, Propylene Glycol Dicaprate, Helianthus Annuus (Sunflower) Seedcake, Caffeine, Glycine Soja (Soybean) Protein, Tocopheryl Acetate, Acetyl Glucosamine, Caprylyl Glycol, Glyceryl Polymethacrylate, Dimethoxytolyl Propylresorcinol, Synthetic Fluorphlogopite, Glycyrrhetinic Acid, Tromethamine, Polysorbate 80, Sodium Hyaluronate, Sodium Rna, Squalane, Aminopropyl Ascorbyl Phosphate, Ammonium Acryloyldimethyltaurate/Vp Copolymer, Peg8, Lecithin, Hexylene Glycol, Acrylamide/Sodium Acryloyldimethyltaurate Copolymer, Sodium Hydroxide, Tin Oxide, Disodium Edta, Arabidopsis Thaliana Extract, Phenoxyethanol, Yellow 5 (CI 19140), Red 4 (CI 14700), Titanium Dioxide (CI 77891).",383,16752,0.0,1.0,https://www.sephora.com/product/clinique-smart-custom-repair-serum-P387616?icid2=products%20grid:p387616,1.0,61.5
The Treatment Lotion Mini,La Mer,facial-treatments,110.0,"Declustered Water (+)\Aqua\Eau DeStructuree (+), Declustered Water ()\Aqua\Eau DeStructuree (), Algae (Seaweed) Extract, Glycerin, Methyl Gluceth20, BisPeg18 Methyl Ether Dimethyl Silane, Yeast Extract\Faex\Extrait De Levure, Sucrose, Glycereth26, Sesamum Indicum (Sesame) Seed Oil, Medicago Sativa (Alfalfa) Seed Powder, Helianthus Annuus (Sunflower) Seedcake, Prunus Amygdalus Dulcis (Sweet Almond) Seed Meal, Eucalyptus Globulus (Eucalyptus) Leaf Oil, Sodium Gluconate, Copper Gluconate, Calcium Gluconate, Magnesium Gluconate, Zinc Gluconate, Tocopheryl Succinate, Niacin, Sesamum Indicum (Sesame) Seed Powder, Citrus Aurantifolia (Lime) Peel Extract, Glycine Soja (Soybean) Seed Extract, Laminaria Digitata Extract, Palmaria Palmata Extract, Codium Tomentosum Extract, Laminaria Saccharina Extract, Sea Salt\Maris Sal\Sel Marin, Plankton Extract, Caffeine, Polyquaternium51, Lecithin, Butylene Glycol, Dipotassium Glycyrrhizate, Glycine Soja (Soybean) Protein, Tourmaline, Acetyl Hexapeptide8, Glycosaminoglycans, Peg8, Sodium Hyaluronate, Alcaligenes Polysaccharides, Sodium Pca, Urea, Ppg5Ceteth20, Jojoba Wax Peg120 Esters, Polysorbate 20, Hexylene Glycol, Pentylene Glycol, Potassium Sorbate, Trehalose, Caprylyl Glycol, Hydroxypropyl Cyclodextrin, Fragrance (Parfum), Disodium Edta, Limonene, Geraniol, Linalool, Hydroxycitronellal, Citronellol, Phenoxyethanol.",3,3060,0.0,3.4,https://www.sephora.com/product/the-treatment-lotion-mini-P428638?icid2=products%20grid:p428638,3.4,32.35294117647059
Skintune Blur Perfecting Primer Serum,FARSÁLI,facial-treatments,54.0,"Methyl Methacrylate Crosspolymer, Dimethicone, Propanediol, Glycerin, Dimethicone/Vinyl Dimethicone Crosspolymer, CocoCaprylate / Caprate, Squalane, Ethyl Macadamiate, Cetearyl Isononanoate, Phenoxyethanol, Ceteareth20, Cetearyl Alcohol, Hydroxyethyl Acrylate/Sodium, Acryloyldimethyl Taurate Copolymer, Glyceryl Stearate, Ascorbic Acid, Ethylhexylglycerin, Tocopherol, Polysorbate 60, Sorbitan Isostearate, Sodium PCA, Chamomilla Recutita Flower Extract, Terminalia Ferdinandiana Fruit Extract, Caprylic/Capric Triglyceride, Sodium Citrate, Phragmites Kharka Extract, Poria Cocos Extract, Citric Acid, Benzoic Acid, Ceteareth12, Cetyl Palmitate, Sodium Benzoate, Malic Acid, Cucumis Sativus Fruit Extract.",597,77579,0.0,1.0,https://www.sephora.com/product/skintune-blur-perfecting-primer-serum-P436269?icid2=products%20grid:p436269,1.0,54.0
Noni Bright Vitamin C Serum,KORA Organics,facial-treatments,68.0,"Methyl Methacrylate Crosspolymer, Dimethicone, Propanediol, Glycerin, Dimethicone/Vinyl Dimethicone Crosspolymer, CocoCaprylate / Caprate, Squalane, Ethyl Macadamiate, Cetearyl Isononanoate, Phenoxyethanol, Ceteareth20, Cetearyl Alcohol, Hydroxyethyl Acrylate/Sodium, Acryloyldimethyl Taurate Copolymer, Glyceryl Stearate, Ascorbic Acid, Ethylhexylglycerin, Tocopherol, Polysorbate 60, Sorbitan Isostearate, Sodium PCA, Chamomilla Recutita Flower Extract, Terminalia Ferdinandiana Fruit Extract, Caprylic/Capric Triglyceride, Sodium Citrate, Phragmites Kharka Extract, Poria Cocos Extract, Citric Acid, Benzoic Acid, Ceteareth12, Cetyl Palmitate, Sodium Benzoate, Malic Acid, Cucumis Sativus Fruit Extract.",313,13618,1.01,0.0,https://www.sephora.com/product/noni-bright-vitamin-c-serum-P446419?icid2=products%20grid:p446419,1.01,67.32673267326733
Cicapair™ Tiger Grass Serum,Dr. Jart+,facial-treatments,46.0,"Dipropylene Glycol, Glycerin, Butylene Glycol, Propanediol, Eryngium Maritimum Callus Culture Filtrate, 1,2Hexanediol, Niacinamide, Houttuynia Cordata Extract, Ilex Aquifolium (Holly) Leaf Extract, Achillea Millefolium Oil, Panthenol, Chondrus Crispus Extract, C1214 Pareth12, Saccharum Officinarum (Sugarcane) Extract/Extrait de canne à sucre, Streptococcus Thermophilus Ferment, Carbomer, Tromethamine, Madecassoside, Melia Azadirachta Leaf Extract, Xanthan Gum, Ethylhexylglycerin, Adenosine, Lavandula Angustifolia (Lavender) Oil, DNA, Disodium EDTA, Melia Azadirachta Flower Extract, Citrus Aurantium Bergamia (Bergamot) Fruit Oil, Asiaticoside, Dextrin, Theobroma Cacao (Cocoa) Extract, Centella Asiatica Leaf Extract, Hedera Helix (Ivy) Extract, Asiatic Acid, Madecassic Acid, Calcium Chloride, Centella Asiatica Extract, Magnesium Sulfate.",921,43020,1.01,0.0,https://www.sephora.com/product/tiger-grass-re-pair-serum-P423259?icid2=products%20grid:p423259,1.01,45.54455445544554
Pore Treatment Strips,Peace Out,facial-treatments,19.0,Vitamin A: Refines skin texture and prevents blackheads from forming.,701,30698,0.0,0.0,https://www.sephora.com/product/peace-out-pores-P428250?icid2=products%20grid:p428250,1.3220803357314155,14.37129006951655
Tranexamic Acid Hyperpigmentation Treatment,The INKEY List,facial-treatments,14.99,"Butylene Glycol, Glycerin, Ascorbyl Glucoside, Tranexamic Acid, Euterpe Oleracea Fruit Extract, 1Methylhydantoin2Imide, Sodium Acrylates Copolymer, Phenoxyethanol, Carbomer, Sodium Hydroxide, Cetearyl Olivate, Benzyl Alcohol, Sorbitan Olivate, Hydroxyethyl Acrylate/Sodium Acryloyldimethyl Taurate Copolymer, Lecithin, Squalane, Ethylhexylglycerin, Sodium Gluconate, Polysorbate 60, Dehydroacetic Acid, Lactobacillus Ferment, Sorbitan Isostearate.",16,6425,1.0,0.0,https://www.sephora.com/product/tranexamic-acid-night-treatment-P450614?icid2=products%20grid:p450614,1.0,14.99
InvisiScar Resurfacing Treatment,Murad,facial-treatments,35.0,"Dimethicone, Polysilicone11, Ascorbic Acid, Silica, Dimethicone/Divinyldimethicone/Silsesquioxane Crosspolymer, Dimethyl Isosorbide, Asiaticoside, Madecassic Acid, Asiatic Acid, Hexylresorcinol, Salicylic Acid, Acetyl Glucosamine, Hydroxytyrosol, Tocopheryl Acetate, Polymethylsilsesquioxane, Trimethylsiloxysilicate, Fragrance (Parfum), Limonene, Linalool, Titanium Dioxide (CI 77891).",319,11866,0.5,0.0,https://www.sephora.com/product/invisiscar-resurfacing-treatment-P446423?icid2=products%20grid:p446423,0.5,70.0
Retinol Anti-Aging Serum,The INKEY List,facial-treatments,9.99,"Glycerin, Butylene Glycol, Propanediol, Dicaprylyl Carbonate, Dimethicone, Hydroxyethyl Acrylate/Sodium Acryloyldimethyl Taurate Copolymer, Caprylyl Glycol, Phospholipids, Caprylic/Capric Glycerides, Squalane, Dimethyl Isosorbide, Glycine Soja (Soybean) Extract, Carbomer, Sodium Ascorbate, Tocopherol, Polysorbate 60, Tocopheryl Acetate, Glycolipids, Sodium Hydroxide, Disodium Edta, Hydroxypinacolone Retinoate, Retinol, Glycine Soja (Soybean) Sterol, Leuconostoc/Radish Root Ferment Filtrate, Peg40 Hydrogenated Castor Oil, Hyaluronic Acid, Polysorbate 20, Palmitoyl Tetrapeptide7, Palmitoyl Tripeptide1, Phenoxyethanol.",492,15053,1.0,0.0,https://www.sephora.com/product/retinol-serum-P443842?icid2=products%20grid:p443842,1.0,9.99
First Care Activating Serum Limited Edition,Sulwhasoo,facial-treatments,140.0,"Butylene Glycol, Alcohol, Glycerin, Betaine, Peg/Ppg17/6 Copolymer, Glyceryl Polymethacrylate, Ophiopogon Japonicus Root Extract, Phenoxyethanol, BisPeg18 Methyl Ether Dimethyl Silane, Peg60 Hydrogenated Castor Oil, Carbomer, Tromethamine, Glycyrrhiza Uralensis(Licorice) Root Extract, Fragrance / Parfum, Honey / Mel / Miel, Juglans Regia (Walnut) Seed Extract, Theobromacacao (Cocoa) Extract, Dextrin, Lilium Candidum Bulb Extract, Paeonia Albiflora Root Extract, Rehmannia Glutinosaroot Extract, Polygonatum Officinale Rhizome/Root Extract, Nelumbo Nucifera Flower Extract, Xanthan Gum, Ethylhexylglycerin, Portulaca Oleracea Extract, Camellia Sinensis Leaf Extract, Disodium Edta, Phenyltrimethicone, Chondrus Crispus (Carrageenan), Biosaccharide Gum1, Zizyphus Jujuba Fruit Extract, Natto Gum,Propylene Glycol, Chlorphenesin, Hydrogenated Lecithin, Bht, Sodium Dehydroacetate, Potassium Sorbate, Citricacid, Sorbic Acid, Tocopherol.",5,1535,4.05,0.0,https://www.sephora.com/product/sulwhasoo-first-care-activating-serum-lunar-new-year-limited-edition-P454773?icid2=products%20grid:p454773,4.05,34.567901234567906
Alpha Beta® Ultra Gentle Daily Peel for Sensitive Skin,Dr. Dennis Gross Skincare,facial-treatments,88.0,"Caprylic/Capric Triglyceride, Polysorbate 20, Sodium Hyaluronate, Colloidal Oatmeal, Camellia Sinensis Leaf Extract, Centella Asiatica Extract, Retinyl Palmitate, Tocopheryl Acetate, Ascorbyl Palmitate, Soy Isoflavones, Phospholipids, Resveratrol, Ubiquinone, Achillea Millefolium Extract, Raphanus Sativus (Radish) Root Extract, Copper PCA, Sodium PCA, Zinc PCA, Lecithin, Octoxynol9, Simethicone, Tetrasodium EDTA, Polysorbate 80, Sodium Bicarbonate, Phenoxyethanol, Sodium Benzoate",161,11324,0.0,0.0,https://www.sephora.com/product/alpha-beta-ultra-gentle-daily-peel-sensitive-skin-P398761?icid2=products%20grid:p398761,1.3220803357314155,66.56176453249772
Umbrian Clay Pore Purifying Face Mask,Fresh,facial-treatments,58.0,"Solum Fullonum (Fuller's Earth), Glycerin, Butylene Glycol, Pentylene Glycol, Cocamidopropyl Betaine, Vitis Vinifera (Grape) Seed Oil, Olea Europaea (Olive) Leaf Extract, Xanthan Gum, Fusanus Spicatus Wood Oil, Lavandula Angustifolia (Lavender) Flower Anthemis Nobilis Flower Oil, Sodium Chloride, Polyacrylamide, C1314 Isoparaffin, Laureth7, BHT, Phenoxyethanol, Farnesol, Linalool.",780,83447,0.0,3.3,https://www.sephora.com/product/umbrian-clay-purifying-mask-P54104?icid2=products%20grid:p54104,3.3,17.575757575757578
Glow Drops,Dr. Barbara Sturm,facial-treatments,145.0,"Prunus Amygdalus Dulcis (Sweet Almond) Oil, C1215 Alkyl Benzoate,Glycerin, Lactobacillus/Portulaca Oleracea Ferment Extract, Butylene Glycol, Cetearyl Alcohol,Glyceryl Stearate, Panthenol, Phenoxyethanol, Sodium Lauroyl Glutamate, Stearic Acid, Dimethicone, Carbomer, Ethylhexylglycerin, Sodium Hyaluronate, Leuconostoc/Radish Root Ferment Filtrate, Mica, Hexylene Glycol, Polygonum Bistorta Root Extract, Sodium Hydroxide, Alcohol, Biosaccharide Gum1, Caprylic/Capric Triglyceride, Rosa Canina Fruit Extract, Synthetic Fluorphlogopite, Pantolactone, Caprylyl Glycol, Xanthan Gum, Ascorbyl Palmitate, Citric Acid, Ascorbic Acid, Alumina, Tin Oxide, Titanium Dioxide (CI 77891), Iron Oxides (CI 77491).",196,3630,0.0,1.0,https://www.sephora.com/product/dr-barbara-sturm-glow-drops-P447782?icid2=products%20grid:p447782,1.0,145.0
Luminous Deep Hydration Firming Serum,Tatcha,facial-treatments,95.0,"Glycerin, Propanediol, Chondrus Crispus (RedAlgae) Extract, Alcohol, Methyl Gluceth¬‐20, Polyglyceryl¬‐10Eicosanedioate/Tetradecanedioate, Camellia Sinensis Leaf (GreenTea) Extract, Gold, Algae Extract, Sodium Hyaluronate, Carrageenan(Red Algae Origin), Lycium Barbarum Fruit Extract, StearylGlycyrrhetinate (Licorice Extract), Inositol (Rice Extract), RoyalJelly Extract, Sericin (Silk Extract), Squalane (Olive Derived),Chamomilla Recutita (Matricaria) Flower Extract, HydrogenatedLecithin (Soy Derived), Xanthan Gum, Hydroxyethylcellulose, Silica,Sodium Dilauramidoglutamide Lysine, Titanium Dioxide, SyntheticFluorphlogopite, Polyglyceryl¬‐10 Myristate, Disodium Edta,Hdi/Trimethylol Hexyllactone Crosspolymer, Ethylhexylglycerin,Fragrance (Natural), Phenoxyethanol.",107,19560,1.0,0.0,https://www.sephora.com/product/luminous-deep-hydration-firming-serum-P399624?icid2=products%20grid:p399624,1.0,95.0
Hyaluronic Acid Hydrating Serum,The INKEY List,facial-treatments,7.99,"Propanediol, Glycerin, Butylene Glycol, Sodium Hyaluronate, Ammonium Acryloyldimethyltaurate/Vp Copolymer, Leuconostoc/Radish Root Ferment Filtrate, Hyaluronic Acid, Carbomer, Polysorbate 20, Palmitoyl Tetrapeptide7, Palmitoyl Tripeptide1, Phenoxyethanol.",736,16000,1.0,0.0,https://www.sephora.com/product/hyaluronic-acid-serum-P443845?icid2=products%20grid:p443845,1.0,7.99
Super Spot Remover™ Acne Treatment Gel,Origins,facial-treatments,19.0,"Alcohol Denat., Acrylates/C1030 Alkyl Acrylate Crosspolymer, Salicylic Acid, Hamamelis Virginiana (Witch Hazel), Eugenia Caryophyllus (Clove) Bud Oil*, Origanum Heracleoticum Flower Oil*, Eugenol, Limonene, Cucumis Sativus (Cucumber) Fruit Extract, Pyrus Malus (Apple) Fruit Extract, Scutellaria Baicalensis Root Extract, Algae Extract, Poria Cocos Sclerotium Extract, Laminaria Saccharina Extract, Lactobacillus Ferment, Glycerin, Caffeine, Butylene Glycol, Tocopheryl Acetate, Magnesium Ascorbyl Phosphate, Sodium Hydroxide, Phenoxyethanol. *Essential Oil.",1000,75944,0.3,0.0,https://www.sephora.com/product/super-spot-remover-acne-treatment-gel-P297517?icid2=products%20grid:p297517,0.3,63.333333333333336
PRO Strength Retinoid Peptide Serum,Peter Thomas Roth,facial-treatments,110.0,"C912 Alkane, Dimethicone, Isononyl Isononanoate, Dimethyl Isosorbide, Trisiloxane, Cyclopentasiloxane, Polysilicone11, CocoCaprylate/Caprate, Caprylic/Capric Triglyceride, Hydroxypinacolone Retinoate, Palmitoyl Hexapeptide14, Ceramide NP, Helianthus Annuus (Sunflower) Seed Extract, Hordeum Vulgare (Barley) Extract, Cucumis Sativus (Cucumber Extract), Laminaria Ochroleuca Extract, Zingiber Officinale (Ginger) Root Extract, Phytosteryl Canola Glycerides, Sodium Hyaluronate, Sodium PCA, Squalane, Tocopherol, Lecithin, Linoleic Acid, Oleic Acid, Palmitic Acid, Stearic Acid, Hydroxystearic Acid, Triolein, Bisabolol, Ethylhexyl Hydroxystearate, Ethoxydiglycol, Ethylhexylglycerin, Mica, Phenoxyethanol.",464,7781,1.0,0.0,https://www.sephora.com/product/pro-strength-retinoid-peptide-serum-P448717?icid2=products%20grid:p448717,1.0,110.0
Daily Cleanse Clear Skin and Body Detox Supplement,HUM Nutrition,facial-treatments,25.0,"Zinc, Selenium, Copper, Manganese, Organic Chlorella, Spirulina, MSM, Beet Root Powder, Red Clover Extract, Dandelion Leaf, Oregon Grape Root, Milk Thistle Extract, Matcha Green Tea, Alpha Lipoic Acid.",415,36190,0.0,0.0,https://www.sephora.com/product/daily-cleanse-supplements-P386754?icid2=products%20grid:p386754,1.3220803357314155,18.909592196732305
FIRMx™ Peeling Gel,Peter Thomas Roth,facial-treatments,48.0,"Peg32, Cellulose, Butylene Glycol, Citrus Aurantium Bergamia (Bergamot) Fruit Sorbitol, RBacillus Licheniformis Keratinase, Ananas Sativus (Pineapple) Fruit Extract, Lactobacillus/Punica Granatum Fruit Ferment Extract, Leuconostoc/Radish Root Ferment Filtrate, Sodium Hyaluronate, Glycerin, Sodium Hydroxide, Citric Acid, Tetrasodium EDTA, Algin, Carbomer, Tromethamine, Isopropyl Myristate, Sodium Chloride, Calcium Chloride, Potassium Sorbate, Sodium Benzoate, Mica, Phenoxyethanol.",1000,42166,0.0,3.4,https://www.sephora.com/product/firmx-peeling-gel-P377561?icid2=products%20grid:p377561,3.4,14.117647058823529
Resveratrol 3% + Ferulic Acid 3%,The Ordinary,facial-treatments,7.9,"Propanediol, Resveratrol, Ferulic Acid.",56,20857,1.0,0.0,https://www.sephora.com/product/resveratrol-3-ferulic-acid-3-P442755?icid2=products%20grid:p442755,1.0,7.9
Advanced Retinol Treatment,LANCER Skincare,facial-treatments,95.0,"Brassica Alcohol, Glycerin, Neopentyl Glycol Diethylhexanoate, Propanediol, BisStearyl Dimethicone, Trimethylpentanediol/Adipic Acid Copolymer, Butyrospermum Parkii (Shea) Butter, Dimethicone, Squalane, Potassium Cetyl Phosphate, Retinol, Polysorbate 20, Caprylic/Capric Triglyceride, Vitis Vinifera (Grape) Seed Oil, Helianthus Annuus (Sunflower) Seed Extract, Rosmarinus Officinalis (Rosemary) Leaf Extract, Oryza Sativa (Rice) Bran Extract, Opuntia FicusIndica Extract, Glycine Soja (Soybean) Extract, Saccharomyces Cerevisiae Extract, Hydrolyzed Collagen, Bakuchiol, Sodium Hyaluronate, Polymethylsilsesquioxane, HDI/Trimethylol Hexyllactone Crosspolymer, Caprylhydroxamic Acid, 1,2Hexanediol, Xanthan Gum, Carbomer, Polysilicone11, Disodium EDTA, Fragrance.",416,3053,1.0,0.0,https://www.sephora.com/product/advanced-retinol-treatment-P433970?icid2=products%20grid:p433970,1.0,95.0
Acne Solutions Clinical Clearing Kit,CLINIQUE,facial-treatments,28.0,"Dimethicone, Isododecane, Butylene Glycol, BisPeg18 Methyl Ether Dimethyl Silane, Glycerin, Laminaria Saccharina Extract, Polygonum Cuspidatum Root Extract, Saccharomyces Lysate Extract, Cucumis Sativus (Cucumber) Fruit Extract, Hordeum Vulgare (Barley) Extract/Extrait D'Orge, Helianthus Annuus (Sunflower) Seedcake, Caffeine, Trehalose, Sodium Hyaluronate, Tocopheryl Acetate, Chamomilla Recutita (Matricaria), Polysilicone11, Silica, Propylene Glycol Dicaprate, Oleth10, Lactobacillus Ferment, Laureth23, Laureth4, Ammonium Acryloyldimethyltaurate/Vp Copolymer, Carbomer, Caprylyl Glycol, Hexylene Glycol, Tromethamine, Disodium Edta, Phenoxyethanol, Potassium Sorbate, Yellow 5 (Ci 19140), Red 4 (Ci 14700), Yellow 6 (Ci 15985) Lotion.",119,16800,0.0,0.0,https://www.sephora.com/product/acne-solutions-clinical-clearing-kit-P387942?icid2=products%20grid:p387942,1.3220803357314155,21.17874326034018
Mandelic Acid 10% + HA,The Ordinary,facial-treatments,6.8,"Propanediol, Mandelic Acid, Glycerin, Dimethyl Isosorbide, Sodium Hyaluronate Crosspolymer, Tasmannia Lanceolata Fruit/Leaf Extract, Pentylene Glycol, Polysorbate 20, Sodium Hydroxide, Ethylhexylglycerin, 1,2Hexanediol, Caprylyl Glycol.",74,24535,1.0,0.0,https://www.sephora.com/product/mandelic-acid-10-ha-P442758?icid2=products%20grid:p442758,1.0,6.8
Water Drench Hyaluronic Cloud Serum,Peter Thomas Roth,facial-treatments,65.0,"Saccharide Isomerate, Sodium Hyaluronate, Sodium PCA, Hydrolyzed Silk, Algae Extract, Mel (Honey) Extract, Saccharomyces/Iron Ferment, Saccharomyces/Copper Ferment, Saccharomyces/Silicon Ferment, Saccharomyces/Zinc Ferment, Saccharomyces/Magnesium Ferment, Eriodictyon Crassifolium Leaf Extract, Olea Europaea (Olive) Leaf Extract, Opuntia Tuna Flower/Stem Extract, Urea, Trehalose, Sorbitol, Glycerin, Citric Acid, Sodium Citrate, Propylene Glycol, Hexylene Glycol, Butylene Glycol, Polyquaternium51, Triacetin, Pentylene Glycol, Caprylyl Glycol, Sodium Benzoate, Potassium Sorbate, Disodium EDTA, Potassium Benzoate, Phenoxyethanol.",404,17649,1.0,0.0,https://www.sephora.com/product/water-drench-hyaluronic-cloud-serum-P222818?icid2=products%20grid:p222818,1.0,65.0
Superfood Firm and Brighten Vitamin C Serum,Youth To The People,facial-treatments,62.0,"Lactic Acid, Citric Acid, Malic Acid, Glycerin, Palmitoyl Tripeptide5, Magnesium Ascorbyl Phosphate (Vitamin C), Butylene Glycol, Brassica Oleracea (Kale) Leaf ExtractSpinacia Oleracea (Spinach) Leaf Extract, Camellia Sinensis (Green Tea) Leaf ExtractChamomile Recutita (Matricaria) Flower Extract, Medicago Sativa (Alfalfa) Leaf xtract, Aloe Barbadensis (Aloe Vera) Leaf Extract, Sodium Hyaluronate Crosspolymer, Panthenol (VitamiB5), Heptyl Glucoside, Hydroxyethylcellulose, Sodium Hyaluronate, Natural FragranceSuperoxide Dismutase, LTyrosine, Sodium Citrate, Magnesium Chloride, Pentylene GlycolEthylhexylglycerin, Phenoxyethanol, Potassium Sorbate, Sodium Benzoate.",145,16413,1.0,0.0,https://www.sephora.com/product/kale-tri-peptide-37-vitamin-c-age-prevention-serum-P411389?icid2=products%20grid:p411389,1.0,62.0
Anti Bac Clearing Lotion,Kate Somerville,facial-treatments,42.0,"PPG2 Myristyl Ether Propionate, Argania Spinosa Kernel Extract, PEG40 Sterate, Serenoa Serrulata Fruit Extract, Sesamum Indicum (Sesame) Seed Extract, Alcohol Denat., Sorbitan Stearate, Hydrogenated Methyl Abeitate, Methyl Methacrylate Crosspolymer, Carbomer, Glyceryl Stearate, Cetyl Alcohol, Tetrasodium EDTA, Hydrogenated Lecithin, Cholesterol, Ceramide NS, Ceramide NP, Oleic Acid, Palmitic Acid, Sodium Ascorbate, Sodium Hydroxide, EDTA, Ethyhexylglycerin, Phenoxyethanol.",518,21108,1.7,0.0,https://www.sephora.com/product/anti-bac-clearing-lotion-P232907?icid2=products%20grid:p232907,1.7,24.705882352941178
Caviar Lime Acid Peel,LANCER Skincare,facial-treatments,95.0,"Glycolic Acid, Sodium Hydroxide, Phytic Acid, Glyceryl Stearate, PEG100 Stearate, Galactoarabinan, Caprylic/Capric Triglyceride, Dimethyl Isosorbide, Ethoxydiglycol, Neopentyl Glycol Diethylhexanoate, Stearyl Alcohol, Propanediol, Polyacrylate Crosspolymer6, Glycerin, Maltodextrin, Sodium Ascorbate, Retinol, Oryza Sativa (Rice) Bran Extract, Citrus Grandis (Grapefruit) Peel Oil, Rosmarinus Officinalis (Rosemary) Leaf Oil, Helianthus Annuus (Sunflower) Seed Extract, Rosmarinus Officinalis (Rosemary) Leaf Extract, Microcitrus Australasica Fruit Extract, Citrus Aurantifolia (Lime) Oil, Citrus Aurantium Dulcis (Orange) Peel Oil, Mentha Piperita (Peppermint) Oil, Eucalyptus Globulus Leaf Oil, Allantoin, Bromelain, Papain, Tocopherol, Dimethicone, Polymethylsilsesquioxane, Vanillyl Butyl Ether, Ethylhexylglycerin, HDI/Trimethylol Hexyllactone Crosspolymer, Xanthan Gum, Disodium EDTA, Benzyl Alcohol, Menthoxypropanediol, Limonene, Linalool.",351,5045,1.7,0.0,https://www.sephora.com/product/caviar-lime-acid-peel-P421741?icid2=products%20grid:p421741,1.7,55.88235294117647
Retinol Fusion PM,Peter Thomas Roth,facial-treatments,65.0,"Cyclopentasiloxane, Squalane, Retinol, Tocopheryl Acetate, Ascorbyl Palmitate, Bisabolol, Lecithin, Potassium Phosphate, Pentylene Glycol, Polysorbate20, Alcohol.",526,20339,1.0,0.0,https://www.sephora.com/product/retinol-fusion-pm-P251529?icid2=products%20grid:p251529,1.0,65.0
C+ Collagen Brighten & Firm Vitamin C Serum,Dr. Dennis Gross Skincare,facial-treatments,78.0,"Glycerin, 3OEthyl Ascorbic Acid, Niacinamide, Glycereth7 Triacetate, Lactic Acid, SD Alcohol 40B, Hydroxyethylcellulose, Dimethyl Isosorbide, Ascorbic Acid, Collagen Amino Acids, Superoxide Dismutase, Glycine, Carnitine HCl, Ubiquinone, Hexylresorcinol, Emblica Officinalis Fruit Extract, Hydrolyzed Soy Protein, Tetrahexyldecyl Ascorbate, Isoquercetin, Mandelic Acid, Pueraria Lobata Root Extract, Curcuma Longa (Turmeric) Root Extract, Phytic Acid, Citric Acid, Tetrasodium EDTA, Sodium Citrate, Butylene Glycol, Xanthan Gum, Polysorbate 20, TButyl Alcohol, Sodium Hydroxide, Polysorbate 80, Denatonium Benzoate, Benzyl Alcohol, Phenoxyethanol, Sodium Benzoate, Potassium Sorbate, Natural Colorant.",143,17204,1.0,0.0,https://www.sephora.com/product/c-collagen-brighten-firm-vitamin-c-serum-P415209?icid2=products%20grid:p415209,1.0,78.0
Polyglutamic Acid Hydrating Serum,The INKEY List,facial-treatments,14.99,"Dimethicone, Butylene Glycol, BisPEG12 Dimethicone, Glycerin, Polymethylsilsesquioxane, Polysilicone11, Phenoxyethanol, Polyglutamic Acid, Sodium Acrylate/Sodium Acryloyldimethyl Taurate Copolymer, Isohexadecane, Propanediol, CocoGlucoside, Sodium Benzoate, Hydroxyethylcellulose, Polysorbate 80, Ethylhexylglycerin, Potassium Sorbate, Decyl Glucoside, Dimethylacrylamide/Acrylic Acid/Polystyrene Ethyl Methacrylate Copolymer, Sorbitan Oleate, Trisodium Ethylenediamine Disuccinate, Caprylyl Glycol, Hexylene Glycol, Oryza Sativa (Rice) Bran Extract.",229,8715,1.0,0.0,https://www.sephora.com/product/polyglutamic-acid-P443830?icid2=products%20grid:p443830,1.0,14.99
"Clear, Correct & Recover Acne Kit",Murad,facial-treatments,42.0,"Dicaprylyl Maleate, C1215 Alkyl Benzoate, Butylene Glycol, Glycerin, Sorbitan Stearate, Squalane, Stearic Acid, Retinol, Caprylic/Capric Triglyceride, Urea, Yeast Amino Acids, Trehalose, Inositol, Taurine, Betaine, Arnica Montana Flower Extract, Epilobium Angustifolium Flower/Leaf/Stem Extract, Hydrolyzed Soy Flour, Spiraea Ulmaria Extract, Honey (Mel) Extract, Cetearyl Alcohol, Ceteareth20, Talc, Glycolipids, Sodium Hyaluronate, Panthenol, Lecithin, Avena Sativa (Oat) Kernel Protein, Tocopherol, Magnesium Ascorbyl Phosphate, Chondrus Crispus (Carrageenan) Extract, Dimethicone, Sodium PCA, Allantoin, Sclerotium Gum, Carbomer, Disodium EDTA, Aminomethyl Propanol, Phenoxyethanol, Caprylyl Glycol, Chlorphenesin, Citrus Aurantium Dulcis (Orange) Fruit Extract.",0,730,0.0,0.0,https://www.sephora.com/product/murad-invisiscar-kit-P454934?icid2=products%20grid:p454934,1.3220803357314155,31.768114890510272
Ferulic Acid + Retinol Brightening Solution,Dr. Dennis Gross Skincare,facial-treatments,88.0,"Ethoxydiglycol, Propylene Glycol, Glycerin, Potassium Azeloyl Diglycinate, Ferulic Acid, Retinol, Glycyrrhiza Glabra (Licorice) Root Extract, Arctostaphylos Uva Ursi Leaf Extract, Arbutin, Morus Nigra Fruit Extract, Salix Alba (Willow) Bark Extract, Salicylic Acid, Glycolic Acid, Mandelic Acid, Hexylresorcinol, Sodium Hyaluronate, Tocopherol, Panthenol, Quercetin, Disodium Lauriminodipropionate Tocopheryl Phosphates, Ubiquinone, Lecithin, Disodium EDTA, PVM/MA Decadiene Crosspolymer, BHT, Urea, Polysorbate 20, Potassium Hydroxide, Phenoxyethanol.",293,27591,0.0,1.0,https://www.sephora.com/product/ferulic-acid-retinol-brightening-solution-P375269?icid2=products%20grid:p375269,1.0,88.0
Focuspot™ Micro Tip Patches,Dr. Jart+,facial-treatments,18.0,"Sodium Hyaluronate, Trehalose, Clitoria Ternatea Flower Extract, Niacinamide, Oligopeptide76, Curcumin, Maltodextrin.",382,35524,0.0,0.0,https://www.sephora.com/product/focuspot-micro-tip-patches-P442857?icid2=products%20grid:p442857,1.3220803357314155,13.614906381647259
Potent-C™ Vitamin C Power Serum,Peter Thomas Roth,facial-treatments,98.0,"Tetrahexyldecyl Ascorbate, Butylene Glycol, C912 Alkane, Caprylyl Methicone, Tocopheryl Acetate, C1018 Triglycerides, Polyglyceryl6 Distearate, Ferulic Acid, Squalane, Hydrogenated Lecithin, Propanediol, Sodium Hyaluronate, Zingiber Officinale (Ginger) Root Extract, Curcuma Longa (Turmeric) Root Extract, Panax Ginseng Root Extract, Jojoba Esters, Leuconostoc/Radish Root Ferment Filtrate, CocoCaprylate/Caprate, Glycerin, Cetyl Alcohol, Polyglyceryl3 Beeswax, Xanthan Gum, Disodium EDTA, Mica, Ethylhexylglycerin, Potassium Sorbate, Sodium Benzoate, Phenoxyethanol",641,21204,1.0,0.0,https://www.sephora.com/product/potent-c-power-serum-P428100?icid2=products%20grid:p428100,1.0,98.0
GRAVITYMUD™ Firming Treatment Mask,GLAMGLOW,facial-treatments,59.0,"Polyvinyl Alcohol, Alcohol Denat., Butylene Glycol, Glycerin, Ethylhexyl Hydroxystearate, Hamamelis Virginiana (Witch Hazel) Montmorillonite, Pentylene Glycol, Illite, Polysorbate 20, Canadian Colloidal Clay, Caprylyl Glycol, Althaea Officinalis Leaf Extract, Tapioca Starch, Chondrus Crispus (Carrageenan), Colloidal Platinum, Dipotassium Glycyrrhizate, Alcohol, Ascophyllum Nodosum Powder, Polysorbate 80, Polymethylsilsesquioxane, Hydroxypropyl Methylcellulose, Citric Acid, Lecithin, Pullulan, Porphyridium Cruentum Extract, Soy Isoflavones, Sodium Hyaluronate, Xanthan Gum, Fragrance, Coumarin, Disodium Edta, Phenoxyethanol, Sorbic Acid, Potassium Sorbate, Bismuth Oxychloride (Ci 77163) <iln42419></iln42419>",794,77238,0.0,1.7,https://www.sephora.com/product/gravitymud-firming-treatment-P403486?icid2=products%20grid:p403486,1.7,34.705882352941174
Lactic Acid 5% + HA,The Ordinary,facial-treatments,6.5,"Aqua (Water), Lactic Acid, Glycerin, Pentylene Glycol, Propanediol, Sodium Hyaluronate Crosspolymer, Tasmannia Lanceolata Fruit/Leaf Extract, Acacia Senegal Gum, Xanthan Gum, Isoceteth20, Trisodium Ethylenediamine Disuccinate, Sodium Hydroxide, Ethylhexylglycerin, 1,2Hexanediol, Caprylyl Glycol.",2,2294,1.0,0.0,https://www.sephora.com/product/the-ordinary-lactic-acid-5-ha-P455339?icid2=products%20grid:p455339,1.0,6.5
Rapid Relief Acne Spot Treatment,Murad,facial-treatments,22.0,"Alcohol, Hamamelis Virginiana (Witch Hazel) Propanediol, Pentylene Glycol, Glycerin, Silica, Butylene Glycol, Polyacrylate Crosspolymer6, C1215 Alkyl Lactate, Aesculus Hippocastanum (Horse Chestnut) Seed Extract, Avena Sativa (Oat) Kernel Extract, Urea, Yeast Amino Acids, Trehalose, Inositol, Taurine, Betaine, Thymol, Terpineol, Hydroxyphenyl Propamidobenzoic Acid, Shea Butter Ethyl Esters, 4tButylcyclohexanol, Disodium EDTA, Sodium Hydroxide",370,19576,0.0,0.5,https://www.sephora.com/product/rapid-relief-acne-spot-treatment-P421432?icid2=products%20grid:p421432,0.5,44.0
Peptide 21™ Wrinkle Resist Serum,Peter Thomas Roth,facial-treatments,125.0,"Glycerin, Rosa Centifolia Flower Isopropyl Myristate, Squalane, Mannitol, Butylene Glycol, Natto Gum, Tripeptide10 Citrulline, Acetyl Octapeptide3, Palmitoyl Hexapeptide12, Acetyl Tetrapeptide11, Acetyl Hexapeptide8, Acetyl Hexapeptide1, Palmitoyl Oligopeptide, Acetyl Tetrapeptide9, Acetyl Tetrapeptide2, Tripeptide1, Palmitoyl Tetrapeptide7, Hexapeptide11, Dipeptide Diaminobutyroyl  Benzylamide Diacetate, Palmitoyl Tripeptide5, Trifluoroacetyl Tripeptide2, Palmitoyl Tripeptide1, Sodium Polyglutamate, Sodium Hyaluronate, Tocopheryl Acetate, Retinyl Palmitate, Ascorbic Acid, Hydrolyzed Soy Protein, Hydrolyzed Wheat Protein, Lecithin, Pseudoalteromonas Ferment Extract, Acrylates Copolymer, Magnesium Chloride, Polysorbate 20, Dimethyl Isosorbide, Acrylates/C1030 Alkyl Acrylate Crosspolymer, Leuconostoc/Radish Root Ferment Filtrate, Peg8 Dimethicone, Disodium Phosphate, Carbomer, Dextran, Sodium Lactate, Tetradecyl Aminobutyroylvalylaminobutyric Urea Trifluoroacetate, Xanthan Gum, Triethanolamine, Sodium Phosphate, , Octyldodecanol, Silica, Sodium Propoxyhydroxypropyl Thiosulfate Silica, Sodium Hydroxide, Caprylyl Glycol, Potassium Sorbate, Sodium Benzoate, Phenoxyethanol.",541,3363,1.0,0.0,https://www.sephora.com/product/peptide-21-wrinkle-resist-serum-P442741?icid2=products%20grid:p442741,1.0,125.0
Ascorbyl Glucoside Solution 12%,The Ordinary,facial-treatments,12.9,"Ascorbyl Glucoside, Propanediol, Aminomethyl Propanol, Triethanolamine, Isoceteth20, Xanthan gum, Dimethyl Isosorbide, Ethoxydiglycol, Trisodium Ethylenediamine Disuccinate, 1,2Hexanediol, Caprylyl Glycol.",38,12055,1.0,0.0,https://www.sephora.com/product/ascorbyl-glucoside-solution-12-P442756?icid2=products%20grid:p442756,1.0,12.9
Ever-Matte Poreless Priming Perfector ,BECCA,facial-treatments,39.0,"Magnesium Aluminum Silicate, Propylene Glycol, Phenoxyethanol, Methylparaben, Propylparaben, Butylene Glycol, Enantia Chlorantha Bark Extract, Oleanolic Acid.",2000,57072,1.35,0.0,https://www.sephora.com/product/ever-matte-poreless-priming-perfector-P378017?icid2=products%20grid:p378017,1.35,28.888888888888886
Super Anti-Aging Serum,Dr. Barbara Sturm,facial-treatments,350.0,"Butylene Glycol, Lactobacillus/Portulaca Oleracea Ferment Extract, Propanediol, Phenoxyethanol, Sodium Hyaluronate, Ethylhexylglycerin, Leuconostoc/Radish Root Ferment Filtrate, Baicalin, Glutathione.",12,1357,0.0,1.0,https://www.sephora.com/product/dr-barbara-sturm-super-anti-aging-serum-P447787?icid2=products%20grid:p447787,1.0,350.0
Clarifying Body Spray,Murad,facial-treatments,44.0,"Alcohol Denat, Butylene Glycol, PEG40 Hydrogenated Castor Oil, Niacinamide, Allantoin, Glycerin, Nymphaea Coerulea Flower Extract, Panthenol, Glycolic Acid, Menthol, Tocopheryl Acetate, Sodium Hydroxide, Cocamidopropyl Betaine, Cymbopogon Schoenanthus Oil",558,12135,4.3,0.0,https://www.sephora.com/product/clarifying-body-spray-P34402?icid2=products%20grid:p34402,4.3,10.232558139534884
Vitamin C Suspension 30% in Silicone,The Ordinary,facial-treatments,6.8,"Dimethicone, Ascorbic Acid, Polysilicone11, PEG10 Dimethicone.",184,33299,1.0,0.0,https://www.sephora.com/product/the-ordinary-deciem-vitamin-c-suspension-30-in-silicone-P427409?icid2=products%20grid:p427409,1.0,6.8
Acne Solutions™ Clinical Clearing Gel,CLINIQUE,facial-treatments,27.0,"Alcohol Denat., Acrylates/C1030 Alkyl Acrylate Crosspolymer , Hamamelis Virginiana (Witch Hazel) , Laminaria Saccharina Extract , Sea Whip Extract , Butylene Glycol , Benzalkonium Chloride.",805,42944,0.0,1.0,https://www.sephora.com/product/acne-solutions-clinical-clearing-gel-P385432?icid2=products%20grid:p385432,1.0,27.0
The Revitalizing Hydrating Serum,La Mer,facial-treatments,215.0,"Declustered Water ()\Aqua\Eau DeStructuree (), Declustered Water (+)\Aqua\Eau DeStructuree (+), Butylene Glycol, Glycerin, Algae (Seaweed) Extract, BisPeg12 Dimethicone, Hydrogenated Lecithin, Caprylic/Capric Triglyceride, Sucrose, Limnanthes Alba (Meadowfoam) Seed Oil, Sesamum Indicum (Sesame) Seed Oil, Medicago Sativa (Alfalfa) Seed Powder, Helianthus Annuus (Sunflower) Seedcake, Prunus Amygdalus Dulcis (Sweet Almond) Seed Meal, Eucalyptus Globulus (Eucalyptus) Leaf Oil, Sodium Gluconate, Copper Gluconate, Calcium Gluconate, Magnesium Gluconate, Zinc Gluconate, Tocopheryl Succinate, Niacin, Sesamum Indicum (Sesame) Seed Powder, Citrus Aurantifolia (Lime) Peel Extract, Commiphora Mukul Resin Extract, Codium Tomentosum Extract, Polygonum Cuspidatum Root Extract, Vitis Vinifera (Grape) Seed Extract, Humulus Lupulus (Hops) Extract, Citrus Reticulata (Tangerine) Peel Extract, Asparagopsis Armata Extract, Salicornia Herbacea Extract, Alcaligenes Polysaccharides, Glucose, Porphyridium Cruentum Extract, Sigesbeckia Orientalis (St. Paul's Wort) Extract, Squalane, Cholesterol, Caffeine, Undaria Pinnatifida Extract, Ascophyllum Nodosum Extract, Laminaria Digitata Extract, Sea Salt\Maris Sal\Sel Marin, Castanea Sativa (Chestnut) Seed Extract, Plankton Extract, Glycine Soja (Soybean) Seed Extract, Acetyl Hexapeptide8, Trehalose, Lactoperoxidase, Dimethicone, Lecithin, Dipotassium Glycyrrhizate, Glycine Soja (Soybean) Protein, Rosmarinus Officinalis (Rosemary) Leaf Extract, Punica Granatum (Pomegranate) Fruit Juice, Glucose Oxidase, Linolenic Acid, Hydrolyzed Rice Extract, Laminaria Saccharina Extract, Yeast Extract\Faex\Extrait De Levure, Acetyl Glucosamine, Bisabolol, Glycosaminoglycans, Ethylhexylglycerin, Sodium Pca, Tourmaline, Linoleic Acid, Sorbitol, Urea, Tocopheryl Acetate, Pentylene Glycol, Sodium Hyaluronate, Polyquaternium51, Ethylbisiminomethylguaiacol Manganese Chloride, Hydroxypropyl Cyclodextrin, Magnesium Ascorbyl Phosphate, Nordihydroguaiaretic Acid, Sodium Hydroxide, Alcohol Denat., Carbomer, Xanthan Gum, Potassium Sorbate, Fragrance (Parfum), Disodium Edta, Bht, Phenoxyethanol, Amyl Cinnamal, Hexyl Cinnamal, Benzyl Benzoate, Citronellol, Limonene, Coumarin, Linalool, Blue 1 (Ci 42090), Red 4 (Ci 14700).",19,5603,1.0,0.0,https://www.sephora.com/product/the-revitalizing-hydrating-serum-P416725?icid2=products%20grid:p416725,1.0,215.0
Perfect Canvas Clean Primer,REN Clean Skincare,facial-treatments,45.0,"Aqua (Water), Lactococcus Ferment Lysate, Glycerin, Maltose, Caprylyl/Capryl Glucoside, AlphaGlucan Oligosaccharide, Agave Tequilana Leaf Extract, Xanthan Gum, Parfum* (Fragrance), Sodium Hyaluronate, Sodium Benzoate, Phenoxyethanol, Citric Acid, Lactic Acid, Sodium Chloride, Glucose, Limonene, Linalool.A14",449,18148,1.02,0.0,https://www.sephora.com/product/perfect-canvas-skin-finishing-serum-P423666?icid2=products%20grid:p423666,1.02,44.11764705882353
Hyaluronic Marine Hydration Booster,Dr. Dennis Gross Skincare,facial-treatments,68.0,"Oenothera Biennis (Evening Primrose) Flower/Leaf/Stem Extract, Glycerin, Saccharide Isomerate, Yucca Aloifolia Leaf/Root Extract, Sodium Hyaluronate, Linoleic Acid, Centella Asiatica Extract, Cucumis Sativus (Cucumber) Fruit Extract, Ceramide AP, Ceramide EOP, Ceramide NP, Citrullus Lanatus (Watermelon) Fruit Extract, Hydrolyzed Collagen, Camellia Sinensis Leaf Extract, Quercetin Caprylate, Glycolic Acid, Lactic Acid, Chamomilla Recutita (Matricaria) Flower Extract, Glycine Soja (Soybean) Extract, Retinol, Tocopheryl Acetate, Symphytum Officinale Extract, Cocos Nucifera (Coconut) Fruit Juice, Tetrapeptide21, Copper PCA, Sodium PCA, Urea, Bisabolol, Acrylates/Carbamate Copolymer, C1314 Isoparaffin, Phytosphingosine, Zinc PCA, Laureth7, Sodium Lauroyl Lactylate, Isosteareth200 Linoleate, Polysorbate 20, Carbomer, Cholesterol, Polyacrylamide, Xanthan Gum, Disodium EDTA, Phenoxyethanol, Sodium Benzoate, Fragrance",103,7861,1.0,0.0,https://www.sephora.com/product/clinical-concentrate-hydration-booster-P385773?icid2=products%20grid:p385773,1.0,68.0
Limited Edition Facial Radiance Pads,First Aid Beauty,facial-treatments,34.0,"Aloe Barbadensis Leaf Juice, Cucumis Sativus (Cucumber) Fruit Lactic Acid, Glycerin, Glycolic Acid, Leuconostoc/Radish Root Ferment Filtrate, Glycyrrhiza Glabra (Licorice) Root Extract, Citrus Nobilis (Mandarin Orange) Fruit Extract, Citrus Limon (Lemon) Peel Extract, Camellia Sinensis Leaf Extract, Phyllanthus Emblica Fruit Extract, Chrysanthemum Parthenium (Feverfew) Extract, Hyaluronic Acid, Butylene Glycol, Polysorbate 20, Sodium Benzoate, Potassium Sorbate, Citric Acid, Phenoxyethanol, Sodium Hydroxide, Chlorphenesin, EDTA, Disodium EDTA.",31,5935,0.0,0.0,https://www.sephora.com/product/limited-edition-facial-radiance-pads-P447502?icid2=products%20grid:p447502,1.3220803357314155,25.717045387555935
Therapeutic Sulfur Mask Acne Treatment Mask,Peter Thomas Roth,facial-treatments,52.0,"Bentonite, Kaolin, Propylene Glycol, Talc, Glycerin, Aloe Barbadensis Leaf Juice, Zinc Oxide (Ci 77947), Polysorbate 20, Titanium Dioxide (Ci 77891), Carbomer, Fragrance, Sodium Hydroxide, Diazolidinyl Urea, Methylparaben, Propylparaben.",1000,49106,5.0,0.0,https://www.sephora.com/product/therapeutic-sulfur-masque-acne-treatment-masque-P3617?icid2=products%20grid:p3617,5.0,10.4
Bye Bye Breakout™ Full-Coverage Concealer,IT Cosmetics,facial-treatments,32.0,"Cyclopentasiloxane, Dimethicone/Vinyl Dimethicone Crosspolymer, Peg/Ppg18/18 Dimethicone, Isododecane, Silica, Propanediol, Dimethicone, Lauryl Peg/Ppg18/18 Methicone, Polysilicone11, Peg10 Dimethicone, Magnesium Aluminum Silicate, Sodium Chloride, Polyglyceryl4 Isostearate, Butylene Glycol, Decyl Glucoside, Cetyl Peg/Ppg10/1 Dimethicone, Disteardimonium Hectorite, Methicone, Hexyl Laurate, Melaleuca Alternifolia (Tea Tree) Leaf Zinc Oxide, Rubus Idaeus (Raspberry) Fruit Extract, Gentiana Lutea Root Extract, Saccharum Officinarum (Sugar Cane) Extract, Lithospermum Erythrorhizon Root Extract, Colloidal Oatmeal, Sodium Hyaluronate, Caprylic/Capric Triglyceride, Glycolic Acid, Salicylic Acid, Allyl Methacrylates Crosspolymer, Kaolin, Hydrolyzed Collagen, Hydrolyzed Silk, Acetyl Octapeptide3, Acetyl Hexapeptide8, Sulfur, Retinyl Palmitate, Ascorbyl Palmitate, Tocopheryl Acetate, Glycerin, Caprylyl Glycol, BetaGlucan, Camellia Sinensis Leaf Extract, Aloe Barbadensis Leaf Extract, Cucumis Sativus (Cucumber) Fruit Extract, Glycyrrhiza Glabra (Licorice) Root Extract, Chamomilla Recutita (Matricaria) Flower Extract, Hamamelis Virginiana (Witch Hazel) Leaf Extract, Calendula Officinalis Flower Extract, Salix Alba (Willow) Bark Extract, Mentha Viridis (Spearmint) Leaf Extract, Curcuma Longa (Turmeric) Root Extract, C1215 Alkyl Benzoate, Tribehenin, Ceramide Ng, Peg10 Rapeseed Sterol, Palmitoyl Hexapeptide12, Steareth20, NHydroxysuccinimide, Chrysin, Palmitoyl Tripeptide1, Palmitoyl Tetrapeptide7, Magnolia Acuminata Bark Extract, Chrysanthemum Parthenium (Feverfew) Extract, Agaricus Bisporus Extract, Potassium Sorbate, Phenoxyethanol, Ethylhexylglycerin, [+/: Titanium Dioxide (Ci 77891), Iron Oxides (Ci 77492, Ci 77491, Ci 77499)].",384,38871,0.35,0.0,https://www.sephora.com/product/bye-bye-breakout-full-coverage-treatment-concealer-P427736?icid2=products%20grid:p427736,0.35,91.42857142857143
Liquid ExfoliKate® Triple Acid Resurfacing Treatment,Kate Somerville,facial-treatments,58.0,"Pelargonium Graveolens Flower/Leaf/Stem Lactic Acid, Sodium Hydroxide, Glycolic Acid, Propanediol, Phytic Acid, Glycerin, Papain, Boswellia Serrata Extract, Mel Extract/Honey Extract/Extrait de Miel, Camellia Sinensis Leaf Extract, Aspalathus Linearis Extract, Bromelain, Microcitrus Australasica Fruit Extract, Tetrapeptide14, Lactobacillus/Pumpkin Fruit Ferment Filtrate, Leuconostoc/Radish Root Ferment Filtrate, 1,2Hexanediol, Butylene Glycol, Citric Acid, Malic Acid, Tartaric Acid, Caprylhydroxamic Acid, Phenoxyethanol, Sodium Benzoate, Maltodextrin, Citronellol, Geraniol, Linalool.",228,11784,4.0,0.0,https://www.sephora.com/product/liquid-exfolikate-triple-acid-resurfacing-treatment-P439927?icid2=products%20grid:p439927,4.0,14.5
Peptide 21™ Amino Acid Exfoliating Peel Pads,Peter Thomas Roth,facial-treatments,52.0,"Butylene Glycol, Sodium Lactate, Phytic Acid, Ppg5Ceteth20, Rosa Centifolia Flower Hamamelis Virginiana (Witch Hazel) Salicylic Acid, Threonine, Glutamic Acid, Serine, Aspartic Acid, Arginine, Alanine, Proline, Valine, Histidine, Glycine, Lysine, Chamomilla Recutita (Matricaria) Flower Extract, Camellia Sinensis Leaf Extract, Ascorbic Acid, Retinyl Palmitate, Tocopheryl Acetate, Aloe Barbadensis Leaf Juice, Borago Officinalis Seed Oil, Symphytum Officinale Leaf Extract, Citrus Limon (Lemon) Peel Extract, Citrus Aurantifolia (Lime) Peel Extract, Citrus Aurantium Dulcis (Orange) Fruit Extract, Citrus Tangerina (Tangerine) Peel Extract, Mentha Piperita (Peppermint) Extract, Salvia Officinalis (Sage) Leaf Extract, Zingiber Officinale (Ginger) Root Extract, Phenoxyethanol, Sodium Hydroxide, Aminobutyric Acid, Potassium Sorbate, Sodium Benzoate, Caprylic/ Capric Triglyceride, Peg8 Dimethicone, Leucine, Sodium Ascorbyl Phosphate, Limonene, Benzoic Acid, Tyrosine, Phenylalanine, Isoleucine, Citric Acid, Octyldodecanol, Silica, Sodium Propoxyhydroxypropyl Thiosulfate Silica.",493,5454,0.0,0.0,https://www.sephora.com/product/peptide-21-amino-acid-exfoliating-peel-pads-P442742?icid2=products%20grid:p442742,1.3220803357314155,39.331951769203194
Dark Spots No More® Triple Acid Spot Minimizing Concentrate,Dr. Brandt Skincare,facial-treatments,68.0,"Niacinamide, Propanediol, Potassium Azeloyl Diglycinate, Tranexamic Acid, Glycerin, Polyacrylate Crosspolymer6, Phytic Acid, Plankton Extract, Lecithin, Camellia Sinensis Leaf Extract, Tasmannia Lanceolata Fruit/Leaf Extract, Caprylyl Glycol, Tocopherol, Potassium Chloride, Potassium Sorbate, Sodium Benzoate, Sodium Ascorbate, Tetrahydrodiferuloylmethane, Ethylhexylglycerin, Chlorphenesin, TButyl Alcohol, Phenoxyethanol.",41,2616,0.5,0.0,https://www.sephora.com/product/dr-brandt-skincare-dark-spots-no-more-triple-acid-spot-minimizing-concentrate-P453822?icid2=products%20grid:p453822,0.5,136.0
Glow Peel Pads,SEPHORA COLLECTION,facial-treatments,16.0,"Vaccinium Myrtillus Fruit Extract, Glycerin, Saccharum Officinarum (Sugar Cane) Extract, Butylene Glycol, Levulinic Acid, Sodium Benzoate, Citrus Aurantium Dulcis (Orange) Fruit Extract, Citrus Limon (Lemon) Fruit Extract, Perfume (Fragrance), Sodium Levulinate, Sodium Hydroxide, Acer Saccharum (Sugar Maple) Extract, Citric Acid, Chlorella Vulgaris Extract, Aloe Barbadensis Leaf Juice Powder, Potassium Sorbate",232,24676,0.0,0.0,https://www.sephora.com/product/glow-away-peel-pads-P442535?icid2=products%20grid:p442535,1.3220803357314155,12.102139005908676
Argireline Solution 10%,The Ordinary,facial-treatments,7.9,"Propanediol, Acetyl Hexapeptide8, Trisodium Ethylenediamine Disuccinate, Gellan Gum, Sodium Chloride, Isoceteth20, Dimethyl Isosorbide, Potassium Sorbate, Phenoxyethanol, Chlorphenesin.",38,11481,1.0,0.0,https://www.sephora.com/product/argireline-solution-10-P442753?icid2=products%20grid:p442753,1.0,7.9
Collagen Booster Firming Peptide Serum,The INKEY List,facial-treatments,10.99,"Glycerin, Butylene Glycol, Propanediol, Phenoxyethanol, Hydroxyethylcellulose, Disodium Edta, Leuconostoc/Radish Root Ferment Filtrate, Carbomer, Hyaluronic Acid, Palmitoyl Dipeptide5 Diaminobutyroyl Hydroxythreonine, Palmitoyl Dipeptide5 Diaminohydroxybutyrate, Polysorbate 20, Palmitoyl Tetrapeptide7, Palmitoyl Tripeptide1.",339,9547,1.0,0.0,https://www.sephora.com/product/collagen-serum-P443846?icid2=products%20grid:p443846,1.0,10.99
Barrier+ Triple Lipid-Hyaluronate Serum,Skinfix,facial-treatments,50.0,"Propanediol, Jojoba Oil/Macadamia Seed Oil Esters, Caprylyl Caprylate/Caprate, Glycerin, Polyacrylate Crosspolymer11, Glycine Soja (Soybean) Seed Extract, Oryza Sativa (Rice) Bran Extract, Squalene, Sodium Hyaluronate, Tocopherol, Phytosteryl Macadamiate, Paeonia Albiflora Root Extract, Gluconolactone, Trisodium Ethylenediamine Disuccinate, Phytosterols, Rosmarinus Officinalis (Rosemary) Leaf Extract, Helianthus Annuus (Sunflower) Extract, Aloe Barbadensis Leaf Juice, Chondrus Crispus Extract, Xanthan Gum, Ethylhexylglycerin, Potassium Sorbate, Sodium Benzoate, Citric Acid, Phenoxyethanol.",206,4521,1.0,0.0,https://www.sephora.com/product/barrier-lipid-boost-jelly-P442837?icid2=products%20grid:p442837,1.0,50.0
ESPADA Blue Light Acne Treatment,FOREO,facial-treatments,149.0,"Propanediol, Jojoba Oil/Macadamia Seed Oil Esters, Caprylyl Caprylate/Caprate, Glycerin, Polyacrylate Crosspolymer11, Glycine Soja (Soybean) Seed Extract, Oryza Sativa (Rice) Bran Extract, Squalene, Sodium Hyaluronate, Tocopherol, Phytosteryl Macadamiate, Paeonia Albiflora Root Extract, Gluconolactone, Trisodium Ethylenediamine Disuccinate, Phytosterols, Rosmarinus Officinalis (Rosemary) Leaf Extract, Helianthus Annuus (Sunflower) Extract, Aloe Barbadensis Leaf Juice, Chondrus Crispus Extract, Xanthan Gum, Ethylhexylglycerin, Potassium Sorbate, Sodium Benzoate, Citric Acid, Phenoxyethanol.",112,13067,0.0,0.0,https://www.sephora.com/product/espada-acne-clearing-blue-light-pen-P419633?icid2=products%20grid:p419633,1.3220803357314155,112.70116949252454
Resurfacing AHA + BHA Serum,Tata Harper,facial-treatments,88.0,"Hordeum Vulgare Leaf Juice*, Propanediol, Silybum Marianum Ethyl Ester, Galactoarabinan, Glycerin, Salix Alba (Willow) Bark Extract, Cetearyl Olivate, Simmondsia Chinensis (Jojoba) Seed Oil, Squalane, Sorbitan Olivate, Cupuacu Butter Glycerides, Isopropyl Shea Butterate, Lactobacillus Ferment, Leuconostoc Ferment Filtrate, Solanum Lycopersicum (Tomato) Fruit Extract, L (+) Lactic Acid, Vaccinium Myrtillus Fruit/Leaf Extract, Saccharum Officinarum (Sugar Cane) Extract, Citrus Aurantium Dulcis (Orange) Fruit Extract, Citrus Limon (Lemon) Fruit Extract, Acer Saccharum (Sugar Maple) Extract, Citric Acid, Terminalia Ferdinandiana Fruit Extract, Lithospermum Erythrorhizon Root Extract, Hippophae Rhamnoides (Sea Buckthorn) Oil*, Plukenetia Volubilis Seed Oil*, Saccharide Isomerate, Tasmannia Lanceolata Fruit/Leaf Extract, Arnica Montana (Arnica) Extract*, Borago Officinalis (Borage) Leaf Extract*, Calendula Officinalis (Calendula) Flower Extract*, Medicago Sativa (Alfalfa) Extract*, Spiraea Ulmaria (Meadowsweet) Extract*, Sambucus Nigra Fruit Extract, Olea Europaea (Olive) Oil*, Tocopherol, Caprylic/Capric Triglyceride, Cetyl Palmitate, Sorbitan Palmitate, Sclerotium Gum, Aroma**, Sodium Phytate, Sodium Citrate, Mica, Alcohol, CI 77891, CI 77491, Citral, Limonene, Linalool, Geraniol, Benzyl Benzoate. *Ingredients from organic farming. ** Clinical grade essential oils blend.",144,13553,1.0,0.0,https://www.sephora.com/product/resurfacing-serum-P432048?icid2=products%20grid:p432048,1.0,88.0
Cicapair™ Tiger Grass Camo Drops SPF 44,Dr. Jart+,facial-treatments,46.0,"Cyclopentasiloxane, Centella Asiatica Extract, Isononyl Isononanoate, Butylene Glycol, Titanium Dioxide, Zinc Oxide, Glycerin, Niacinamide, Polymethylsilsesquioxane, Methyl Methacrylate Crosspolymer, Sodium Chloride, Disteardimonium Hectorite, Iron Oxides (CI 77492), Aluminum Hydroxide, Triethoxycaprylylsilane, Acrylates/Dimethicone Copolymer, Chromium Oxide Greens, Beeswax, Disodium EDTA, Asiaticoside, Hydrogenated Lecithin, Lavandula Angustifolia (Lavender) Oil, Asiatic Acid, Rosmarinus Officinalis (Rosemary) Leaf Oil, Centella Asiatica Leaf Helianthus Annuus (Sunflower) Seed Oil, Houttuynia Cordata Extract, Alcohol, Caprylic/Capric Triglyceride, Phenoxyethanol, Anthemis Nobilis Flower Oil, Lecithin, Arnica Montana Flower Extract, Aniba Rosaeodora (Rosewood) Wood Oil, Ethylhexylglycerin, Madecassoside, Methyl Trimethicone, Butyloctyl Salicylate, Pentaerythrityl Tetraisostearate, Diphenysiloxy Phenyl Trimethicone, Dipropylene Glycol, Isododecane, Lauryl PEG10 Tris (Trimethysiloxy) Silylethyl Dimethicone, Magnesium Sulfate, Polyglyceryl4 Isostearate, Dipentaerythrityl Hexahydroxystearate / Hexastearate / Hexarosinate, 1,2Hexanediol, Iron Oxides (CI 77491), Caprylyl Glycol, Synthetic Fluorphlogopite, Glyceryl Caprylate, Zein, Silica Dimethyl Silylate, Adenosine, Zea Mays (Corn) Starch, Citrus Paradisi (Grapefruit) Peel Oil, Dipotassium Phosphate, Calcium Stearate, Gossypium Herbaceum (Cotton) Seed Oil, Panthenol, Tocopherol, Anastatica Hierochuntica Extract, Pentylene Glycol, Magnesium Aspartate, Zinc Gluconate, Brassica Campestris (Rapeseed) Sterols, Leuconostoc / Radish Root Ferment Filtrate, Sucrose Laurate, Polyglyceryl2 Caprate, Fragaria Vesca (Strawberry) Fruit Extract, Lysolecithin, Ceramide NP, Copper Gluconate, Sodium Ascorbyl Phosphate, Madecassic Acid.",287,22689,1.0,0.0,https://www.sephora.com/product/cicapair-tiger-grass-camo-drops-P429250?icid2=products%20grid:p429250,1.0,46.0
Advanced Night Repair Intense Reset Concentrate,Estée Lauder,facial-treatments,80.0,"Water\Aqua\Eau, Dimethicone, Glycerin, Methyl Trimethicone, BisPeg18 Methyl Ether Dimethyl Silane, Butylene Glycol, Isopropyl Isostearate, Ppg15 Stearyl Ether, Peg10 Dimethicone, Yeast Extract\Faex\Extrait De Levure, Tripeptide32, Sodium Hyaluronate Crosspolymer, Sodium Hyaluronate, Hydrolyzed Sodium Hyaluronate, Hydrolyzed Algin, Lactobacillus Ferment, Adansonia Digitata Seed Extract, Soy Amino Acids, Aminopropyl Ascorbyl Phosphate, Resveratrol, Algae Extract, Salicylic Acid, Ergothioneine, Tocopheryl Acetate, Whey Protein\Lactis Protein\Proteine Du PetitLait, Avena Sativa (Oat) Kernel Extract, Citrullus Vulgaris (Watermelon) Fruit Extract, Laminaria Digitata Extract, Lens Esculenta (Lentil) Fruit Extract, Pyrus Malus (Apple) Fruit Extract, Caffeine, Sodium Pca, Propylene Glycol Caprylate, Triticum Vulgare (Wheat) Germ Extract, Lavandula Angustifolia (Lavender) Oil, Hordeum Vulgare (Barley) Extract\Extrait D'Orge, Anthemis Nobilis (Chamomile) Flower Extract, Isohexadecane, Polysilicone11, Methyldihydrojasmonate, Sodium Lactate, Disteardimonium Hectorite, Isododecane, Polyacrylate Crosspolymer6, Squalane, Polyethylene, Propylene Carbonate, Pentylene Glycol, Disodium Edta, Bht, Potassium Sorbate, Sodium Benzoate, Phenoxyethanol, Linalool, Red 4 (Ci 14700), Yellow 5 (Ci 19140) <iln46063>.",16,5243,0.7,0.0,https://www.sephora.com/product/advanced-night-repair-intense-reset-concentrate-P446908?icid2=products%20grid:p446908,0.7,114.28571428571429
First Care Activating Serum,Sulwhasoo,facial-treatments,84.0,"Water / Aqua / Eau, Butylene Glycol, Alcohol, Glycerin, Betaine, Peg/Ppg17/6 Copolymer, Glyceryl PolymeThacrylate, Ophiopogon Japonicus Root Extract, Phenoxyethanol, BisPeg18 Methyl Ether Dimethyl Silane, Peg60 HydRogenated Castor Oil, Carbomer, Tromethamine, Glycyrrhiza Uralensis (Licorice) Root Extract, Fragrance / Parfum, Honey / Mel / Miel, Juglans Regia (Walnut) Seed Extract, Theobroma Cacao (Cocoa) Extract, Dextrin, Lilium Candidum Bulb Extract, Paeonia Albiflora Root Extract, Rehmannia Glutinosa Root Extract, Polygonatum Officinale Rhizome/Root Extract, Nelumbo Nucifera Flower Extract, Xanthan Gum, Ethylhexylglycerin, Portulaca Oleracea Extract, LimOnene, Camellia Sinensis Leaf Extract, Disodium Edta, Phenyl Trimethicone, Chondrus Crispus (Carrageenan), Linalool, Biosaccharide Gum1, Zizyphus Jujuba Fruit Extract, Natto Gum, Citronellol, Citral, Propylene Glycol, Geraniol, ChlorPhenesin, Hydrogenated Lecithin, Bht, Sodium Dehydroacetate, Potassium Sorbate, Citric Acid, Sorbic Acid, Tocopherol.",111,2026,0.0,2.02,https://www.sephora.com/product/first-care-activating-serum-P448915?icid2=products%20grid:p448915,2.02,41.584158415841586
Stress Rescue Super Serum with Niacinamide,Dr. Dennis Gross Skincare,facial-treatments,74.0,"B3Adaptive SuperFoods™ Microcapsule Complex, Propanediol, Ethylhexyl Palmitate, Niacinamide, Squalane, Prunus Amygdalus Dulcis (Sweet Almond) Oil, Glycerin, Grifola Frondosa (Maitake Mushroom) Extract, Lepidium Meyenii (Maca) Root Extract, Lycium Barbarum (Goji) Fruit Extract, Theobroma Cacao (Cocoa) Extract, Euterpe Oleracea (Açaí) Sterols, Curcuma Longa (Turmeric) Root Oil, Cordyceps Sinensis (Mushroom) Extract, Persea Gratissima (Avocado) Fruit Extract, Perilla Frutescens Extract, Asparagus Racemosus (Shatavari) Root Extract, Withania Somnifera (Ashwagandha) Root Extract, Rhodiola Rosea Root Extract, Inonotus Obliquus (Chaga Mushroom) Extract, Glycyrrhiza Glabra (Licorice) Root Extract, Helianthus Annuus (Sunflower) Seed Oil, Zingiber Officinale (Ginger) Root Oil, Cymbopogon Schoenanthus (Lemongrass) Oil,  Linoleic Acid, Oleic Acid, Linolenic Acid, Lecithin, Lysolecithin, Hydrogenated Phosphatidylcholine, BetaSitosterol, Hydrolyzed Sodium Hyaluronate, Phospholipids, Sphingolipids, Adenosine, Lactic Acid, Tocopherol, Palmitoyl Tripeptide28, Ethylhexylglycerin, Sodium Acrylates Copolymer, Phytic Acid, Citric Acid, Cyclodextrin, Maltodextrin, Phenoxyethanol, Sodium Benzoate, Potassium Sorbate.",387,3067,1.0,0.0,https://www.sephora.com/product/dr-dennis-gross-skincare-stress-rescue-super-serum-with-niacinamide-P453104?icid2=products%20grid:p453104,1.0,74.0
Alpha Beta® Pore Perfecting & Refining Serum,Dr. Dennis Gross Skincare,facial-treatments,65.0,"Propylene Glycol, Ethoxydiglycol, Glycerin, Polysorbate 80, Carnitine HCl, Mandelic Acid, Butylene Glycol, Salicylic Acid, Farnesol, Glycolic Acid, Lactic Acid, Adipic Acid, Fomes Officinalis (Mushroom) Extract, Opuntia FicusIndica Stem Extract, Salix Alba (Willow) Bark Extract, Phytic Acid, Siraitia Grosvenorii Fruit Extract , Hamamelis Virginiana (Witch Hazel) Bisabolol, Pentasodium Pentetate, Camellia Sinensis Leaf Extract, Hexylresorcinol, Quercetin, Tocopherol, Sodium Hyaluronate, Dimethyl Isosorbide, Panthenol, Urea, Jojoba Alcohol, Jojoba Esters, Retinol, Hydroxyethylcellulose, Polysorbate 20, Potassium Hydroxide, Octoxynol9, Isopropyl Jojobate, Caprylic/Capric Triglyceride, Cucumis Sativus (Cucumber) Fruit Extract, Anthemis Nobilis Flower Extract, Citrus Limon (Lemon) Peel Extract, Rose Extract, Triethyl Citrate, Pyrus Malus (Apple) Fruit Extract, Rosmarinus Officinalis (Rosemary) Leaf Extract, Prunus Persica (Peach) Fruit Extract, Coriandrum Sativum (Coriander) Fruit/Leaf Extract, Jasminum Officinale (Jasmine) Flower/Leaf Extract, Citrus Aurantium Bergamia (Bergamot) Fruit Extract, Lavandula Angustifolia (Lavender) Flower/Leaf/Stem Extract, Fucus Vesiculosus Extract, Rubus Idaeus (Raspberry) Fruit Extract, Vaccinium Macrocarpon (Cranberry) Fruit Extract, Vanilla Planifolia Fruit Extract, Phenoxyethanol, Sodium Benzoate.",1000,8205,1.0,0.0,https://www.sephora.com/product/alpha-beta-pore-perfecting-refining-serum-P447592?icid2=products%20grid:p447592,1.0,65.0
Ferulic + Retinol Wrinkle Recovery Peel,Dr. Dennis Gross Skincare,facial-treatments,88.0,"Hamamelis Virginiana (Witch Hazel) SD Alcohol 40B, Butylene Glycol, Hydroxyethyl Urea, PEG8 Dimethicone, Ethoxydiglycol, Retinol, Ferulic Acid, Centella Asiatica Extract, Bisabolol, Soy Isoflavones, Rehmannia Glutinosa Root Extract, Sodium Hyaluronate, Aloe Barbadensis Leaf Juice, Phospholipids, Sphingolipids, Squalane, Anthemis Nobilis Flower Extract, Camellia Sinensis Leaf Extract, Cucumis Sativus (Cucumber) Fruit Extract, Sodium PCA, Lactic Acid, Mandelic Acid, Linoleic Acid, Linolenic Acid, Glycerin, Caprylic/Capric Triglyceride, Tetrasodium EDTA, Sodium Hydroxide, Citrus Aurantium Bergamia (Bergamot) Fruit Extract, Citrus Limon (Lemon) Peel Extract, Lavandula Angustifolia (Lavender) Flower/Leaf/Stem Extract, PEG40 Hydrogenated Castor Oil, BHA, Trideceth9, Polysorbate 20, Potassium Sorbate, Benzoic Acid, BHT, Sodium Benzoate, Phenoxyethanol",158,12890,0.0,0.0,https://www.sephora.com/product/ferulic-retinol-wrinkle-recovery-peel-P404233?icid2=products%20grid:p404233,1.3220803357314155,66.56176453249772
Capture Dreamskin Care & Perfect Refill,Dior,facial-treatments,128.0,"Hamamelis Virginiana (Witch Hazel) SD Alcohol 40B, Butylene Glycol, Hydroxyethyl Urea, PEG8 Dimethicone, Ethoxydiglycol, Retinol, Ferulic Acid, Centella Asiatica Extract, Bisabolol, Soy Isoflavones, Rehmannia Glutinosa Root Extract, Sodium Hyaluronate, Aloe Barbadensis Leaf Juice, Phospholipids, Sphingolipids, Squalane, Anthemis Nobilis Flower Extract, Camellia Sinensis Leaf Extract, Cucumis Sativus (Cucumber) Fruit Extract, Sodium PCA, Lactic Acid, Mandelic Acid, Linoleic Acid, Linolenic Acid, Glycerin, Caprylic/Capric Triglyceride, Tetrasodium EDTA, Sodium Hydroxide, Citrus Aurantium Bergamia (Bergamot) Fruit Extract, Citrus Limon (Lemon) Peel Extract, Lavandula Angustifolia (Lavender) Flower/Leaf/Stem Extract, PEG40 Hydrogenated Castor Oil, BHA, Trideceth9, Polysorbate 20, Potassium Sorbate, Benzoic Acid, BHT, Sodium Benzoate, Phenoxyethanol",16,4966,1.6,0.0,https://www.sephora.com/product/capture-totale-dreamskin-advanced-refill-P416728?icid2=products%20grid:p416728,1.6,80.0
Amino Acids + B5,The Ordinary,facial-treatments,6.8,"Propanediol, Betaine, Sodium PCA, Panthenol, Sodium Lactate, Arginine, PCA, Aspartic Acid, Glycine, Alanine, Serine, Threonine, Valine, Proline, Isoleucine, Lysine HCl, Histidine, Phenylalanine, Glutamic Acid, Citric Acid, Dimethyl Isosorbide, Polysorbate 20, Trisodium Ethylenediamine Disuccinate, 1,2Hexanediol, Caprylyl Glycol.",48,15970,1.0,0.0,https://www.sephora.com/product/amino-acids-b5-P442759?icid2=products%20grid:p442759,1.0,6.8
Ascorbyl Tetraisopalmitate Solution 20% in Vitamin F,The Ordinary,facial-treatments,17.8,"Coconut Alkanes, Tetrahexyldecyl Ascorbate, Ethyl Linoleate, CocoCaprylate/Caprate, Simmondsia Chinensis (Jojoba) Seed Oil, Solanum Lycopersicum (Tomato) Fruit Extract, Squalane.",78,31962,1.0,0.0,https://www.sephora.com/product/the-ordinary-deciem-ascorbyl-tetraisopalmitate-solution-20-in-vitamin-f-P427404?icid2=products%20grid:p427404,1.0,17.8
Pure Argan Milk™ Intensive Hydrating Treatment,Josie Maran,facial-treatments,56.0,Water** (and) Argania Spinosa (ArganKernel Oil* (and) Propanediol** (and) Glyceryl Caprylate** (andGlyceryl Undecylenate** (and) Phosphatidylglycerol** (andSodium Benzoate** (and) Xanthan Gum** (and) Citric Acid**. *Organic. **Natural.,1000,33292,0.0,1.0,https://www.sephora.com/product/pure-argan-milk-tm-intensive-hydrating-treatment-P384780?icid2=products%20grid:p384780,1.0,56.0
Prism 12% AHA + 3% BHA Exfoliating Glow Serum,Herbivore,facial-treatments,54.0,"Aloe Barbadensis Leaf Juice, Rosa Damascena Flower Glycerin, Vaccinium Myrtillus Fruit/Leaf Extract, Terminalia Ferdinandiana Fruit Extract, Salix Nigra (Willow) Bark Extract, Leuconostoc/Radish Root Ferment Filtrate, Saccharum Officinarum (Sugarcane) Extract, Populus Tremuloides Bark Extract, Gluconolactone, Citrus Aurantium Dulcis (Orange) Fruit Extract, Citrus Limon (Lemon) Fruit Extract, Acer Saccharum (Sugar Maple) Extract, Sodium Hyaluronate, Sodium Phytate.",48,14693,1.0,0.0,https://www.sephora.com/product/prism-12-serum-P450583?icid2=products%20grid:p450583,1.0,54.0
Argan Bright Skin Vitamin C Serum,Josie Maran,facial-treatments,65.0,"Argania Spinosa (Argan) Kernel Oil, Coconut Alkanes, Oleyl Lactate, Octyldodecyl Pca, Tetrahexyldecyl Ascorbate, Glyceryl Oleate, Dimethyl Isosorbide, Isostearyl Lactate, Brassica Campestris (Rapeseed) Seed Oil, Glycyrrhiza Glabra (Licorice) Root Extract, Polyglyceryl3 Diisostearate, Althaea Officinalis Root Extract, Oryza Sativa (Rice) Bran Extract, Pterocarpus Marsupium Bark Extract, Bisabolol, Phloretin, CocoCaprylate/Caprate, Squalane, Olea Europaea (Olive) Fruit Oil, Dunaliella Salina Extract (Beta Carotene Source).",468,3576,0.85,0.0,https://www.sephora.com/product/argan-bright-skin-vitamin-c-serum-P446641?icid2=products%20grid:p446641,0.85,76.47058823529412
No. 3 Exotic Goddess Ageless Serum,Edible Beauty,facial-treatments,57.0,"Citrus Aurantium (Water), Glycerin, Sodium Hyaluronate (Hyaluronic Acid), Beta Glucan, Leontopodium Alpinum (Edelweiss) Extract, Terminalia Ferinandiana (Kakadu Plum) Extract, Syzygium Luehmannii (Lilli Pilli) Extract, Organic Camellia Sinensis (White Tea) Extract, Sodium Levulinate, Sodium Anisate, Acerola Malpigia Punicifolia (Acerola), Davidsonia Pruriens (Davidson Plum) Extract, Sclerotium Gum, Glyceryl Caprylate.",139,8834,1.0,0.0,https://www.sephora.com/product/no-3-exotic-goddess-ageless-serum-P428642?icid2=products%20grid:p428642,1.0,57.0
Advanced Dark Spot Correcting Serum,Proactiv,facial-treatments,50.0,"Alcohol Denat., Peg40 Hydrogenated Castor Oil, Polysorbate 20, Hippophae Rhamnoides Oil, Hydroxyethylcellulose, Sodium Metabisulfite, Sodium Sulfite, Disodium Edta, Citric Acid, 1,2Hexanediol, Caprylyl Glycol, Fragrance.",77,2823,1.0,0.0,https://www.sephora.com/product/advanced-dark-spot-correcting-serum-P440067?icid2=products%20grid:p440067,1.0,50.0
Acid Potion,Moon Juice,facial-treatments,39.0,"Glycolic Acid, Phytic Acid, Sodium Hydroxide, Niacinamide, Propanediol, Glycereth7 Trimethyl Ether, Lactic Acid, Salicylic Acid, Allantoin, Ganoderma Lucidum (Reishi Mushroom) Extract, Tocotrienols, Glycerin, Polyglyceryl10 Oleate, Oryza Sativa (Rice) Bran Oil, Tocopherol, Salvia Sclarea (Clary) Oil, Citric Acid, Lonicera Caprifolium (Honeysuckle) Flower Extract, Lonicera Japonica (Honeysuckle) Flower Extract.",207,16523,3.3,0.0,https://www.sephora.com/product/beauty-shroom-exfoliating-acid-potion-P435800?icid2=products%20grid:p435800,3.3,11.818181818181818
Hydro-Plumping Re-Texturizing Serum Concentrate,Kiehl's Since 1851,facial-treatments,60.0,"Cyclohexasiloxane, Alcohol Denat.,Glycerin, Butylene Glycol, Dimethicone, Zea Mays/Corn Germ Oil,Panthenol, Triethanolamine, Ascorbyl Glucoside, Glyceryl Linoleate, Phenoxyethanol, Polyperfluoromethylisopropyl Ether, Polyacrylamide, Dimethiconol, Glyceryl Oleate, Carbomer, CetylAlcohol, C1314 Isoparaffin, Parfum/Fragrance, Acrylates/C1030Alkyl Acrylate Crosspolymer, Methylparaben, Glycine Soja Oil/Soybean Oil, Caffeine, Tocopherol, Hydrogenated Lecithin, CastaneaSativa/Chestnut Seed Extract, Benzophenone4,Menthol, Limonene, PEG100 Stearate, Glyceryl Stearate, Laureth7, Hydrolyzed Soy Protein, Potassium Cetyl Phosphate, Butylparaben, Disodium EDTA, Ethylparaben,Glyceryl Linolenate, Propylparaben, Citrus Aurantium Dulcis Juice/Orange Juice, Citrus Medica Limonum Juice/Lemon Juice, Linalool, Citral, CI 42090/Blue 1, CI 14700/Red.",80,12426,0.0,1.7,https://www.sephora.com/product/hydro-plumping-re-texturizing-serum-concentrate-P422016?icid2=products%20grid:p422016,1.7,35.294117647058826
Mini Liquid Glass Radiance Serum,FARSÁLI,facial-treatments,22.0,"Water / Aqua / Eau, Isopentyldiol, Butylene Glycol, Dimethyl Isosorbide, PPG24Glycereth24, PEG40 Hydrogenated Castor Oil, Polyester5, Sodium Hyaluronate, Glycerin, Citrullus Lanatus (Watermelon) Fruit Extract, Pyrus Malus (Apple) Fruit Extract, Lens Esculenta (Lentil) Fruit Extract, Sodium PCA, Sodium Lactate, Xylitylglucoside, Anhydroxylitol, Xylitol, Vanilla Planifolia Fruit Citrus Aurantium Dulcis (Orange) Oil, Ammonium Acryloyldimethyltaurate/Carboxyethyl Acrylate Crosspolymer, Disodium EDTA, Ethylhexylglycerin, Hydroxyacetophenone, Phenoxyethanol, Sodium Hydroxide, Synthetic Fluorphlogopite, [+/ Tin Oxide (CI 77861), Titanium Dioxide (CI 77891), Mica (CI 77019), Iron Oxides (CI 77491, CI 77492, CI 77499)].",7,7125,0.34,0.0,https://www.sephora.com/product/mini-liquid-glass-radiance-serum-P451639?icid2=products%20grid:p451639,0.34,64.70588235294117
Invisiblur™ Perfecting Shield Broad Spectrum SPF 30 PA+++,Murad,facial-treatments,65.0,"Water / Aqua / Eau, Isopentyldiol, Butylene Glycol, Dimethyl Isosorbide, PPG24Glycereth24, PEG40 Hydrogenated Castor Oil, Polyester5, Sodium Hyaluronate, Glycerin, Citrullus Lanatus (Watermelon) Fruit Extract, Pyrus Malus (Apple) Fruit Extract, Lens Esculenta (Lentil) Fruit Extract, Sodium PCA, Sodium Lactate, Xylitylglucoside, Anhydroxylitol, Xylitol, Vanilla Planifolia Fruit Citrus Aurantium Dulcis (Orange) Oil, Ammonium Acryloyldimethyltaurate/Carboxyethyl Acrylate Crosspolymer, Disodium EDTA, Ethylhexylglycerin, Hydroxyacetophenone, Phenoxyethanol, Sodium Hydroxide, Synthetic Fluorphlogopite, [+/ Tin Oxide (CI 77861), Titanium Dioxide (CI 77891), Mica (CI 77019), Iron Oxides (CI 77491, CI 77492, CI 77499)].",721,30985,0.0,1.0,https://www.sephora.com/product/invisiblur-perfecting-shield-broad-spectrum-spf-30-pa-P394397?icid2=products%20grid:p394397,1.0,65.0
Q10 Antioxidant Serum,The INKEY List,facial-treatments,6.99,"Butylene Glycol, Dicaprylyl Carbonate, Caprylic/Capric Triglyceride, Dimethicone, Hydroxyethyl Acrylate/So Phospholipids Dium Acryloyldimethyl Taurate Copolymer, Caprylyl Glycol, Squalane, Lecithin, Glycine Soja (Soybean) Extract, Carbomer, Polysorbate 60, Tocopheryl Acetate, Ubiquinone, Disodium Edta, Sodium Hydroxide, Glycolipids, Glycine Soja (Soybean) Sterol, Palmitoyl Dipeptide5 Diaminobutyroyl Hydroxythreonine, Palmitoyl Dipeptide5 Diaminohydroxybutyrate, Leuconostoc/Radish Root Ferment Filtrate, Hyaluronic Acid, Phenoxyethanol.",281,7076,1.0,0.0,https://www.sephora.com/product/q10-serum-P443843?icid2=products%20grid:p443843,1.0,6.99
Beta Hydroxy Acid (BHA) Blemish + Blackhead Serum,The INKEY List,facial-treatments,10.99,"Propanediol, Betaine, Salicylic Acid, Sodium Hyaluronate, Zinc PCA, Phenoxyethanol, Hydroxyethylcellulose, Maltodextrin, Sodium Hydroxide, Ethylhexylglycerin, Biosaccharide Gum1, Trisodium Ethylenediamine Disuccinate.",108,8783,1.0,0.0,https://www.sephora.com/product/beta-hydroxy-acid-P442871?icid2=products%20grid:p442871,1.0,10.99
Pure Skin® Clarifying Dietary Supplement,Murad,facial-treatments,50.0,"Vitamin A, Vitamin C, Vitamin E, Vitamin B1, Vitamin B2, Niacin, Vitamin B6, Biotin, Pantothenic Acid, Calcium, Magnesium, Zinc, Selenium, Chromium, LLysine HCI, LProline, Burdock (Arctium lapp) 4:1 Root Extract, Yellow Dock (Rumex crispus L.) 4:1 Root Extract, Horsetail (Equisetum arvense L.) 6:1 Shoot Extract, Grape (Vitis vinifera L.) Seed ExtractOther Ingredients: dlAlpha Tocopheryl Acetate, Microcrystalline Cellulose, Calcium Ascorbate, Magnesium Oxide, Caramel Color, Stearic Acid, Ascorbic Acid, Croscarmellose Sodium, Zinc Glycinate Chelate, Pyridoxine HCl, Niacin, Magnesium Stearate, Selenomethionine, Silicon Dioxide, dCalcium Pantothenate, Biotin, Thiamine HCl, Riboflavin, Beta Carotene, Vitamin A Palmitate, Dicalcium Phosphate, Chromium Polynicotinate, Chromium Picolinate.",507,11808,0.0,0.0,https://www.sephora.com/product/pure-skin-clarifying-dietary-supplement-P7365?icid2=products%20grid:p7365,1.3220803357314155,37.81918439346461
Acne Body Wash,Murad,facial-treatments,44.0,"Water (Aqua), Sodium C1416 Olefin Sulfonate, Polyethylene, Glycerin, Cocamidopropyl Betaine, Acrylates Copolymer, PEG200 Hydrogenated Glyceryl Palmate, Retinyl Palmitate, Phoenix Dactylifera (Date) Seed, Dipotassium Glycyrrhizate, Butylene Glycol, Camellia Oleifera Leaf Extract, Tocopheryl Acetate, Sodium PCA , Proline, Sodium Lactate, Sorbitol, Zinc Gluconate, Ascorbic Acid, Chitosan, Propyl Gallate, Glycolic Acid, Sodium Hydroxide, Hydrogen Peroxide, Menthol, PEG7 Glyceryl Cocoate, Disodium EDTA, Chlorphenesin, Methylisothiazolinone, Benzyl Salicylate, Hexyl Cinnamal, Butylphenyl Methylpropional, Fragrance, Blue 1 (CI 42090), Ext. Violet 2  (CI 60730).",344,16011,8.5,0.0,https://www.sephora.com/product/acne-body-wash-P47517?icid2=products%20grid:p47517,8.5,5.176470588235294
Glycolic Peel,Caudalie,facial-treatments,39.0,"Glycerin*, Isononyl Isononanoate, Sorbitan Stearate*, Glyceryl Stearate Se*, Glycolic Acid, Cetyl Palmitate*, Cetearyl Alcohol*, Vitis Vinifera (Grape) Seed Oil*, Hydroxyethyl Acrylate/Sodium Acryloyldimethyl Taurate Copolymer, Panthenol, Squalane*, Cetyl Alcohol*, Dimethicone, Sodium Hydroxide, Ci 77891 (Titanium Dioxide), Bisabolol*, Fragrance, Benzyl Alcohol, Polysorbate 60*, Sodium Pca*, Caprylyl Glycol, Arginine, Palmitoyl Grapevine Shoot Extract*, Tocopherol*, Carbomer, Dehydroacetic Acid, Sodium Phytate*, Papain*, Acrylates/C1030 Alkyl Acrylate Crosspolymer, 1,2Hexanediol, Algin. *Plant origin.",143,19271,2.5,0.0,https://www.sephora.com/product/glycolic-peel-P395618?icid2=products%20grid:p395618,2.5,15.6
Vitamin C+ Arbutin Brightening Serum,Obagi Clinical,facial-treatments,90.0,"Propylene Glycol, Alcohol Denat, Dipropylene Glycol, LAscorbic Acid, Arbutin, Propylene Carbonate, Sodium Lauryl Sulfate.",108,4707,1.0,0.0,https://www.sephora.com/product/vitamin-c-arbutin-brightening-serum-P439430?icid2=products%20grid:p439430,1.0,90.0
Rose Deep Hydration Face Serum,Fresh,facial-treatments,48.0,"Glycerin,Propanediol, Maris Aqua (Sea Water),Butylene Glycol, Polymethylsilsesquioxane,Dimethicone, Pentylene Glycol, Porphyridium Cruentum Extract, Pyrus CydoniaSeed Extract, Rosa Damascena FlowerAngelica Keiskei Extract, VoandzeiaSubterranea Seed Extract, Cucumis Sativus(Cucumber) Fruit Extract, Rosa Damascena Flower Oil, Sodium Hyaluronate,Tocopheryl Acetate, PEG7 GlycerylCocoate, PEG6, Xanthan Gum,Acrylates/C1030 Alkyl Acrylate Crosspolymer, Polyacrylamide, Tromethamine,C1314 Isoparaffin, Disodium Phosphate,PPG26Buteth26, Alcaligenes Polysaccharides, Tetrasodium EDTA, Caprylic/CapricTriglyceride, PEG40 Hydrogenated CastorOil, Biosaccharide Gum1, Laureth7, CitricAcid, Caramel, Fragrance, BHT,Phenoxyethanol, Citronellol, Geraniol.",138,18387,0.0,1.0,https://www.sephora.com/product/rose-deep-hydration-face-serum-P407087?icid2=products%20grid:p407087,1.0,48.0
Needles No More™ Wrinkle Smoothing Cream,Dr. Brandt Skincare,facial-treatments,89.0,"Perfluorohexane, Perfluoroperhydrophenanthrene, Butyrospermum Parkii (Shea) Butter, Perfluorodecalin, C1216 Alcohols, Butylene Glycol Dicaprylate/Dicaprate, Polymethyl Methacrylate, Sodium Acrylates Copolymer, Glycerin, Isopropyl Palmitate, Methyl Methacrylate Crosspolymer, Adenosine, Tocopherol, Ricinus Communis (Castor) Seed Oil, Lavandula Angustifolia (Lavender) Flower Extract, Anthemis Nobilis Flower Oil, Magnesium Gluconate, Prolinamidoethyl Imidazole, Butylene Glycol, Glutamylamidoethyl Imidazole, Palmitoyl Hexapeptide52, Polyvinyl Alcohol, Lactic Acid, Glycolic Acid, Palmitoyl Heptapeptide18, Hydrogenated Lecithin, Palmitic Acid, Sodium Cocoyl Glutamate, Glyceryl Stearate, Stearic Acid, Cetearyl Alcohol, Lecithin, Phenoxyethanol, Ethylhexylglycerin, Sodium Hydroxide, Gyceryl Caprylate, Menthone Glycerin Acetal, Panisic Acid, Citric Acid, Xanthan Gum, Hydroxyethylcellulose, Helianthus Annus (Sunflower) Seed Oil, Chlorphenesin, Sodium Phytate, Silanediol Salicylate, Tromethamine, Methylpropanediol, Linalool.",444,12794,0.5,0.0,https://www.sephora.com/product/needles-no-more-P391802?icid2=products%20grid:p391802,0.5,178.0
No Makeup Foundation Serum Broad Spectrum SPF 20,Perricone MD,facial-treatments,60.0,"<div arialabelledby=""tab2"" class=""css1rny024"" hidden="""" id=""tabpanel2"" role=""tabpanel"" tabindex=""0""><p class=""css189uj0g"" datacomp=""Text Box "">Get more information about<! > </p><div class=""cssk13wt5"" datacomp=""Link Box "">shipping rates, schedules, methods and restrictions</div>.<p class=""css1khw9z2"" datacomp=""Text Box "">If you are not completely satisfied with an online purchase or gift, you may return your U.S.or Canadian purchase in stores or by mail. Restrictions apply for returns made outside the U.S.</p></div>",1000,30954,1.0,0.0,https://www.sephora.com/product/no-foundation-foundation-serum-spf-30-P386465?icid2=products%20grid:p386465,1.0,60.0
Post-Acne Spot Lightening Gel,Murad,facial-treatments,68.0,"Alcohol Denat., Glycolic Acid, Butylene Glycol, Glycerin, Methyl Gluceth10, Aloe Barbadensis Leaf Juice, Salix Alba (Willow) Bark Extract,Lecithin, Magnesium Ascorbyl Phosphate, Tocopherol, Palmitoyl Hydroxypropyltrimonium Amylopectin/Glycerin Crosspolymer, Vitis Vinifera (Grape) Seed Extract, Rice Amino Acids, Chitosan Ascorbate, Lysine Lauroyl Methionate, Zinc Asparate, Allantoin, Melaleuca Alternifolia (Tea Tree) Leaf Oil, Dipotassium Glycyrrhizate, Polyquaternium10, Hydroxyethylcellulose, PEG40 Hydrogenated Castor Oil, Tetrasodium EDTA, Sodium Metabisulfate, Sodium Sulfite, Sodium Hydroxide.",468,19133,1.0,0.0,https://www.sephora.com/product/post-acne-spot-lightening-gel-P188907?icid2=products%20grid:p188907,1.0,68.0
The Microdelivery Resurfacing Peel,philosophy,facial-treatments,72.0,"Lactic Acid, Hydroxyethylcellulose, Linoleamidopropyl PgDimonium Chloride Phosphate, Salicylic Acid, Polyquaternium10, Propylene Glycol, Diazolidinyl Urea, Methylparaben, Propylparaben",1000,32883,0.0,0.0,https://www.sephora.com/product/the-microdelivery-resurfacing-peel-P72504?icid2=products%20grid:p72504,1.3220803357314155,54.459625526589036
Umbrian Clay Pore Purifying Face Mask Mini,Fresh,facial-treatments,23.0,"Solum Fullonum (Fuller's Earth), Glycerin, ButyleneGlycol, Pentylene Glycol, Cocamidopropyl Betaine, Vitis Vinifera (Grape) Seed Oil,Olea Europaea (Olive) Leaf Extract, Xanthan Gum, Fusanus Spicatus Wood Oil, Lavandula Angustifolia (Lavender) Flower Anthemis Nobilis Flower Oil,Sodium Chloride, Polyacrylamide, C1314 Isoparaffin, Laureth7, BHT,Phenoxyethanol, Farnesol, Linalool",18,0,0.0,0.0,https://www.sephora.com/product/umbrian-clay-purifying-mask-mini-P426822?icid2=products%20grid:p426822,1.3220803357314155,17.39682482099372
Age Adapting CBD Serum,Flora + Bast,facial-treatments,77.0,"Caprilic/Capric/Lauric Triglycerides, Cannabis Sativa Seed Oil, Cannabis Sativa Oil.",86,8522,1.0,0.0,https://www.sephora.com/product/age-adapting-facial-serum-P440981?icid2=products%20grid:p440981,1.0,77.0
Skintune Blur Perfecting Primer Serum Mini,FARSÁLI,facial-treatments,22.0,"Methyl Methacrylate Crosspolymer, Dimethicone, Propanediol, Glycerin, Dimethicone/Vinyl Dimethicone Crosspolymer, CocoCaprylate/Caprate, Squalane, Ethyl Macadamiate, Cetearyl Isononanoate, Phenoxyethanol, Ceteareth20, Cetearyl Alcohol, Hydroxyethyl Acrylate/Sodium, Acryloyldimethyl Taurate Copolymer, Glyceryl Stearate, Ascorbic Acid, Ethylhexylglycerin, Tocopherol, Polysorbate 60, Sorbitan Isostearate, Sodium PCA, Chamomilla Recutita Flower Extract, Terminalia Ferdinandiana Fruit Extract, Caprylic/Capric Triglyceride, Sodium Citrate, Phragmites Kharka Extract, Poria Cocos Extract, Citric Acid, Benzoic Acid, Ceteareth12, Cetyl Palmitate, Sodium Benzoate, Malic Acid, Cucumis Sativus Fruit Extract.",23,0,0.0,0.34,https://www.sephora.com/product/skintune-blur-perfecting-primer-serum-mini-P443767?icid2=products%20grid:p443767,0.34,64.70588235294117
Black Tea Age-Delay Firming Serum,Fresh,facial-treatments,75.0,"Glycerin, Butylene Glycol, Jojoba Oil PEG150 Esters, Pentylene Glycol, Methyl Gluceth20, PEG6 Caprylic/Capric Glycerides, Acacia Senegal Gum, PEG40 Hydrogenated Castor Oil, Rhizobian Gum, Xanthan Gum, Saccharomyces Ferment Filtrate, Camellia Sinensis Leaf Extract, Rubus Fruticosus (Blackberry) Leaf Extract, Lonicera Japonica (Honeysuckle) Leaf Extract, Litchi Chinensis Seed Extract, Tocopheryl Acetate, Tocopherol, Acetyl Dipeptide1 Cetyl Ester, Palmitoyl Tetrapeptide7, PEG150, Squalane, Lecithin, Carbomer, Sorbitan Laurate, Sorbitol, Parfum (Fragrance), Sodium Acrylates Copolymer, Maltodextrin, Algin, Sodium Hydroxide, Polyquaternium51, Adenosine, Hydroxyethylcellulose, Polyvinyl Alcohol, Lactic Acid, BHT, Cellulose Gum, Sodium Citrate, Citric Acid, Potassium Sorbate, Biotin, Linalool, Citronellol, Phenoxyethanol",86,11021,0.0,1.0,https://www.sephora.com/product/black-tea-age-delay-firming-serum-P403748?icid2=products%20grid:p403748,1.0,75.0
Very Cherry Bright 15% Clean Vitamin C Serum with Acerola Cherry,Farmacy,facial-treatments,62.0,"Glycerin, 3Glyceryl Ascorbate, Prunus Cerasus (Bitter Cherry) Fruit 3OEthyl Ascorbic Acid, Sodium Citrate, Propanediol, Malpighia Punicifolia (Acerola) Fruit Extract, Ascorbyl Tetraisopalmitate, Glucomannan, Sodium Hyaluronate Crosspolymer, Sodium Hyaluronate, Hydrolyzed Sodium Hyaluronate, Sodium Acetylated Hyaluronate, Calendula Officinalis Flower Extract, Allantoin, Hydrolyzed Plukenetia Volubilis Seed Extract, Physalis Angulata Extract, Sorbitol, Sodium Phytate, Biosaccharide Gum1, Prunus Amygdalus Dulcis (Sweet Almond) Fruit Extract, Oryza Sativa (Rice) Bran Extract, Helianthus Annuus (Sunflower) Extract, Simmondsia Chinensis (Jojoba) Seed Oil, Tocopherol, Rosmarinus Officinalis (Rosemary) Leaf Extract, Vanilla Planifolia Fruit Extract, Glyceryl Caprylate, Ethylhexylglycerin, Caprylyl Glyceryl Ether, Sclerotium Gum, Lithospermum Erythrorhizon Root Extract, Citric Acid, Polyglyceryl4 Caprate, Pentylene Glycol, Polyglyceryl6 Caprylate, Butylene Glycol, Caprylic/Capric Triglyceride, Caprylhydroxamic Acid, Sodium Levulinate, Sodium Anisate, Sodium Benzoate.",114,20404,1.0,0.0,https://www.sephora.com/product/very-cherry-bright-15-clean-vitamin-c-serum-with-acerola-cherry-P449400?icid2=products%20grid:p449400,1.0,62.0
Focuspot™ Blemish Micro Tip Patch,Dr. Jart+,facial-treatments,18.0,"Sodium Hyaluronate, Trehalose, Clitoria Ternatea Flower Extract, Niacinamide, Oligopeptide76, Curcumin, Maltodextrin.",90,0,0.0,0.0,https://www.sephora.com/product/focuspot-blemish-micro-tip-patch-P442853?icid2=products%20grid:p442853,1.3220803357314155,13.614906381647259
Hyaluronic Acid Hydrating Serum with Champaca Essence,StackedSkincare,facial-treatments,130.0,"Aqua, Glycerin, Niacinamide, Aloe Barbadensis Leaf Extract, Sodium Hyaluronate, Trehalose, Licorice Root Extract, Hydroxyethylcellulose, Allantoin, Lactic Acid, Caprylyl Glycol, Ethylhexylglycerin, Phenethyl Alcohol, Magnolia Champaca Flower Oil.",15,1543,1.0,0.0,https://www.sephora.com/product/hyaluronic-acid-champaca-hydrating-serum-P441053?icid2=products%20grid:p441053,1.0,130.0
Snow Mushroom Water Serum,Volition Beauty,facial-treatments,62.0,"Tremella Fuciformis (Mushroom) Extract, Propanediol, Glycerin, Argania Spinosa(Argan) Kernel Oil, Sea Sodium Hyaluronate, Citrullus Vulgaris (Watermelon) FruitExtract, Pyrus Malus (Apple) Fruit Extract, Lens Esculenta (Lentil) Fruit Extract, Sodium PCA, Sodium Lactate, 3OEthyl Ascorbic Acid, Pentylene Glycol, Caprylyl Glycol, NProlyl Palmitoyl Tripeptide56 Acetate, Hydroxyethylcellulose, Polyglyceryl4 Caprate, Diheptyl Succinate, Capryloyl Glycerin/Sebacic Acid Copolymer, Sodium Carbomer, Ethylhexylglycerin.",331,13187,1.0,0.0,https://www.sephora.com/product/snow-mushroom-water-serum-P431746?icid2=products%20grid:p431746,1.0,62.0
Protein Booster Skin Serum,Jack Black,facial-treatments,62.0,"Glycerin, Caprylic/Capric Triglyceride,Aloe Barbadensis Leaf Juice*, Linum Usitatissimum (Linseed/Graine delin) Seed Oil*, Camellia Sinensis Leaf Extract*, Cocos Nucifera (Coconut/Noix de coco) Oil*, Dipeptide Diaminobutyroyl Benzylamide Diacetate,Simmondsia Chinensis (Jojoba) Seed Oil, Sorghum Bicolor Stalk Juice,Ormenis Multicaulis Oil, Glycine Soja (Soybean/Graine de soja) Oil, RetinylPalmitate, Zea Mays (Corn/Blé) Oil, Hamamelis Virginiana (Witch Hazel/Hamamélis) Lonicera Caprifolium (Honeysuckle/Chèvrefeuille)Flower Extract, Pelargonium Graveolens Flower Oil, Lonicera Japonica(Honeysuckle/Chèvrefeuille) Flower Extract, Rosmarinus Officinalis (Rosemary/Romarin) Leaf Oil, Plantago Lanceolata Leaf Extract, ButyleneGlycol, Caprylyl Glycol, Xanthan Gum, Polysorbate 20, Tocopherol, AscorbylPalmitate, Taurine, Sodium Hyaluronate, Teprenone, Citric Acid, PotassiumSorbate, Carbomer, Palmitoyl Oligopeptide, Sodium PolystyreneSulfonate, Phenoxyethanol, Palmitoyl Tetrapeptide7, Alcohol, Citronellol,Tocopheryl Acetate, Geraniol, Linalool, Sodium Sulfite. *Certified Organic.",58,4588,2.0,0.0,https://www.sephora.com/product/protein-booster-skin-serum-P236605?icid2=products%20grid:p236605,2.0,31.0
AHA/BHA Acne Clearing Gel,Peter Thomas Roth,facial-treatments,54.0,"Alcohol Denat.,Aloe Barbadensis Leaf Juice, Arginine, Arnica Montana Flower Extract, Bht, Butylene Glycol, Butylparaben, Citric Acid, Cyclopentasiloxane, Denatonium Benzoate, Diazolidinyl Urea, Disodium Phosphate, Ethylparaben, Glycerin, Glycolic Acid, Glycyrrhiza Glabra (Licorice) Root Extract, Glyoxal, Helianthus Annuus(Sunflower) Seed Oil, Hydroxyethylcellulose, Isobutylparben, Methylparaben, Phenoxyethanol, Polysorbate 60, Potassium Sorbate, Propylene Glycol, Propylparaben, Retinyl Palmitate, Sodium Benzoate, Sodium Hydroxide, Sodium Nitrate, Sodium Phosphate, TButyl Alcohol, Water.",587,16596,3.4,0.0,https://www.sephora.com/product/aha-bha-acne-clearing-gel-P3550?icid2=products%20grid:p3550,3.4,15.882352941176471
Niacinamide Oil Control Serum,The INKEY List,facial-treatments,6.99,"Water (Aqua), Niacinamide,Glycerin, Propanediol, Butylene Glycol, Squalane, Leuconostoc/Radish Root Ferment Filtrate, Hyaluronic Acid, Phenoxyethanol, Hydroxyethyl Acrylate/Sodium Acryloyldimethyl Taurate Copolymer, Hydroxyethylcellulose, Phospholipids, Xanthan Gum, Glycine Soja (Soybean) Extract, Allantoin, Disodium Edta, Polysorbate 60, Panthenol, Glycolipids, Glycine Soja (Soybean) Sterol, Disodium Phosphate, Citric Acid, Sodium Phosphate.",18,3458,1.0,0.0,https://www.sephora.com/product/niacinamide-P446942?icid2=products%20grid:p446942,1.0,6.99
Capture Youth Glow Booster Age-Delay Illuminating Serum,Dior,facial-treatments,95.0,"Aqua (Water), Dipropylene Glycol, Glycerin, Glycolic Acid, 3OEthyl Ascorbic Acid, Ppg26Buteth26, Tromethamine, Phenoxyethanol, Parfum (Fragrance), Peg40 Hydrogenated Castor Oil, Sodium Citrate, Tetrasodium Edta, Terminalia Ferdinandiana Fruit Extract, Xanthan Gum, Adenosine, Sodium Tocopheryl Phosphate, Sodium Metabisulfite, Ci 15985 (Yellow 6), Iris Florentina Root Extract, Bht, Tocopherol.",14,0,1.0,0.0,https://www.sephora.com/product/capture-youth-glow-booster-age-delay-illuminating-serum-P427731?icid2=products%20grid:p427731,1.0,95.0
Perfectionist CP+R Wrinkle Lifting/Firming Serum,Estée Lauder,facial-treatments,104.0,"Dimethicone, Polysilicone11, Hdi/Trimethylol Hexyllactone Crosspolymer, Silica, Butylene Glycol, Caprylyl Methicone, Sigesbeckia Orientalis (St. Paul'S Wort) Extract, Salvia Sclarea (Clary) Extract, Coleus Forskohlii Root Extract, Chamomilla Recutita (Matricaria) Flower Extract, Peg10 Dimethicone, Hydrolyzed Fish (Pisces) Collagen, Palmaria Palmata Extract, Glycyrrhiza Glabra (Licorice) Root Extract, Silybum Marianum (Lady'S Thistle) Extract, Hordeum Vulgare (Barley) Extract/Extrait D'Orge, Padina Pavonica Thallus Extract, Artemia Extract, Pantethine, Algae Extract, Chlorella Vulgaris Extract, Cholesterol, Squalane, Boswellia Serrata Extract, Zea Mays (Corn) Kernel Extract, Glycine Soja (Soybean) Protein, Caffeine, Whey Protein/Lactis Protein/Proteine Du PetitLait, Linoleic Acid, Lecithin, Fish (Pisces) Collagen, Acetyl Hexapeptide8, Palmitoyl Oligopeptide, Glycerin, Yeast Extract/Faex/Extrait De Levure, Polyquaternium51, Phytosphingosine, Triticum Vulgare (Wheat) Germ Oil, Decarboxy Carnosine Hcl, Polysorbate 40, Pentylene Glycol, Propanediol, Lauryl Peg9 Polydimethylsiloxyethyl Dimethicone, Ethylhexylglycerin, Ammonium Acryloyldimethyltaurate/Vp Copolymer, Sodium Pca, Polymethylsilsesquioxane, Glyceryl Polymethacrylate, Zinc Pca, Propylene Glycol Dicaprate, Sodium Chondroitin Sulfate, Sodium Hyaluronate, Isohexadecane, Peg8, Tocopheryl Acetate, Polysorbate 80, Disodium Distyrylbiphenyl Disulfonate, Laureth12, Acrylamide/Sodium Acryloyldimethyltaurate Copolymer, Caprylyl Glycol, Aminopropyl Ascorbyl Phosphate, Xanthan Gum, Sodium BetaSitosteryl Sulfate, Sodium Chloride, Sodium Hydroxide, Fragrance, Disodium Edta, Bht, Phenoxyethanol, Mica, Titanium Dioxide (Ci 77891) <iln38704>.</iln38704>",78,12492,0.0,1.7,https://www.sephora.com/product/perfectionist-cp-r-wrinkle-lifting-firming-serum-P379995?icid2=products%20grid:p379995,1.7,61.1764705882353
Resveratrol Lift Firming Serum,Caudalie,facial-treatments,82.0,"Glycerin*, Butylene Glycol, Glyceryl Stearate Citrate*, Hexyldecanol*, Hexyldecyl Laurate*, Squalane*, Tocopheryl Acetate*, Polyglyceryl3 Stearate*, Palmitoyl Grapevine Shoot Extract*, Hydrogenated Lecithin*, Polyacrylate Crosspolymer6, Hydroxyethyl Acrylate/Sodium Acryloyldimethyl Taurate Copolymer, Caprylyl Glycol, Ethylhexylglycerin, Sodium Dehydroacetate, Parfum (Fragrance), Sorbitan Laurate*, Hydrolyzed Hyaluronic Acid  , Hyaluronic Acid, Hydroxyethylcellulose*, Acetyl Dipeptide1 Cetyl Ester, Sodium Phytate*, Tocopherol*, Linalool, Limonene, Coumarin, Butylphenyl Methylpropional. *Plant Origin",82,10372,1.0,0.0,https://www.sephora.com/product/resveratrol-lift-firming-serum-P400608?icid2=products%20grid:p400608,1.0,82.0
One Essential Skin Boosting Super Serum,Dior,facial-treatments,100.0,"Aqua (Water), Butylene Glycol, Glycerin, Caprylic/Capric/Succinic Triglyceride, Alcohol, Polymethylsilsesquioxane, Maltitol, Peg60 Hydrogenated Castor Oil, Phenoxyethanol, Peg32, Peg8, Decyloxazolidinone, Acrylates/C1030 Alkyl Acrylate Crosspolymer, Peg7 Glyceryl Cocoate, Tetrasodium Edta, Parfum (Fragrance), Malva Sylvestris (Mallow) Extract, Hibiscus Sabdariffa Flower Extract, Faex (Yeast Extract), Sodium Hydroxide, Lecithin, Squalane, Pyrus Cydonia Seed Extract, Alcaligenes Polysaccharides, Dimethylmethoxy Chromanol, Adenosine, Xanthan Gum, Sorbitol, Biosaccharide Gum1, Sodium Metabisulfite, Sodium Tocopheryl Phosphate, Algin, Aframomum Angustifolium Seed Extract, Butylphenyl Methylpropional, Polyvinyl Alcohol, Limonene, Haberlea Rhodopensis Leaf Extract, Benzyl Alcohol, Citric Acid, Cellulose Gum, Ethylhexylglycerin, AlphaIsomethyl Ionone, Geraniol, Lilium Candidum Bulb Extract, Phaeodactylum Tricornutum Extract, Dehydroacetic Acid, Bht, Tocopherol.",39,5340,0.0,1.0,https://www.sephora.com/product/one-essential-skin-boosting-super-serum-P423264?icid2=products%20grid:p423264,1.0,100.0
"Proactiv Solution 3-Step Acne Treatment System, 90 Day Size",Proactiv,facial-treatments,80.0,"Ethoxydiglycol, Cyclotetrasiloxane, Cyclopentasiloxane, Cetearyl Alcohol, Dimethicone, Glyceryl Stearate, Peg100 Stearate, Propylene Glycol, Panthenol, Allantoin, Xanthan Gum, Ceteareth20, Carbomer, Sodium Hydroxide, Diazolidinyl Urea, Methylparaben, Propylparaben, Fragrance.",67,988,0.0,0.0,https://www.sephora.com/product/proactiv-solution-3-step-acne-treatment-system-90-day-size-P440652?icid2=products%20grid:p440652,1.3220803357314155,60.51069502954338
Vitamin C Serum,Mario Badescu,facial-treatments,45.0,"Propylene Glycol, Ascorbic Acid, Cucumis Sativus (Cucumber) Fruit Extract, Panax Ginseng Root Extract, Sodium Hyaluronate, Collagen, Aloe Barbadensis Leaf Juice, Lavandula Angustifolia (Lavender) Oil, Caprylyl Glycol, Phenoxyethanol, Hexylene Glycol.",26,6037,1.0,0.0,https://www.sephora.com/product/mario-badescu-vitamin-c-serum-P440494?icid2=products%20grid:p440494,1.0,45.0
Organic Sunless Tan Anti-Aging Face Serum,COOLA,facial-treatments,54.0,"Water (Aqua), Propanediol, Dihydroxyacetone, Glycerin, Aloe Barbadensis Leaf Juice Powder*, Heptyl Undecylenate, Argan Oil, Polyglyceryl6 Esters, Centella Asiatica Meristem Cell Culture, Hydrolyzed Algin, Caprylic/Capric Glycerides Polyglycerin10 Esters, Sodium Hyaluronate, Chlorella Vulgaris Extract, Hibiscus Sabdariffa Flower Extract*, Chamomilla Recutita (Matricaria) Flower Extract*, Ascorbyl Palmitate, Vitis Vinifera (Grape) Seed Oil*, Citrus Aurantium Bergamia (Bergamot) Fruit Oil*, Cetearyl Glucoside, Alcohol Denat.**, Maris Aqua, Polyglyceryl4 Caprate, Cyamopsis Tetragonoloba (Guar) Gum, Xanthan Gum, Fragrance, Gluconolactone, Potassium Sorbate, Sodium Benzoate.",124,13329,1.7,0.0,https://www.sephora.com/product/sunless-tan-anti-aging-face-serum-P418221?icid2=products%20grid:p418221,1.7,31.764705882352942
D-Scar™ Scar Diminishing Serum,Kate Somerville,facial-treatments,48.0,"Caprylic/Capric Triglyceride, Divinyldimethicone/Dimethicone Copolymer, Cetearyl Alcohol, Dimethicone, Glycerin, Propanediol, Cyclopentasiloxane, Sodium Ascorbyl Glucoside, BisPEG/PPG20/5 PEG/PPG20/5 Dimethicone, Methoxy PEG/PPG25/4 Dimethicone, Glyceryl Stearate, shPolypeptide7, Sodium Chloride, Sodium Phosphate, Disodium EDTA, Ammonium Acryloyldimethyltaurate/VP Copolymer, Dimethiconol, Cyclohexasiloxane, Glucosamine HCl, Tocopheryl Acetate, Allantoin, Portulaca Oleracea Extract, Butylene Glycol, Elaeis Guineensis (Palm) Oil, Tocotrienols, Pisum Sativum (Pea) Extract, Bambusa Vulgaris Extract, C1213 Pareth23, C1213 Pareth3, Tocopherol, Xanthan Gum, Protease, Sodium Hydroxide, Hippophae Rhamnoides Fruit Extract, Maltodextrin Ethylhexylglycerin, Phenoxyethanol.",385,27352,0.66,0.0,https://www.sephora.com/product/d-scar-scar-diminishing-serum-P377368?icid2=products%20grid:p377368,0.66,72.72727272727272
EUK 134 0.1%,The Ordinary,facial-treatments,8.8,"Propanediol, Ethylbisiminomethylguaiacol manganese chloride.",23,10215,1.0,0.0,https://www.sephora.com/product/euk-134-0-1-P442833?icid2=products%20grid:p442833,1.0,8.8
Anti-Pollution Drops,Dr. Barbara Sturm,facial-treatments,145.0,"Betaine, Lactobacillus/Portulaca Oleracea Ferment Extract, Butylene Glycol, Phenoxyethanol, Carbomer, Ethylhexylglycerin, Sodium Hyaluronate, Leuconostoc/Radish Root Ferment Filtrate, Alteromonas Ferment Extract, Biosaccharide Gum1, Sodium Hydroxide, Theobroma Cacao (Cocoa) Seed Extract.",9,1803,0.0,1.0,https://www.sephora.com/product/dr-barbara-sturm-anti-pollution-drops-P447790?icid2=products%20grid:p447790,1.0,145.0
Clinical Grade IPL Dark Spot Correcting Serum,Dr. Dennis Gross Skincare,facial-treatments,92.0,"Ethoxydiglycol, Ascorbic Acid, Lactic Acid, Glycerin, Propylene Glycol, Kojic Acid, Dimethyl Isosorbide, PVM/MA Decadiene Crosspolymer, Tocopherol, Mandelic Acid, Ferulic Acid, Arbutin, Arctostaphylos Uva Ursi Leaf Extract, Citrus Unshiu Peel Extract, Glycyrrhiza Glabra (Licorice) Root Extract, Morus Alba Bark Extract, Azelaic Acid, Glycolic Acid, Potassium Azeloyl Diglycinate, Sodium Hyaluronate, Quercetin, Phospholipids, Soy Isoflavones, Ergocalciferol, Panthenol, Leuconostoc/Radish Root Ferment Filtrate, Polysorbate 20, Polysorbate 80, Disodium EDTA, Potassium Hydroxide, Phenoxyethanol",277,12188,1.0,0.0,https://www.sephora.com/product/clinical-grade-ipl-dark-spot-correcting-serum-P440308?icid2=products%20grid:p440308,1.0,92.0
Saturn Sulfur Acne Treatment Mask,SUNDAY RILEY,facial-treatments,55.0,"Sulfur, Isoamyl Laurate, Cetyl Ethylhexanoate, Niacinamide, Gum Arabic, Bentonite, Hydroxyethyl Acrylate/Sodium Acryloyldimethyl Taurate Copolymer, Polyglyceryl2 Caprate, Olive Oil Glyceryth8 Esters, Zinc PCA, Allantoin, Dipotassium Glycyrrhizate,, Melaleuca Alternifolia (Tea Tree) Leaf Oil, Leptospermum Scoparium (Manuka) Branch/Leaf Oil, Curcuma Longa (Turmeric) Root Extract, Corallina Officinalis Extract, Melia Azadirachta Leaf Extract, Amber Powder, Melia Azadirachta Flower Extract, Coccinia Indica Fruit Extract, Solanum Melongena (Eggplant) Leaf Extract, Ocimum Basilicum (Basil) Flower/Leaf Extract, Quartz, Polysorbate 60, Sorbitan Isostearate, Tocopherol, Disodium EDTA, Phenoxyethanol, Polysorbate 20, Alcohol Denat., Chlorphenesin, PEG40 Hydrogenated Castor Oil, Caprylyl Glycol.",428,29163,2.0,0.0,https://www.sephora.com/product/saturn-sulfur-acne-treatment-mask-P422626?icid2=products%20grid:p422626,2.0,27.5
R.N.A. POWER Anti-Aging Essence Serum,SK-II,facial-treatments,199.0,"Butylene Glycol, Glycerin, Galactomyces Ferment Filtrate*, Niacinamide, Pentylene Glycol, Phytosteryl/Octyldodecyl Lauroyl Glutamate, Isopropyl Isostearate, Dimethicone, Squalane, Xylitol, Vinyl Dimethicone/Methicone Silsesquioxane Crosspolymer, Boron Nitride, Panthenol, Peg20 Sorbitan Cocoate, Tocopheryl Acetate, Dimethicone/Vinyl Dimethicone Crosspolymer, Phenoxyethanol, Benzyl Alcohol, Acrylates/C1030 Alkyl Acrylate Crosspolymer, Dipentaerythrityl TriPolyhydroxystearate, Peg11 Methyl Ether Dimethicone, Aminomethyl Propanol, Ceratonia Siliqua (Carob) Fruit Extract, Laureth7, Methylparaben, Polymethylsilsesquioxane, Sodium Peg7 Olive Oil Carboxylate, Xanthan Gum, Disodium Edta, Peg100 Stearate, Peg7 Glyceryl Cocoate, Acanthopanax Senticosus (Eleuthero) Root Extract, Fragrance, Ethylhexylglycerin, Hydrolyzed Soy Protein, Cynara Scolymus (Artichoke) Leaf Extract, Polyquaternium7, Hydrolyzed Yeast Protein, Palmitoyl Pentapeptide4, Methylsilanol TriPeg8 Glyceryl Cocoate, Methicone, Ci 77891, Ci 77492. *Pitera™.",66,4359,1.6,0.0,https://www.sephora.com/product/r-n-a-power-radical-new-age-essence-P405951?icid2=products%20grid:p405951,1.6,124.375
Mattifying Primer With Anti-Acne Treatment,COVER FX,facial-treatments,38.0,"Cyclopentasiloxane, Salix Nigra (Willow) Bark Extract, Dimethicone Crosspolymer, Butylene Glycol, Dimethicone/Vinyl Dimethicone Crosspolymer, BISPEG/PPG14/14 Dimethicone, Vaccinium Myrtillus Fruit Extract, Glycerin, Dimethicone, Caprylic/Capric Triglyceride, Cetyl PEG/PPG10/1 Dimethicone, Squalane, Phenyl Methicone, Saccharum Of_Cinarum (Sugar Cane) Extract, Bisabolol, Caprylyl Glycol, Tocopherol, Dimethiconol, Phenoxyethanol, Peg60 Almond Glycerides, Acer Saccharum (Sugar Maple) Extract, Citrus Aurantium Dulcis (Orange) Fruit Extract, Enantia Chlorantha Bark Extract, Citrus Limon (Lemon) Fruit Extract, Phytosphingosine, Tetrahexyldecyl Ascorbate, Ethyl Linoleate, Ethyl Linolenate, Ethyl Oleate, Carbomer, Silica, Polysorbate 20, Oleanolic Acid, Nordihydroguaiaretic Acid, Palmitoyl Tripeptide1, Palmitoyl Tetrapeptide7.",1000,50179,0.0,1.0,https://www.sephora.com/product/mattifying-primer-with-anti-acne-treatment-P377612?icid2=products%20grid:p377612,1.0,38.0
Vitamin C Ester Brightening Serum,Perricone MD,facial-treatments,69.0,"Tetrahexyldecyl Ascorbate, Caprylyl Methicone, Hydrogenated Lecithin, Behenyl Alcohol, Benzyl Alcohol, Squalane, Rosmarinus Officinalis (Rosemary) Leaf Extract, Ferulic Acid, Simmondsia Chinensis (Jojoba) Seed Oil, Sodium Hyaluronate, Polysorbate 20, Xanthan Gum, BetaGlucan, Fragrance, Sorbitol, Limonene, Stearyl Glycyrrhetinate, Disodium EDTA, Elaeis Guineensis (Palm) Oil, Tocotrienols, Linalool, Tocopherol, Citral, Citronellol.",413,10786,1.0,0.0,https://www.sephora.com/product/vitamin-c-ester-brightening-serum-P378714?icid2=products%20grid:p378714,1.0,69.0
Noni Night AHA Resurfacing Serum,KORA Organics,facial-treatments,72.0,**From essential oils,0,705,1.01,0.0,https://www.sephora.com/product/kora-organics-noni-night-aha-resurfacing-serum-P455241?icid2=products%20grid:p455241,1.01,71.2871287128713
Clinical Grade Resurfacing Liquid Peel,Dr. Dennis Gross Skincare,facial-treatments,95.0,"Polysorbate 20, Methyl Gluceth20, Sodium Bicarbonate, Sodium Hyaluronate, Centella Asiatica Extract, Soy Isoflavones, Colloidal Oatmeal, Achillea Millefolium Extract, Camellia Sinensis Leaf Extract, Ubiquinone, Resveratrol, Tocopheryl Acetate, Leuconostoc/Radish Root Ferment Filtrate, Glycerin, Butylene Glycol, Copper PCA, Sodium PCA, Zinc PCA, Octoxynol9, Citric Acid, Tetrasodium EDTA, Phenoxyethanol, Sodium Benzoate, Potassium Sorbate.",1000,12685,1.0,0.0,https://www.sephora.com/product/clinical-grade-resurfacing-liquid-peel-P442005?icid2=products%20grid:p442005,1.0,95.0
Plantscription™ Anti-Aging Power Serum,Origins,facial-treatments,62.0,*Essential Oil,61,6255,0.0,0.91,https://www.sephora.com/product/plantscription-anti-aging-power-serum-P388801?icid2=products%20grid:p388801,0.91,68.13186813186813
Outsmart Acne Clarifying Treatment,Murad,facial-treatments,44.0,"Propanediol, Polymethylsilsesquioxane/Silica Crosspolymer, Dimethicone, Niacinamide, Polyacrylate Crosspolymer6, PPG26Buteth26, Oryza Sativa (Rice) Bran Extract, Boswellia Serrata Extract, Oligopeptide10, Tocopheryl Acetate, Glycolic Acid, Glycine Soja (Soybean) Seed Extract, Zinc Gluconate, Allantoin, Honey Extract, Sebacic Acid, 10Hydroxydecanoic Acid, Silver Citrate, Glycerin, Urea, Yeast Amino Acids, Trehalose, Inositol, Taurine, Betaine, Cetearyl Olivate, Sorbitan Olivate, Cetyl Alcohol, Xanthan Gum, PEG40 Hydrogenated Castor Oil, Butylene Glycol, 1,10Decanediol, Disodium EDTA, Citric Acid, Sodium Hydroxide, Caprylyl Glycol, Chlorphenesin, Phenoxyethanol, Sodium Benzoate, Limonene, Linalool, Fragrance, Blue 1 (CI 42090), Yellow 5 (CI 19140).",202,6095,1.7,0.0,https://www.sephora.com/product/outsmart-acne-clarifying-treatment-P433143?icid2=products%20grid:p433143,1.7,25.88235294117647
Visionnaire Advanced Skin Corrector Serum,Lancôme,facial-treatments,116.0,"Cyclohexasiloxane, Glycerin, Alcohol Denat., Sodium Tetrahydrojasmonate, Polysilicone11, Octyldodecanol, Hdi/Trimethylol Hexyllactone Crosspolymer, Dipropylene Glycol, BisPeg/Ppg16/16 Peg/Ppg16/16 Dimethicone, Ci 77891 / Titanium Dioxide, Mica, Secale Cereale Extract / Rye Seed Extract, Sodium Hyaluronate, Hydroxyethylcellulose, Phenoxyethanol, Adenosine, Poloxamer 338, Ammonium Polyacryldimethyltauramide / Ammonium Polyacryloyldimethyl Taurate, Dimethicone, Dimethiconol, Pentylene Glycol, Caprylic/Capric Triglyceride, Disodium Edta, Methyldihydrojasmonate, Citronellol, Inulin Lauryl Carbamate, Fragrance.",142,10828,0.0,1.7,https://www.sephora.com/product/visionnaire-advanced-skin-corrector-serum-P393077?icid2=products%20grid:p393077,1.7,68.23529411764706
POWER Advanced Wrinkle Fighter 360° Eye Serum,Algenist,facial-treatments,70.0,"Dimethicone, Isododecane, Glycerin, Butylene Glycol, Polysilicone11, Isohexadecane, Pentylene Glycol, Algae Exopolysaccharides, Chlorella Protothecoides, Plantago Lanceolata Leaf Extract, Darutoside, Polygonum Bistorta Root Extract, Nannochloropsis Oculata Extract, Albizia Julibrissin Bark Extract, Palmitoyl Tripeptide1, Palmitoyl Tetrapeptide7, NHydroxysuccinimide, Chrysin, Mica, Adenosine, Ammonium Polyacryloyldimethyl Taurate, Polysorbate 20, Polysorbate 80, Pullulan, Tocopheryl Acetate, Steareth20, Disodium EDTA, Chlorhexidine Digluconate, Citric Acid, Sodium Hydroxide, Xanthan Gum, Ethylhexylglycerin, Hexylene Glycol, Caprylyl Glycol, Potassium Sorbate, Sodium Benzoate, Phenoxyethanol.",73,7046,0.5,0.0,https://www.sephora.com/product/power-advanced-wrinkle-fighter-360-eye-serum-P404169?icid2=products%20grid:p404169,0.5,140.0
Fresh Pressed Daily Booster with Pure Vitamin C 10%,CLINIQUE,facial-treatments,76.5,"Ascorbic Acid , Glycerin , Dimethicone , Squalane , Butylene Glycol , Dipropylene Glycol , Acetyl Glucosamine , Cucumis Sativus (Cucumber) Fruit Extract , Hordeum Vulgare (Barley) Extract/Extrait D'Orge , Morus Nigra (Mulberry) Root Extract , Molasses Extract/Saccharum Officinarum/Extrait De Melasse , Laminaria Digitata Extract , Scutellaria Baicalensis Root Extract , Acetyl Hexapeptide8 , Vitis Vinifera (Grape) Fruit Extract , Algae Extract , Palmitoyl Hexapeptide12 , Palmitoyl Tripeptide1 , Palmitoyl Tetrapeptide7 , Alcaligenes Polysaccharides , Caffeine , Sucrose , Whey Protein/Lactis Protein/Proteine Du PetitLait , Betaine , Salicylic Acid , Glycine Soja (Soybean) Protein , Sodium Hyaluronate , Caprylyl Glycol , Sigesbeckia Orientalis (St. Paul'S Wort) Extract , BisPeg18 Methyl Ether Dimethyl Silane , Propylene Glycol Dicaprate , Helianthus Annuus (Sunflower) Seedcake , Allyl Methacrylates Crosspolymer , Carbomer , Glyceryl Polymethacrylate , Tromethamine , Xanthan Gum , Potassium Sorbate , Peg8 , Polysorbate 20 , Sodium Citrate , Disodium Edta , Phenoxyethanol <iln42692></iln42692>",130,17612,0.0,1.16,https://www.sephora.com/product/fresh-pressed-daily-booster-with-pure-vitamin-c-10-P416824?icid2=products%20grid:p416824,1.16,65.94827586206897
Darker Skin Tones Hyaluronic Serum,Dr. Barbara Sturm,facial-treatments,300.0,"Water (Aqua), Butylene Glycol, Lactobacillus/Portulaca Oleracea Ferment Extract, Glycerin, Sea Water (Maris Aqua), Phenoxyethanol, Sodium Hyaluronate, Ethylhexylglycerin, Potassium Sorbate, Leuconostoc/Radish Root Ferment Filtrate, Hydrolyzed Algae Extract, Citric Acid.",4,598,1.0,0.0,https://www.sephora.com/product/dr-barbara-sturm-darker-skin-tones-hyaluronic-serum-P448548?icid2=products%20grid:p448548,1.0,300.0
Black Tea Firming Eye Serum,Fresh,facial-treatments,72.0,"Glycerin, Butylene Glycol, Pentylene Glycol, Jojoba Oil PEG150 Esters, Methyl Gluceth20, PEG6 Caprylic/Capric Glycerides, Acacia Senegal Gum, PEG40 Hydrogenated Castor Oil, Lycium Chinense Fruit Extract, Saccharomyces Ferment Filtrate, Camellia Sinensis Leaf Extract, Rubus Fruticosus (Blackberry) Leaf Extract, Litchi Chinensis Seed Extract, Acetyl Tetrapeptide5, Tocopheryl Acetate, Tocopherol, Polymethylsilsesquioxane, Carbomer, PEG150, Sorbitol, Sodium Hydroxide, Parfum (Fragrance), Rhizobian Gum, Maltodextrin, Algin, Xanthan Gum, Adenosine, Polyvinyl Alcohol, Cellulose Gum, Citric Acid, Sodium Metabisulfite, Diamond Powder, Sodium Benzoate, Potassium Sorbate, Hydroxyethylcellulose, Sodium Citrate, Biotin, Phenoxyethanol, Linalool, Citronellol, Geraniol.",36,9480,0.5,0.0,https://www.sephora.com/product/black-tea-firming-eye-serum-P439626?icid2=products%20grid:p439626,0.5,144.0
Illumi-Nation Anti-Fatigue Power Serum,Naturally Serious,facial-treatments,58.0,"Propanediol, Glycerin, Pentylene Glycol, Mica, Sclerotium Gum, Albizia Julibrissin Bark Extract, Lavandula Stoechas Ext., Caprylic/Capric Triglyceride, Eclipta Prostrata Extract, Aspalathus Linearis Leaf Extract, Camellia Sinensis Leaf Extract, Lycium Barbarum Fruit Extract, Punica Granatum Extract, Vitis Vinifera (Grape) Seed Extract, Melia Azadirachta Leaf Extract, Leuconostoc/Radish Root Ferment Filtrate, Moringa Pterygosperma Oil, Hydroxyethylcellulose, Phenethyl Alcohol.",17,1423,1.0,0.0,https://www.sephora.com/product/illumi-nation-anti-fatigue-power-serum-P450587?icid2=products%20grid:p450587,1.0,58.0
Crème Ancienne® Supreme Face Serum,Fresh,facial-treatments,245.0,"Zingiber Officinale (Ginger) Glycerin, Squalane, Butylene Glycol, Limnanthes Alba (Meadowfoam) Seed Oil, Pentylene Glycol, Polyglycerin3, Steareth21, Glyceryl Stearate, Helianthus Annuus (Sunflower) Seed Oil, Zingiber Zerumbet Extract, Panax Notoginseng Root Extract, Alpinia Galanga Leaf Extract, Commiphora Mukul Resin Extract, Echinacea Purpurea Extract, Calophyllum Inophyllum Seed Oil, Zingiber Officinale (Ginger) Root Extract, Panax Ginseng Root Extract, Adenosine, Tocopherol, Steareth2, Caprylic/Capric Triglyceride, Polyacrylamide, Acrylates/C1030 Alkyl Acrylate Crosspolymer, C1314 Isoparaffin, Fragrance, Xanthan Gum, Tromethamine, Tetrasodium EDTA, Caramel, Laureth7, BHT, Sodium Metabisulfite, Phenoxyethanol, Benzyl Salicylate.",8,2189,1.0,0.0,https://www.sephora.com/product/creme-ancienne-supreme-face-serum-P412800?icid2=products%20grid:p412800,1.0,245.0
VineActiv Vitamin C Anti-Wrinkle Serum,Caudalie,facial-treatments,52.0,"Squalane*, Butylene Glycol*, Glycerin*, C142Alcohols*, Ethylhexylglycerin, Ascorbyl Tetraisopalmitate, PolyacrylatCrosspolymer6, Parfum (Fragrance), Tocopherol*, Glyceryl Stearate Se*, PalmitoyGrape Seed Extract*, C1220 Alkyl Glucoside*, Hydrolyzed Hyaluronic Acid Phenylpropanol, Picea Abies Extract*, Propanediol*, Acacia Senegal Gum*, CaprylyGlycol, Xanthan Gum, Sodium Phytate*, Citric Acid* (193/031) *. Plant Origin.",162,14242,1.0,0.0,https://www.sephora.com/product/vine-activ-glow-activating-anti-wrinkle-serum-P417119?icid2=products%20grid:p417119,1.0,52.0
SEA Deep Sea Collagen Super Serum,tarte,facial-treatments,39.0,"Ethylhexyl Palmitate, Coconut Alkanes, Isopropyl Myristate, Shea Butter Ethyl Esters, Neopentyl Glycol Diheptanoate, Glycerin, Isododecane, Persea Gratissima (Avocado) Oil, Cocos Nucifera (Coconut) Oil, Camellia Japonica Seed Oil, Argania Spinosa Kernel Oil, Pentylene Glycol, CocoCaprylate/Caprate, Passiflora Edulis Seed Oil, Phenoxyethanol, Kappaphycus Alvarezii Extract, Laminaria Digitata Extract, Sea Water Extract, Spirulina Maxima Extract, Leuconostoc/Radish Root Ferment Filtrate, Chondrus Crispus Extract, Hydroxyacetophenone, Collagen Amino Acids, Algae Extract, Citrus Sinensis (Orange) Peel Oil, Aphanizomenon FlosAquae Extract, Limonene, Lavandula Angustifolia (Lavender) Oil, Gardenia Taitensis Flower Extract, Ethylhexylglycerin, Melia Azadirachta Leaf Extract, Melia Azadirachta Flower Extract, Linalool, Gluconolactone, Sodium Benzoate, Arginine, Potassium Sorbate, Corallina Officinalis Extract, Tocopherol, Populus Tremuloides Bark Extract, Coccinia Indica Fruit Extract, Sodium Hyaluronate, Solanum Melongena (Eggplant) Fruit Extract, Aloe Barbadensis Flower Extract, Simmondsia Chinensis (Jojoba) Seed Oil, Curcuma Longa (Turmeric) Root Extract, Ocimum Basilicum Flower/Leaf Extract, Ocimum Sanctum Leaf Extract, Citric Acid.",104,13266,0.0,0.94,https://www.sephora.com/product/sea-deep-sea-collagen-super-serum-P440814?icid2=products%20grid:p440814,0.94,41.48936170212766
Capture Totale C.E.L.L. ENERGY - Super Potent Age-Defying Intense Serum,Dior,facial-treatments,155.0,"Aqua (Water), Glycerin, Niacinamide, Butylene Glycol, Squalane, Limnanthes Alba (Meadowfoam) Seed Oil, Pentylene Glycol, Alcohol, Propanediol, Betaine, Diglycerin, Lauroyl Lysine, Peg8, Aframomum Angustifolium Seed Extract, Paeonia Lactiflora Root Extract, Lilium Candidum Bulb Extract, Jasminum Officinale (Jasmine) Flower Extract, Sodium Surfactin, Sodium Acetylated Hyaluronate, Hydrolyzed Soy Protein, Ascorbyl Glucoside, Sodium Tocopheryl Phosphate, Adenosine, Xylitol, Trehalose, Palmaria Palmata Extract, Sodium Hyaluronate, Hydroxyethyl Acrylate/Sodium Acryloyldimethyl Taurate Copolymer, Boron Nitride, Caprylyl Glycol, Hydrogenated Lecithin, Parfum (Fragrance), Chlorphenesin, Alcaligenes Polysaccharides, Polysorbate 60, Sorbitan Isostearate, Ci 14700 (Red 4), Ci 60730 (ext. violet 2), Sodium Benzoate, Potassium Sorbate, Tocopherol.",1000,380,0.0,1.0,https://www.sephora.com/product/dior-capture-totale-cell-energy-super-potent-age-defying-intense-serum-P454805?icid2=products%20grid:p454805,1.0,155.0
Supercharge Anti-Oxidant Moisture Serum,Naturally Serious,facial-treatments,56.0,"Essential Lipids Including Ceramide NP, Shea Butter, and Fatty Acids: Smooth the look of skin texture.",31,1909,1.0,0.0,https://www.sephora.com/product/supercharge-anti-oxidant-moisture-serum-P433974?icid2=products%20grid:p433974,1.0,56.0
Get Even Cold-Pressed Peel Pads,Naturally Serious,facial-treatments,38.0,*100percent Natural Fragrance.,61,4339,0.0,0.0,https://www.sephora.com/product/get-even-cold-pressed-peel-pads-P433973?icid2=products%20grid:p433973,1.3220803357314155,28.7425801390331
Advanced Acne & Wrinkle Reducer,Murad,facial-treatments,55.0,"Dimethicone, Glycerin, PPG26Buteth26, Hydroxyethyl Acrylate/Sodium Acryloyldimethyl Taurate Copolymer, Urea, Yeast Amino Acids, Trehalose, Inositol, Taurine, Betaine, Ethylhexyl Palmitate, Silica Dimethyl Silylate, Butylene Glycol, Sodium Hyaluronate, Tocopheryl Acetate, Sulfur, Retinyl Palmitate, Caprylic/Capric Triglyceride, Retinol, Ascorbic Acid, Chitosan, Silver Citrate, Glucosamine HCl, Algae Extract, Yeast Extract, Saccharomyces/Xylinum/Black Tea Ferment, Hydroxyethylcellulose, Bupleurum Falcatum Root Extract, Caffeine, Coenzyme A, PEG8, Cetearyl Olivate, Sorbitan Olivate, Citrullus Lanatus (Watermelon) Fruit Extract, Pyrus Malus (Apple) Fruit Extract, Lens Esculenta (Lentil) Fruit Extract, Sodium PCA, Sodium Lactate, Glycolic Acid, Zinc Gluconate, Macrocystis Pyrifera Extract, Hydrolyzed Wheat Protein, PVP, Hydrolyzed Ceratonia Siliqua Seed Extract, Cimicifuga Racemosa Root Extract, Melaleuca Alternifolia (Tea Tree) Leaf Oil, Vinyl Dimethicone/Methicone Silsesquioxane Crosspolymer, Polymethylsilsesquioxane, Glyceryl Stearate, Cocamidopropyl Dimethylamine, Zea Mays (Corn) Starch, Hydrolyzed Corn Starch, Hydrolyzed Corn Starch Octenylsuccinate, Cetyl Alcohol, Xanthan Gum, Citric Acid, Disodium EDTA, Propyl Gallate, Polysorbate 80, PEG40 Hydrogenated Castor Oil, Sodium Hydroxide, Phenoxyethanol, Caprylyl Glycol, Chlorphenesin, Citronellol, Geraniol, Limonene, Linalool, Fragrance.",72,7519,1.0,0.0,https://www.sephora.com/product/advanced-acne-wrinkle-reducer-P398067?icid2=products%20grid:p398067,1.0,55.0
Emergency Blemish Relief,Proactiv,facial-treatments,20.0,"Ethoxydiglycol, Cyclopentasiloxane, Methylpropanediol, Steareth2, Cyclohexasiloxane, Steareth21, Polyquaternium37, Propylene Glycol Dicaprylate/Dicaprate, Propylene Glycol, Ppg1 Trideceth6, Panthenol, Allantoin, Diazolidinyl Urea, Methylparaben, Propylparaben, Fragrance.",87,4509,0.33,0.0,https://www.sephora.com/product/emergency-blemish-relief-P440057?icid2=products%20grid:p440057,0.33,60.6060606060606
Peptidin™ Radiance Serum with Energy Peptides,Dr. Jart+,facial-treatments,48.0,"Pentylene Glycol, Glycerin, Methyl Gluceth20, Alcohol, Glyceryl Polymethacrylate, Niacinamide, Polyglycerin3, Methylpropanediol, Prunus Persica (Peach) Flower Extract, Prunus Persica (Peach) Leaf Extract, Algae Extract, Eclipta Prostrata Leaf Extract, Octyldodeceth16, Polyglyceryl10 Laurate, BetaGlucan, Camellia Japonica Flower Extract, Avena Sativa (Oat) Kernel Extract, Cynara Scolymus (Artichoke) Leaf Extract, Pteris Multifida Extract, Rhododendron Ferrugineum Extract, Leucojum Aestivum Bulb Extract, Ethylhexylglycerin, Adenosine, Fructooligosaccharides, Hydrogenated Lecithin, Citrus Aurantium Bergamia (Bergamot) Fruit Oil, Polyquaternium51, Sodium Hyaluronate, Xanthan Gum, Acrylates /C1030 Alkyl Acrylate Crosspolymer, Tromethamine, Butylene Glycol, Propanediol, 1,2Hexanediol, Hydrolyzed Hyaluronic Acid, Lavandula Angustifolia (Lavender) Oil, Cholesterol, Cyanocobalamin, Caprylyl Glycol, Glycine, Acetyl Glutamine, Dipalmitoyl Hydroxyproline, Sodium Cocoyl Alaninate, Serine, Glutamic Acid, Aspartic Acid, Leucine, Alanine, Lysine, Arginine, Tyrosine, Phenylalanine, Proline, Threonine, Valine, Isoleucine, Histidine, Cysteine, Methionine, Acetyl Hexapeptide8, Copper Tripeptide1, Hexapeptide9, Nonapeptide1, Palmitoyl Pentapeptide4, Palmitoyl Tetrapeptide7, Palmitoyl Tripeptide1, Tripeptide1.",189,9310,1.35,0.0,https://www.sephora.com/product/radiance-serum-with-energy-peptides-P437239?icid2=products%20grid:p437239,1.35,35.55555555555555
PRO Strength Lactic Pore Treatment,Peter Thomas Roth,facial-treatments,88.0,"Lactic Acid, Glycerin, Hydroxyethylcellulose, Ethylhexylglycerin, Vitis Vinifera (Grape) Seed Extract, Citrus Limon (Lemon) Fruit Extract, Citrus Aurantifolia (Lime) Fruit Extract, Citrus Aurantium Dulcis (Orange) Fruit Extract, Saccharum Officinarum (Sugar Cane) Extract, Acer Saccharum (Sugar Maple) Extract, Hamamelis Virginiana (Witch Hazel) Vaccinium Myrtillus Fruit/Leaf Extract, Punica Granatum Extract, Aspalathus Linearis Extract, Lycium Barbarum Fruit Extract, Viola Tricolor Extract, Tilia Cordata Flower Extract, Leuconostoc/Radish Root Ferment Filtrate, Propanediol, Potassium Sorbate, Sodium Hydroxide, Sodium Phosphate, Disodium Phosphate, Polysorbate 60, Propylene Glycol, Benzoic Acid.",408,7538,1.7,0.0,https://www.sephora.com/product/pro-strength-lactic-pore-treatment-P448719?icid2=products%20grid:p448719,1.7,51.76470588235294
ELEVATE Advanced Retinol Serum,Algenist,facial-treatments,98.0,"Water (Aqua, Eau), Dimethicone, Glycerin, Butylene Glycol, Pentylene Glycol, Polymethyl Methacrylate, Dimethicone Crosspolymer, Retinol, Parachlorella Beijerinckii Exopolysaccharides, Dunaliella Salina Extract, Ceramide NP, Myristoyl Nonapeptide3, Palmitoyl Tripeptide1, Palmitoyl Tetrapeptide7, Acetyl Dipeptide1 Cetyl Ester, Glycine Soja (Soybean) Extract, Tocopherol, Squalane, Acrylates/C1030 Alkyl Acrylate Crosspolymer, Caprylic/Capric Triglyceride, Hydroxyethyl Acrylate/Sodium Acryloyldimethyl Taurate Copolymer, Sodium PCA, Polysorbate 20, Dipotassium Glycyrrhizate, Sorbitan Laurate, Dimethicone/PEG10/15 Crosspolymer, Sodium Hydroxide, Cetyl Palmitate, Hydrogenated Polydecene, Laureth23, Polysorbate 60, Disodium EDTA, Hydroxyethylcellulose, Carbomer, Sodium Lactate, Sorbitan Isostearate, Trideceth6 Phosphate, Dipropylene Glycol, Sodium Citrate, Mica, Caprylyl Glycol, Chlorphenesin, Phenoxyethanol, Fragrance (Parfum), Linalool, Titanium Dioxide (CI 77891).",22,3905,1.0,0.0,https://www.sephora.com/product/elevate-advanced-retinol-serum-P433469?icid2=products%20grid:p433469,1.0,98.0
Bye Bye Lines Anti-Aging Serum,IT Cosmetics,facial-treatments,58.0,"Cyclopentasiloxane, Cyclotetrasiloxane, Dimethicone, Isododecane, Vinyl Dimethicone/Methicone Silsesquioxane Crosspolymer, Glycerin, Dimethicone/Vinyl Dimethicone Crosspolymer, Hexyl Laurate, Cyclohexasiloxane, Ozokerite, Peg10 Dimethicone, Petrolatum, Sodium Chloride, Caprylyl Methicone, Cetyl Peg/Ppg10/1 Dimethicone, Polyglyceryl4 Isostearate, Polymethylsilsesquioxane, Polysilicone11, Caprylyl Glycol, Ethylhexylglycerin, Sorbitan Olivate, 1,2Hexanediol, Butylene Glycol, Disodium Edta, Propylene Glycol, Vitis Vinifera (Grape) Seed Oil, Ubiquinone, Squalane, Simmondsia Chinensis (Jojoba) Seed Oil, Sea Punica Granatum Seed Oil, Persea Gratissima (Avocado) Oil, Orbignya Oleifera Seed Oil, Niacinamide, Mangifera Indica (Mango) Seed Butter, Coffea Arabica (Coffee) Seed Extract, Citrus Aurantium Dulcis (Orange) Oil, Citrus Grandis (Grapefruit) Peel Oil, Caffeine, Argania Spinosa Kernel Oil, Arbutin, Adenosine, Anthemis Nobilis Flower Lactobacillus/Honeysuckle Flower/Licorice Root/Morus Alba Root/Pueraria Lobata Root/Schizandra Chinensis Fruit/Scutellaria Baicalensis Root/Sophora Japonica Flower Extract Ferment Filtrate, Illite, Betula Platyphylla Japonica Juice, Perfluorohexane, Hibiscus Sabdariffa Flower Extract, Caviar Extract, Snail Secretion Filtrate, Olea Europaea (Olive) Leaf Extract, Cucumis Sativus (Cucumber) Fruit Extract, Camellia Sinensis Leaf Extract, Chrysanthemum Indicum Flower Extract, Cholesteryl Chloride, Cholesteryl Isostearate, Cholesteryl Nonanoate, Alcohol, Arnica Montana Flower Extract, Alchemilla Vulgaris Extract, Ananas Sativus (Pineapple) Fruit Extract, Actinidia Chinensis (Kiwi) Fruit Extract, Pueraria Lobata Root Extract, Perfluorodecalin, Morus Alba Fruit Extract, Magnolia Kobus Bark Extract, Glycine Soja (Soybean) Sprout Extract, Diospyros Kaki Leaf Extract, Cinnamomum Cassia Bark Extract, Artemisia Princeps Leaf Extract, Pentafluoropropane, Curcuma Longa (Turmeric) Root Extract, Achillea Millefolium Extract, Steareth20, Marrubium Vulgare Extract, Phenoxyethanol, Gentiana Lutea Root Extract, Artemisia Absinthium Extract, Hydrogenated Lecithin, Veronica Officinalis Extract, Primula Veris Extract, Mentha Piperita (Peppermint) Leaf Extract, Melissa Officinalis Leaf Extract, Malva Sylvestris (Mallow) Extract, Hydrolyzed Hyaluronic Acid, Colloidal Oatmeal, Hydrolyzed Silk, Citric Acid, Potassium Sorbate, Sodium Benzoate, Algae Extract, Aloe Barbadensis Leaf Extract, NHydroxysuccinimide, Hydrolyzed Collagen, Caprylhydroxamic Acid, Tocopherol, Thiamine Hcl, Riboflavin, Retinyl Palmitate, Pantothenic Acid, Palmitoyl Oligopeptide, Niacin, Folic Acid, Chrysin, Carnitine Hcl, Biotin, Ascorbic Acid, Palmitoyl Tetrapeptide7, Chlorhexidine Digluconate, Titanium Dioxide (Ci 77891), Mica (Ci 77019).",69,9650,1.0,0.0,https://www.sephora.com/product/bye-bye-lines-serum-advanced-anti-aging-wrinkle-smoothing-miracle-concentrate-P411398?icid2=products%20grid:p411398,1.0,58.0
Evercalm™ Anti-Redness Serum,REN Clean Skincare,facial-treatments,52.0,"Aqua (Water), Glycerin, Caprylic/Capric Triglyceride, Cetearyl Olivate, Glycine Soja (Soybean) Oil, Phospholipids, Alcohol, Sorbitan Olivate, Lactose, Inulin, Vaccinium VitisIdaea Seed Oil, Lactic Acid, Arnica Montana Flower Extract, Algae Extract, Sodium Citrate, Sodium Hyaluronate, Tocopherol, Xanthan Gum, Lactis Proteinum (Milk Protein), AlphaGlucan Oligosaccharide, Phenoxyethanol, Aster Maritima/Tripolium Extract, Sodium Hydroxymethylglycinate, Sodium Carboxymethyl Betaglucan, Rumex Occidentalis Extract, Citrus Aurantium Amara (Bitter Orange) Flower Water Extract, Laminaria Ochroleuca Extract, Helianthus Annuus (Sunflower) Seed Oil, Rosmarinus Officinalis (Rosemary) Leaf Extract, Geraniol, Linalool.",168,13002,1.02,0.0,https://www.sephora.com/product/evercalm-anti-redness-serum-P399736?icid2=products%20grid:p399736,1.02,50.98039215686274
V Shaping Lift Serum,Clarins,facial-treatments,81.0,"Alcohol, Caprylic/ Capric Triglyceride, Glycerin, Propanediol, Butylene, Glycol, Dicaprylyl Carbonate, Caffeine, Acrylates/ C1030 Alkyl Acrylate Crosspolymer, Sodium Acrylates, Copolymer, Parfum/Fragrance, Hydrogenated Polyisobutene, Avena Sativa (Oat) Kernel Extract, Escin, Ethylhexylglycerin, Sodium Hyaluronate, Zingiber Zerumbet Extract, Phospholipids, Sodium Hydroxide, Polyglyceryl10 Stearate, Helianthus Annuus (Sunflower) Seed Oil, Disodium Edta, Sodium Benzoate, Agropyron Repens Root Extract, Ethylene Brassylate, Paullinia Cupana Seed Extract, Potassium Sorbate.",5,1824,1.6,0.0,https://www.sephora.com/product/v-shaping-lift-serum-P446111?icid2=products%20grid:p446111,1.6,50.625
"Proactiv Solution 3-Step Acne Treatment System, 30 Day Introductory Size",Proactiv,facial-treatments,35.0,"Ethoxydiglycol, Cyclotetrasiloxane, Cyclopentasiloxane, Cetearyl Alcohol, Dimethicone, Glyceryl Stearate, Peg100 Stearate, Propylene Glycol, Panthenol, Allantoin, Xanthan Gum, Ceteareth20, Carbomer, Sodium Hydroxide, Diazolidinyl Urea, Methylparaben, Propylparaben, Fragrance.",40,1844,0.0,0.0,https://www.sephora.com/product/proactiv-solution-3-step-acne-treatment-system-30-day-introductory-size-P440653?icid2=products%20grid:p440653,1.3220803357314155,26.473429075425226
EradiKate® Salicylic Acid Acne Treatment,Kate Somerville,facial-treatments,58.0,"Glycereth7 Trimethyl Ether, Cetyl Alcohol, Caprylic/Capric Triglyceride, Isopropyl Isostearate,Trimethylolpropane Tricaprylate/Tricaprate, Steareth21, Dimethicone, Glycereth18 Ethylhexanoate, Propanediol, Steareth2, Retinyl Propionate, Hexylresorcinol, Oligopeptide10, Proline, Hydroxyproline, Ethyl Linoleate, Sodium Hyaluronate, Saccharide Isomerate, Sodium PCA, Panthenol, Melaleuca Alternifolia Leaf Oil, Laminaria Digitata Extract, Boswellia Serrata Extract, Honey Extract, Oryza Sativa (Rice) Bran Extract, Chlorella Vulgaris Extract, Sea Glycerin, Butylene Glycol, Glycereth18, Trimethylpentanediol/Adipic Acid Copolymer, 1,2Hexanediol, Polyacrylate Crosspolymer6, Polymethylsilsesquioxane/Silica Crosspolymer, Aminomethyl Propanol, Caprylhydroxamic Acid, Disodium EDTA, Phenoxyethanol, Sodium Benzoate, Ethylhexylglycerin, Lavandula Angustifolia (Lavender) Oil, Disodium Carboxyethyl Siliconate, TButyl Alcohol, Linalool, Limonene, Iron Oxides (Ci 77491).",66,5695,1.0,0.0,https://www.sephora.com/product/eradikate-r-salicylic-acid-acne-treatment-P433468?icid2=products%20grid:p433468,1.0,58.0
BioLumin-C Vitamin C Serum,Dermalogica,facial-treatments,89.0,"Glycerin, Butylene Glycol, Ethoxydiglycol, Lactic Acid, Salvia Hispanica (Chia) Seed Extract, Sodium PCA, Palmitoyl Tripeptide5, Sophora Japonica Flower Extract, Ascorbyl Methylsilanol Pectinate, Sodium Hyaluronate, Tocopherol, Dipotassium Glycyrrhizate, Aminopropyl Ascorbyl Phosphate, Trehalose, Polyacrylate13, Propanediol, Citrus Grandis (Grapefruit) Peel Oil, Helianthus Annuus (Sunflower) Seed Oil, Polyisobutene, Methylpropanediol, Carrageenan, Pentylene Glycol, Glyceryl Polyacrylate, Caprylyl Glycol, Ethylhexylglycerin, Tetrasodium Glutamate Diacetate, Xanthan Gum, Polysorbate 20, Limonene, Sodium Hydroxide, Phenoxyethanol.",105,2296,1.0,0.0,https://www.sephora.com/product/biolumin-c-serum-P443370?icid2=products%20grid:p443370,1.0,89.0
High Potency Classics: Face Firming Serum,Perricone MD,facial-treatments,99.0,"Glycerin, Butylene Glycol, Ethoxydiglycol, Lactic Acid, Salvia Hispanica (Chia) Seed Extract, Sodium PCA, Palmitoyl Tripeptide5, Sophora Japonica Flower Extract, Ascorbyl Methylsilanol Pectinate, Sodium Hyaluronate, Tocopherol, Dipotassium Glycyrrhizate, Aminopropyl Ascorbyl Phosphate, Trehalose, Polyacrylate13, Propanediol, Citrus Grandis (Grapefruit) Peel Oil, Helianthus Annuus (Sunflower) Seed Oil, Polyisobutene, Methylpropanediol, Carrageenan, Pentylene Glycol, Glyceryl Polyacrylate, Caprylyl Glycol, Ethylhexylglycerin, Tetrasodium Glutamate Diacetate, Xanthan Gum, Polysorbate 20, Limonene, Sodium Hydroxide, Phenoxyethanol.",341,2954,2.0,0.0,https://www.sephora.com/product/high-potency-face-firming-activator-anti-aging-treatment-P397295?icid2=products%20grid:p397295,2.0,49.5
Clear Skin Days by Sephora Collection Clarifying Serum,SEPHORA COLLECTION,facial-treatments,12.0,"Aqua (Water), Propanediol, Glycolic Acid, Salicylic Acid, Sodium Hydroxide, Hydroxyethylcellulose, Phenoxyethanol, Ethylhexylglycerin, Trisodium Ethylenediamine Disuccinate, Leuconostoc/Radish Root Ferment Filtrate, Hyaluronic Acid.",80,5834,1.76,0.0,https://www.sephora.com/product/clarifying-serum-P446622?icid2=products%20grid:p446622,1.76,6.818181818181818
Breakout Fighters,Kate Somerville,facial-treatments,55.0,"Isocetyl Stearate, Pentaerythrityl Tetracaprylate/Tetracaprate, C1215 Alkyl Benzoate, Polyamide5, Xylitylglucoside, Anhydroxylitol, Xylitol, Dipalmitoyl Hydroxyproline, PEG/PPG18/18 Dimethicone, Behenyl Alcohol, Pullulan, Cetearyl Ethylhexanoate, Sodium Polyacrylate, Dimethicone, Cyclopentasiloxane, Butylene Glycol, Trideceth6, Algae Extract, Triethanolamine, Ahnfeltiopsis Concinna Extract, Ethylhexylglycerin, Phenoxyethanol, Adenosine.",31,9259,0.0,0.0,https://www.sephora.com/product/breakout-fighters-P436363?icid2=products%20grid:p436363,1.3220803357314155,41.60110283281107
Rejuvenating Anti-Aging Serum,Tata Harper,facial-treatments,120.0,"Aloe Barbadensis Leaf Juice*, Mangifera Indica (Mango) Seed Butter, Rosa Damascena Flower Water*, Caprylic/Capric Triglyceride, Olea Europaea (Olive) Oil*, Galactoarabinan, Glycerin, Cetearyl Alcohol, Carthamus Tinctorius (Safflower) Oleosomes*, Oryza Sativa (Rice) Extract*, Cetearyl Olivate, Centella Asiatica (Gotu Kola) Extract*, Leuconostoc Ferment Filtrate, Cetearyl Glucoside, Sorbitan Olivate, Rosa Rubiginosa Seed Oil*, Salix Alba (Willow) Bark Extract, Sclerotium Gum, Sodium Hyaluronate, Borago Officinalis (Borage) Leaf Extract*, Medicago Sativa (Alfalfa) Extract*, Phoenix Dactylifera (Date) Seed Extract, Arnica Montana (Arnica) Extract*, Sodium Phytate, Spiraea Ulmaria (Meadowsweet) Extract*, Tilia Europaea (Linden) Leaf/Flower Extract*, Calendula Officinalis (Calendula) Flower Extract*, Lavandula Stoechas (Spanish Lavender) Extract, Propanediol, Narcissus Tazetta (Daffodil) Bulb Extract*, Sambucus Nigra Fruit Extract, Menyanthes Trifoliata (Buckbean) Flower Extract, Aroma**, Citral, Citronellol, Eugenol, Geraniol, Limonene, Linalool. *Ingredients from organic farming. **Clinical grade essential oils blend.",200,6366,1.0,0.0,https://www.sephora.com/product/rejuvenating-serum-P379711?icid2=products%20grid:p379711,1.0,120.0
Premier Cru Anti-Aging Serum,Caudalie,facial-treatments,150.0,"Polyphenols, Viniferine, Vine Resveratrol, Vinergy Complex, Vine Resveratrol, Micro Hylaronic Acid Complex, GrapeSeed Polyphenols, Vinolevure, Macro Hyluronic Acid, White Peony Extract.",95,6492,1.0,0.0,https://www.sephora.com/product/premier-cru-serum-P427509?icid2=products%20grid:p427509,1.0,150.0
SEA Mermaid Skin Hyaluronic H2O Serum,tarte,facial-treatments,42.0,"Hydroxyethylcellulose, Sodium Hyaluronate, Disodium EDTA, Sodium Nitrate, Algae Extract, Calcium Pantothenate, Glycerin, Phenoxyethanol.",263,17224,0.0,1.7,https://www.sephora.com/product/sea-mermaid-skin-hyaluronic-h2o-serum-P430818?icid2=products%20grid:p430818,1.7,24.705882352941178
Clear + Brighten Kit,Dermalogica,facial-treatments,45.0,"Butylene Glycol, Hamamelis Virginiana (Witch Hazel) Isopropyl Lauroyl Sarcosinate, Niacinamide, Propanediol, Salicylic Acid, Polyacrylate Crosspolymer6, Caprylyl Methicone, Glycereth26, Saccharide Isomerate, Hexylresorcinol, Salvia Sclarea (Clary) Oil, Malic Acid, Aloe Barbadensis Leaf Extract, Salvia Sclarea (Clary) Extract, Lavandula Angustifolia (Lavender) Oil, Citrus Limon (Lemon) Peel Oil, Rosmarinus Officinalis (Rosemary) Leaf Oil, Lavandula Hybrida Oil, Sclerotium Gum, Sodium Carrageenan, Thymol, Terpineol, Pullulan, Lecithin, Glycerin, Dimethyl Isosorbide, PEG12 Dimethicone/PPG20 Crosspolymer, Xanthan Gum, Sodium Citrate, Ethylhexylglycerin, Tetrasodium Glutamate Diacetate, Silica, Tocopherol, Sea Salt, Potassium Sorbate, Sodium Benzoate, Sodium Hydroxide, Citric Acid, Benzoic Acid, Aminomethyl Propanol, Limonene, Linalool, Phenoxyethanol.",10,2826,0.0,0.0,https://www.sephora.com/product/clear-brighten-kit-P446937?icid2=products%20grid:p446937,1.3220803357314155,34.03726595411815
Bakuchiol Retinol Alternative Moisturizer,The INKEY List,facial-treatments,9.99,"Water (Aqua), Squalane, Glycerin, Propanediol, Plukenetia Volubilis Seed Oil (Sacha Inchi oil), Dicaprylyl Carbonate, Bakuchiol, Phenoxyethanol, Sodium Caproyl Prolinate, Hydroxyethyl Acrylate/Sodium Acryloyldimethyl Taurate Copolymer, Carbomer, Sodium Hydroxide, Ethylhexylglycerin, Sodium Stearoyl Glutamate, Polysorbate 60, Phytic Acid, Glyceryl Polyacrylate, Sorbitan Isostearate, Tocopherol.",146,3692,1.0,0.0,https://www.sephora.com/product/bakuchiol-P447778?icid2=products%20grid:p447778,1.0,9.99
Strawberry-C Brightening Serum,Volition Beauty,facial-treatments,42.0,"Cucumis Sativus (Cucumber) Fruit Glycerin, Leuconostoc/Radish Root Ferment Filtrate, Fragaria Ananassa (Strawberry) Seed Extract, Fragaria Vesca (Strawberry) Fruit Extract, Sea Sodium Hyaluronate, Panthenol, 3OEthyl Ascorbic Acid, Terminalia Ferdinandiana Fruit Extract, Propanediol, Bentonite, Picea Abies Extract, Carbomer, Aminomethyl Propanol, Sodium Citrate, Sodium Phytate, Leuconostoc Ferment Filtrate, Citric Acid, Iron Oxides (CI 77491), Iron Oxides (CI 77499).",372,27819,1.0,0.0,https://www.sephora.com/product/strawberry-c-serum-P442011?icid2=products%20grid:p442011,1.0,42.0
Green Tea Seed Intensive Hydrating Serum,innisfree,facial-treatments,27.0,"Water / Aqua / Eau, Propanediol, Alcohol, Glycerin, Betaine, 1,2Hexanediol, Saccharide Isomerate, Camellia Sinensis Seed Oil, Cetearyl Olivate, Hydrogenated Lecithin, Sorbitan Olivate, Acrylates/C1030 Alkyl Acrylate Crosspolymer, Fragrance / Parfum, Panthenol, Hydroxyethyl Acrylate/Sodium Acryloyldimethyl Taurate Copolymer, Tromethamine, Ceratonia Siliqua Gum, Ethylhexylglycerin, Disodium Edta, Camellia Sinensis Leaf Extract, Dextrin, Theobroma Cacao (Cocoa) Extract, Sorbitan Isostearate, Sodium Citrate, Citric Acid, Sucrose.",589,6716,2.7,0.0,https://www.sephora.com/product/green-tea-seed-intensive-hydrating-serum-P448212?icid2=products%20grid:p448212,2.7,10.0
AGE Bright Clearing Serum,Dermalogica,facial-treatments,65.0,"Niacinamide, Butylene Glycol, PEG40 Hydrogenated Castor Oil, Salicylic Acid, Lentinus Edodes Mycelium Extract, Glyceryl Glucoside, Salvia Sclarea (Clary) Oil, Phytic Acid, Terpineol,  Thymol, Citrus Aurantium Dulcis (Orange) Peel Oil, Rosmarinus Officinalis (Rosemary) Leaf Oil, Lavandula Hybrida Oil, Pelargonium Graveolens Flower Oil, Lavandula Angustifolia (Lavender) Oil, Citrus Limon (Lemon) Peel Oi, Polydextrose, Glycerin, Dextrin, Amylopectin, Caprylyl Glycol, Ethylhexylglycerin, Xanthan Gum, Pentylene  Glycol, Sodium  Hydroxide, lsoamyl Laurate, Limonene, Linalool, Geraniol, Citronellol, Phenoxyethanol.",118,4459,1.0,0.0,https://www.sephora.com/product/age-bright-clearing-serum-P445833?icid2=products%20grid:p445833,1.0,65.0
Turbo Booster C Powder,philosophy,facial-treatments,39.0,"Ascorbic Acid, Panthenol, Zinc Pca, Copper Pca, Camellia Oleifera Leaf Juice, Dipotassium Glycyrrhizinate, Arginine, Cysteine, Aloe Barbadensis Leaf Juice.",782,16131,0.25,0.0,https://www.sephora.com/product/turbo-booster-c-powder-P204606?icid2=products%20grid:p204606,0.25,156.0
Capture Youth Plump Filler Age-Delay Plumping Serum,Dior,facial-treatments,95.0,"Aqua (Water), Glycerin, Dimethicone, Phenoxyethanol, Sodium Hyaluronate, Butylene Glycol, Dimethicone/Vinyl Dimethicone Crosspolymer, Acrylates/C1030 Alkyl Acrylate Crosspolymer, Caprylyl Glycol, Hyaluronic Acid, Parfum (Fragrance), Peg60 Hydrogenated Castor Oil, Alpinia Galanga Leaf Extract, Xanthan Gum, Sodium Hydroxide, Disodium Edta, Adenosine, Sodium Dilauramidoglutamide Lysine, Sodium Tocopheryl Phosphate, Caprylic/Capric Triglyceride, Iris Florentina Root Extract, Bht, Tocopherol.",9,0,1.0,0.0,https://www.sephora.com/product/capture-youth-plump-filler-age-delay-plumping-serum-P427732?icid2=products%20grid:p427732,1.0,95.0
Facial Radiance® AHA Intensive Peel,First Aid Beauty,facial-treatments,32.0,"Aqua (Eau), Kaolin, Silt, Bentonite, Sorbitol, Butylene Glycol, Lactic Acid, Silica, Ethoxydiglycol, Titanium Dioxide, Sodium Hydroxide, Camellia Sinensis Leaf Extract, Chrysanthemum Parthenium (Feverfew) Extract, Glycyrrhiza Glabra (Licorice) Root Extract, Mucor Miehei Extract, Lavandula Angustifolia (Lavender) Flower Extract, Spirulina Platensis Powder, Epilobium Angustifolium Flower/Leaf/Stem Extract, Charcoal Powder, Citrus Grandis (Grapefruit) Seed Extract, Glycerin, Simmondsia Chinensis (Jojoba) Seed Oil, Capryloyl Salicylic Acid, Salicylic Acid, Glyceryl Citrate/Lactate/Linoleate/Oleate, Polyglyceryl4 Cocoate, Polyglyceryl3 Caprate, Glyceryl Caprylate, Xanthan Gum, Caprylyl Glycol, 1,2Hexanediol, Trisodium Ethylenediamine Disuccinate, Polyacrylate Crosspolymer6, Ceteth25, Oleth10, Citric Acid, Quartz, Sorbic Acid, Dehydroacetic Acid, Benzyl Alcohol, Benzoic Acid, tButyl Alcohol, Aluminum Hydroxide, Phenoxyethanol, Sodium Benzoate, Potassium Sorbate, CI 77289 (Chromium Hydroxide Green).",294,21677,2.0,0.0,https://www.sephora.com/product/facial-radiance-intensive-peel-P409707?icid2=products%20grid:p409707,2.0,16.0
Pore Targeting Treatment,Proactiv,facial-treatments,60.0,"Ethoxydiglycol, Glycerin, Prunus Amygdalus Dulcis (Sweet Almond) Oil, Polysorbate 80, Polysorbate 60, Sorbitan Stearate, Carbomer, Potassium Hydroxide, Disodium EDTA, Fragrance.",51,733,3.0,0.0,https://www.sephora.com/product/pore-targeting-treatment-P440064?icid2=products%20grid:p440064,3.0,20.0
Diorsnow Brightening Refining Moist Cloud Crème,Dior,facial-treatments,125.0,"Aqua (Water), Glycerin, Propylene Glycol Dicaprylate/Dicaprate, Butylene Glycol, Pentylene Glycol, Alcohol, Caprylic/Capric Triglyceride, Ascorbyl Glucoside, Vinyl Dimethicone/Methicone Silsesquioxane Crosspolymer, Dimethicone, Tromethamine, Steareth21, Cetyl Alcohol, Stearyl Alcohol, Phenoxyethanol, Acrylates/C1030 Alkyl Acrylate Crosspolymer, Sodium Citrate, Steareth2, Parfum (Fragrance), Dipotassium Glycyrrhizate, Tetrasodium Edta, Xanthan Gum, Cellulose, Silica, Ci 77891 (Titanium Dioxide), Malva Sylvestris (Mallow) Extract, Citrus Unshiu Peel Extract, Glucosyl Hesperidin, Faex (Yeast Extract), Citric Acid, Carbomer, Aluminum Hydroxide, Leontopodium Alpinum Extract, Sodium Stearate, AlphaIsomethyl Ionone, Linalool, Citronellol, Potassium Sorbate, Atelocollagen, Stearic Acid, Zinc Gluconate, Sodium Hyaluronate, Sodium Chloride, Ethylhexylglycerin, Sodium Benzoate, Bht, Hydrated Silica, Hydrogen Dimethicone, Sodium Dna, Ci 14700 (Red 4), Disodium Phosphate, Ergothioneine, Potassium Chloride, Potassium Phosphate.",14,2808,1.7,0.0,https://www.sephora.com/product/diorsnow-brightening-refining-moist-cloud-cr-me-P417602?icid2=products%20grid:p417602,1.7,73.52941176470588
Replenishing Multi-Acid Peel,Murad,facial-treatments,65.0,"Caprylic/Capric Triglyceride, C1316 Isoparaffin, Glycolic Acid, Simmondsia Chinensis (Jojoba) Seed Oil, Triolein, Glycerin, Sodium Hydroxide, Propylene Glycol Caprylate, Lactic Acid, Malic Acid, Tranexamic Acid, Salicylic Acid, Sodium Hyaluronate, Bisabolol, Tocopheryl Acetate, Ocimum Sanctum Leaf Extract, Melia Azadirachta Leaf Extract, Melia Azadirachta Flower Extract, Amino Esters1, Amber Powder, Coccinia Indica Fruit Extract, Solanum Melongena (Eggplant) Fruit Extract, Curcuma Longa (Turmeric) Root Extract, Corallina Officinalis Extract, Moringa Oleifera Seed Oil, Urea, Yeast Amino Acids, Trehalose, Inositol, Taurine, Betaine, Caprylhydroxamic Acid, Propanediol, 1,2 Hexanedio.",321,5136,3.3,0.0,https://www.sephora.com/product/replenishing-multi-acid-peel-P444970?icid2=products%20grid:p444970,3.3,19.6969696969697
Fruit-Tox Resurfacing Facial Remedy,Naturally Serious,facial-treatments,30.0,"Kaolin, Glycerin, C912 Alkane, Hydrated Silica, Caprylic/Capric Triglyceride, Butyrospermum Parkii (Shea) Butter, Pumice, Glyceryl Stearate SE, Vaccinium Myrtillus Fruit/Leaf Extract, Cetearyl Alcohol, Magnesium Aluminum Silicate, Propanediol, Stearic Acid, Pentylene Glycol, Saccharum Officinarum (Sugar Cane) Extract, Volcanic Sand, Citrus Aurantium Dulcis (Orange) Fruit Extract, Citrus Limon (Lemon) Fruit Extract, Acer Saccharum (Sugar Maple) Extract, Aspalathus Linearis Leaf Extract, Lycium Barbarum Fruit Extract, Punica Granatum Extract, Vitis Vinifera (Grape) Seed Extract, Leuconostoc/Radish Root Ferment Filtrate, Camellia Sinensis Leaf Extract, Avena Sativa (Oat) Kernel Flour, Allantoin, Ceramide NP, Sodium Hyaluronate, Tocopherol, Sodium Phytate, Sodium PCA, Palmitic Acid, CocoCaprylate/Caprate, Cetearyl Olivate, Cetearyl Glucoside, Sorbitan Olivate, Linoleic Acid, Lecithin, Phytosteryl Canola Glycerides, Oleic Acid, Triolein, Phenethyl Alcohol, Limonene, Linalool, Citral, Citronellol, Geraniol, Fragrance/Parfum*, Titanium Dioxide (CI 77891), Zinc Oxide (CI 77947).",29,3168,3.4,0.0,https://www.sephora.com/product/fruit-tox-resurfacing-facial-remedy-P444984?icid2=products%20grid:p444984,3.4,8.823529411764707
Skin Rescue Acne Clearing Pads with White Clay,First Aid Beauty,facial-treatments,30.0,"Polysorbate 80, Phenoxyethanol, Sodium Hydroxide, Glycerin, Sodium Citrate, Kaolin, Salix Nigra (Willow) Bark Extract, Butylene Glycol, Rosmarinus Officinalis (Rosemary) Leaf Essential Oil, Potassium Sorbate, Sodium Benzoate, Camellia Sinensis Leaf Extract, Chrysanthemum Parthenium (Feverfew) Extract, Glycyrrhiza Glabra (Licorice) Root Extract, Capryloyl Glycine, Hexylene Glycol, Symphytum Officinale Leaf Extract, Melaleuca Alternifolia (Tea Tree) Leaf Oil, Sarcosine, Leuconostoc/Radish Root Ferment Filtrate, Enantia Chlorantha Bark Extract, Epilobium Angustifolium Flower/Leaf/Stem Extract, Cinnamomum Zeylanicum Bark Extract, Xanthan Gum, dLimonene, Oleanolic Acid",84,6514,0.0,0.0,https://www.sephora.com/product/skin-rescue-acne-clearing-pads-with-white-clay-P430140?icid2=products%20grid:p430140,1.3220803357314155,22.691510636078768
City Sunscreen Serum SPF 30,Supergoop!,facial-treatments,42.0,"Purified Cyclomethicone, Isostearyl Neopentanoate, Glycerin, Ceteareth–20, Polypropylene, Cetearyl Alcohol, Xanthan Gum, dPanthenol, Octanohydroxamic acid, Caprylyl Glycol, Silica, Triacontanyl PVP, Cetyl Dimethicone, Ammonium Acryloyldimethyltaurate/VP Copolymer, PEG40 Stearate, Tocopherol, Disodium EDTA, Pentylene Glycol, Panthenyl Triacetate, Sodium Lactate, Lactic Acid, Serine, Urea, Sorbitol, Sodium Chloride, Allantoin, Oleyl Alcohol, Ethyl Linoleate.",288,10986,2.0,0.0,https://www.sephora.com/product/city-sunscreen-serum-spf-30-P282915?icid2=products%20grid:p282915,2.0,21.0
White Lucent Illuminating Micro-Spot Serum,Shiseido,facial-treatments,190.0,"Water (Aqua/Eau), Butylene Glycol, Glycerin, Dipropylene Glycol, Potassium Methoxysalicylate, Dimethicone, Behenyl Alcohol, Triethylhexanoin, Diphenylsiloxy Phenyl Trimethicone, Talc, Batyl Alcohol, Diisostearyl Malate, Phenoxyethanol, Peg6, Peg32, Behenic Acid, Peg60 Glyceryl Isostearate, Peg10 Dimethicone, Sodium Metaphosphate,  Disodium Edta, Tocopheryl Acetate, Peg/Ppg17/4 Dimethyl Ether, Phytosteryl/Octyldodecyl Lauroyl Glutamate, Silica, Sodium Citrate, Alumina, Potassium Hydroxide, Succinoglycan,  Peg/Ppg14/7 Dimethyl Ether, Dipotassium Glycyrrhizate, 2OEthyl Ascorbic Acid, Xanthan Gum,  Titanium Dioxide (Ci 77891), Alcohol, Fragrance (Parfum), Caffeine, Sodium Metabisulfite, Citric Acid, Linalool, Tocopherol, Citronellol, Geraniol, Angelica Keiskei Leaf/Stem Extract, Crataegus Monogyna Flower Extract, Limonene, Cellulose, Pancratium Maritimum Extract, Rehmannia Chinensis Root Extract, Artemisia Princeps Leaf Extract,  Prunus Yedoensis Leaf Extract, Ziziphus Jujuba Fruit Extract, Pyrola Incarnata Extract, Potentilla Erecta Root Extract.",0,218,0.0,1.6,https://www.sephora.com/product/shiseido-white-lucent-illuminating-micro-spot-serum-P455229?icid2=products%20grid:p455229,1.6,118.75
Watermelon Brightening Serum,MILK MAKEUP,facial-treatments,36.0,"Butylene Glycol, BisPeg18 Methyl Ether Dimethyl Silane, Sodium Stearate, Pentylene Glycol, Glycerin, Oleth2, Citrus Aurantium Amara (Bitter Orange) Flower Citrullus Vulgaris (Watermelon) Fruit Extract, Fragaria Vesca (Strawberry) Fruit Extract, Pyrus Malus (Apple) Fruit Extract, Lens Esculenta (Lentil) Fruit Extract, Lens Esculenta (Lentil) Seed Extract, Cichorium Intybus (Chicory) Root Extract, Prunus Domestica Fruit Extract, Opuntia FicusIndica Stem Extract, Lepidium Sativum Sprout Extract, Acacia Senegal Gum, Sea Tocopheryl Acetate, Retinyl Palmitate, Acsorbyl Palmitate, Sodium Lactate, Hydrolyzed Rice Protein, Lecithin, Sodium PCA, Polysorbate 20, Palmitoyl Tetrapeptide7, Phospholipids, Palmitoyl Tripeptide1, Sodium Hyaluronate, Ethylhexylglycerin, Xanthan Gum, Salicylic Acid, Stearic Acid, Carbomer, Ascorbic Acid, Citric Acid, Hexylene Glycol, Caprylyl Glycol, Sorbic Acid, Sodium Benzoate, Potassium Sorbate, Phenoxyethanol, Chlorphenesin, Red 40 (Ci 16035), Yellow 5 (Ci 19140).",225,25934,0.0,1.2,https://www.sephora.com/product/watermelon-brightening-serum-P430903?icid2=products%20grid:p430903,1.2,30.0
Vitamin C Brightening Cream,The INKEY List,facial-treatments,9.99,"Dimethicone, Ascorbic Acid, Polysilicone11, Peg10 Dimethicone.",234,5409,1.0,0.0,https://www.sephora.com/product/vitamin-c-cream-P443841?icid2=products%20grid:p443841,1.0,9.99
Golden Krocus Ageless Saffron Elixir Serum,KORRES,facial-treatments,98.0,"Alcohol Denat.,Pentylene Glycol, Glycerin, Polyglyceryl5 Laurate, PropanediolAlphaIsomethyl Ionone, Avena Sativa (Oat) Kernel Extract, Benzyl Alcohol, Benzyl Salicylate, Caprylyl Glycol, Ci77891/Titanium Dioxide, Citral, Copper Lysinate/Prolinate, Crocus Sativus Stigma Extract, Glyceryl Acrylate/Acrylic Acid Copolymer, Hexapeptide11, Hydrolyzed Sodium Hyaluronate, Lactic Acid, Limonene, Linalool, Lonicera Caprifolium (Honeysuckle) Flower Extract, Lonicera Japonica (Honeysuckle) Flower Extract, Methylglucoside Phosphate, Mica, Fragrance, Phenoxyethanol, Polyacrylate Crosspolymer6, Sodium Benzoate, Sodium Carboxymethyl BetaGlucan, Sodium Hyaluronate, Tamarindus Indica Seed Gum, Xanthan Gum",357,11113,1.01,0.0,https://www.sephora.com/product/golden-krocus-ageless-saffron-elixir-serum-P406773?icid2=products%20grid:p406773,1.01,97.02970297029702
Keep Young And Beautiful™ Instant Firming Beauty Shot,REN Clean Skincare,facial-treatments,62.0,"REN products are free from synthetic fragrance, poreblocking petrochemicals, sulfate detergents, silicones, synthetic colors, animal ingredients and parabens. In addition, REN products do not contain potential irritants including: glycols and diglycols (such as propylene glycol), PEG's, PPGs, urea, D.E.A, T.E.A, PABA, and other synthetic sunscreens, aliphatic alcohols/hydrocarbons, phthalates, fumarates, amines, alkanolamines, synthetic AHAs/BHAs, polyacrylamide, metacrylate, elastomer, poloxamer, styrene, vinyl, polyquaternium, synthetic chelating agents, nylon, nitriles, nitrates, nitrosamine releasers, bromates, fluor, aluminum and alumina.",226,13684,1.02,0.0,https://www.sephora.com/product/keep-young-beautiful-tm-instant-firming-beauty-shot-P391761?icid2=products%20grid:p391761,1.02,60.78431372549019
AGE Bright Spot Fader,Dermalogica,facial-treatments,45.0,"Butylene Glycol, Hamamelis Virginiana (Witch Hazel) lsopropyl Lauroyl Sarcosinate, Niacinamide, Propanediol,  Salicylic  Acid, Polyacrylate Crosspolymer6, Caprylyl  Methicone,  Glycereth26, Saccharide lsomerate, Hexylresorcinol, Salvia Sclarea (Clary) Oil, Malic Acid, Aloe Barbadensis Leaf Extract, Salvia Sclarea (Clary) Extract, Lavandula Angustifolia (Lavender) Oil, Citrus Limon (Lemon) Peel Oil, Rosmarinus Officinalis (Rosemary) Leaf Oil, Lavandula Hybrida Oil, Sclerotium Gum, Sodium Carrageenan, Thymol, Terpineol, Pullulan, Lecithin, Glycerin, Dimethyl lsosorbide, PEG12 Dimethicone/PPG20 Crosspolymer, Xanthan Gum, Sodium Citrate, Ethylhexylglycerin, Tetrasodium Glutamate Diacetate, Silica, Tocopherol, Sea Salt, Potassium Sorbate, Sodium Benzoate, Sodium Hydroxide, Citric Acid, Benzoic Acid, Aminomethyl Propanol, Limonene, Linalool, Phenoxyethanol.",74,3710,0.5,0.0,https://www.sephora.com/product/age-bright-spot-fader-P445831?icid2=products%20grid:p445831,0.5,90.0
Alpha Arbutin Brightening Serum,The INKEY List,facial-treatments,11.99,"Butylene Glycol, Propanediol, Glycerin, AlphaArbutin, DicaprylylCarbonate, Caprylic/Capric Triglyceride, Leuconostoc/Radish Root Ferment Filtrate, Hyaluronic Acid, Phenoxyethanol, Hydroxyethyl Acrylate/ Sodium Acryloyldimethyl Taurate Copolymer, Caprylyl Glycol, Squalane, Phospholipids, Glycine Soja (Soybean) Extract, Carbomer, Polysorbate 60, Disodium EDTA, Sodium Hydroxide, Glycolipids, Glycine Soja (Soybean) Sterol, Tetrapeptide 30.",48,3131,1.0,0.0,https://www.sephora.com/product/alpha-arbutin-P448537?icid2=products%20grid:p448537,1.0,11.99
Magnesium Ascorbyl Phosphate 10%,The Ordinary,facial-treatments,9.6,"Coco Caprylate/Caprate, Magnesium Ascorbyl Phosphate, Isodecyl Neopentanoate, Plukenetia Volubilis Seed Oil, Coconut Alkanes, Disteardimonium Hectorite, Polyglyceryl3 Diisostearate, Polyglycerol3 Polyricinoleate, Glycerin, Hexamethyldisiloxane, Terminalia Ferdinandiana Fruit Extract, Tocopherol, Sodium Chloride, Phenoxyethanol, Chlorphenesin.",19,8787,1.0,0.0,https://www.sephora.com/product/magnesium-ascorbyl-phosphate-10-P447599?icid2=products%20grid:p447599,1.0,9.6
35% Vitamin C Face Serum,SOBEL SKIN Rx,facial-treatments,105.0,"Purified Tetrahexyldecyl Ascorbate, Sodium Ascorbyl Phosphate, Magnesium Ascorbyl Phosphate, PEG8 Dimethicone, Glycerin, Chondrus Chrispus Extract, Sodium Hyaluronate, Phenoxyethanol, Ethylhexylglycerin, Hydroxyethylcellulose.",185,282,1.0,0.0,https://www.sephora.com/product/sobel-skin-rx-35-vitamin-c-face-serum-P451746?icid2=products%20grid:p451746,1.0,105.0
OMG! Omega The Great Fish Oil Supplement,HUM Nutrition,facial-treatments,30.0,"Mega 3 Fish Oil Including EPA and DHA, Vitamin E, Gelatin, Purified Glycerin.",56,8658,0.0,0.0,https://www.sephora.com/product/omg-omega-great-supplements-P386760?icid2=products%20grid:p386760,1.3220803357314155,22.691510636078768
GENIUS Ultimate Anti-Aging Vitamin C+ Serum,Algenist,facial-treatments,118.0,"Glycerin, Butylene Glycol, 3OEthyl Ascorbic Acid, Polymethylsilsesquioxane, Sodium Citrate, Hydroxyethyl Acrylate/Sodium Acryloyldimethyl Taurate Copolymer, Niacinamide, Ethoxydiglycol, Algae Exopolysaccharides, Chlorella Protothecoides Oil, Vinyl Dimethicone/ Methicone Silsesquioxane Crosspolymer, Citric Acid, Algae Extract, Peg12 Dimethicone, Palmitoyl Oligopeptide, Palmitoyl Tetrapeptide7, Caprylyl Glycol, Xanthan Gum, Vegetable Collagen, Ethylhexylglycerin, Hexylene Glycol, Disodium EDTA, Plantago Lanceolata Leaf Extract, Sorbitan Isostearate, Polysorbate 60, Sodium Lauroyl Lactylate, Carbomer, Polysorbate 20, Ceramide NP, Ceramide AP, Ceramide EOP, Phytosphingosine, Cholesterol, Leuconostoc/Radish Root Ferment Filtrate, Phenoxyethanol, Fragrance, Coumarin",222,8734,1.0,0.0,https://www.sephora.com/product/genius-ultimate-anti-aging-vitamin-c-serum-P392945?icid2=products%20grid:p392945,1.0,118.0
Ultracalming Serum Concentrate,Dermalogica,facial-treatments,60.0,"Glycerin, Cyclopentasiloxane, Caprylic/Capric Triglyceride, Oenothera Biennis (Evening Primrose) Oil, Dimethicone, Behenyl Alcohol, Butylene Glycol, Cetearyl Alcohol, Leuconostoc/Radish Root Ferment Filtrate, Portulaca Oleracea Extract, Ophiopogon Japonicas Root Extract, Avena Sativa (Oat) Kernel Extract, CocoGlucoside, Acetyl Tetrapeptide15, Pentylene Glycol, Hydroxyphenyl Propamidobenzoic Acid, Cetyl Ethylhexanoate, Bisabolol, Zingiber Officinale (Ginger) Root Extract, Boerhavia Diffusa Root Extract, Persea Gratissima (Avocado) Oil, Phytosterols, Helianthus Annuus (Sunflower) Seed Extract, Decyl Glucoside, Salvia Officinalis (Sage) Oil, Sodium Hyaluronate, Polysorbate 60, Limonene, Linalool.",24,3406,1.3,0.0,https://www.sephora.com/product/ultracalming-serum-concentrate-P423125?icid2=products%20grid:p423125,1.3,46.15384615384615
Argan Smooth Skin Resurfacing Serum,Josie Maran,facial-treatments,70.0,"Argania Spinosa (Argan Kernel Oil), Olely Lactate, Coconut Alkanes, CocoCaprylate/Caprate, Octyldodecyl Pca, Glyceryl Oleate, Isostearyl Lactate, Brassica Capestris (Rapeseed) Seed Oil, Opuntia FicusIndica Flower Extract, Camelina Sativa Seed Oil, Isosorbide Disunflowerseedate.",475,2455,0.85,0.0,https://www.sephora.com/product/argan-smooth-skin-resurfacing-serum-P446640?icid2=products%20grid:p446640,0.85,82.3529411764706
Repairwear Laser Focus ,CLINIQUE,facial-treatments,51.5,"Dimethicone, Butylene Glycol, Methyl Trimethicone, Vinyl Dimethicone/Methicone Silsesquioxane Crosspolymer, Polysorbate 20, BisPeg18 Methyl Ether Dimethyl Silane, Glycerin, Silica, Polymethylsilsesquioxane, Lauryl Peg9 Polydimethylsiloxyethyl Dimethicone, Methyl Gluceth20, Polysilicone11, Sigesbeckia Orientalis (St. Paul'S Wort) Extract, Salvia Sclarea (Clary) Extract, Acetyl Glucosamine, Plankton Extract, Whey Protein\Lactis Protein\Protéine Du PetitLait, Sea Whip Extract, Arabidopsis Thaliana Extract, Caffeine, Acetyl Hexapeptide8, Glycine Soja (Soybean) Protein, Sodium Hyaluronate, Micrococcus Lysate, Palmitoyl Oligopeptide, Ergothioneine, Aminopropyl Ascorbyl Phosphate, Caprylyl Glycol, Ethylhexylglycerin, Tocopheryl Acetate, Cholesterol, Glyceryl Polymethacrylate, Sodium Hydroxide, Lecithin, Carbomer, Peg8, Xanthan Gum, Citric Acid, Disodium Edta, Phenoxyethanol.",653,11333,0.0,1.0,https://www.sephora.com/product/repairwear-laser-focus-P268300?icid2=products%20grid:p268300,1.0,51.5
Elixir Vitae Serum Wrinkle Solution,Tata Harper,facial-treatments,450.0,"Hordeum Vulgare Leaf Juice*, Glycerin, Propanediol, Caprylic/Capric Triglyceride, Simmondsia Chinensis Seed Oil, Rosa Damascena Flower Water*, Cocos Nucifera (Coconut) Fruit Extract, Glyceryl Stearate SE, Silybum Marianum Ethyl Ester, Denatured Alcohol, Arachidyl Alcohol, Cetyl Alcohol, Helianthus Annuus (Sunflower) Seed Wax, Cetearyl Olivate, Aroma**, Glyceryl Undecylenate, Leucojum Aestivum (Summer Snowflake) Bulb Extract, Acmella Oleracea (Spilanthes) Extract, Voandzeia Subterranea Seed Extract, Sodium Hyaluronate, Hyaluronic Acid, Carthamus Tinctorius (Safflower) Oleosomes*, Cassia Alata Leaf Extract, Citrus Aurantium Dulcis (Orange) Flower Extract, Punica Granatum Extract, Dunaliella Salince Extract, Lavandula Stoechas (Spanish Lavender) Extract, Ascophyllum Nodosum Extract, Anogeissus Leiocarpus Bark Extract, Sambucus Nigra Fruit Extract, Glyceryl Caprylate, Saccharide Isomerate, Arachidyl Glucoside, Pistacia Lentiscus Gum, Narcissus Tazetta (Daffodil) Bulb Extract*, Menyanthes Trifoliata Leaf Extract, Hydrolyzed Algae Extract, Centella Asiatica Extract, Diglucosyl Gallic Acid, Camellia Oleifera Seed Oil*, Camellia Sinensis (Green Tea) Seed Oil*, Hippophae Rhamnoides (Sea Buckthorn) Oil*, Oenothera Biennis (Evening Primrose) Oil*, Opuntia Ficus Indica*, Santalum Spicatum Seed Oil, Plukenetia Volubilis Seed Oil*, Helianthus Annuus (Sunflower) Seed Oil, Argania Spinosa Fruit Extract, Rosa Rubiginosa Seed Oil*, Salix Alba (Willow) Bark Extract, Stevioside, Euterpe Oleracea (Acai) Fruit Oil*, Olea Europaea (Olive) Oil*, Hydrolyzed Algin, Rosmarinyl Glucoside, Caffeyl Glucoside, Gallyl Glucoside, Algae Extract, Squalane, Vitis Vinifera Grape Juice Extract, Pancratium Maritimum Extract, Phoenix Dactylifera (Date) Seed Extract, Yeast, Arnica Montana (Arnica) Extract*, Borago Officinalis (Borage) Leaf Extract*, Calendula Officinalis (Calendula) Flower Extract*, Medicago Sativa (Alfalfa) Extract*, Spiraea Ulmaria (Meadowsweet) Extract*, Tocopherol, Leuconostoc/Radish Root Ferment Filtrate, Xanthan Gum, Acacia Senegal Gum, Lauryl Glucoside, Sorbitol, Dicaprylyl Ether, Polyglyceryl2 Dipolyhydroxystearate, Sorbitan Olivate, Maltodextrin, Behenyl Alcohol, Citric Acid, Sodium Citrate, Benzyl Alcohol, Benzyl Benzoate, Citral, Citronellol, Eugenol, Geraniol, Limonene, Linalool. *From organic farming.",4,546,1.0,0.0,https://www.sephora.com/product/elixir-vitae-serum-wrinkle-solution-P449166?icid2=products%20grid:p449166,1.0,450.0
FAB Skin Lab Retinol Serum 0.25% Pure Concentrate,First Aid Beauty,facial-treatments,58.0,"Aqua (Eau), Caprylic/Capric Triglyceride, Polysorbate 80, Butylene Glycol, Persea Gratissima (Avocado) Oil, Dimethicone, Glycerin,  Retinol,  Magnesium Ascorbyl Phosphate,  Tocopherol, Ceramide NP, Hydrolyzed Hyaluronic Acid, Colloidal Oatmeal, Acetyl Hexapeptide8, Aloe Barbadensis Leaf Juice, Triolein, Allantoin, Phytosteryl Canola Glycerides, Oleic Acid, Palmitic Acid, Linoleic Acid, Maltodextrin, Glycine Soja (Soybean) Oil, Acrylates/C1030 Alkyl Acrylate Crosspolymer, Xanthan Gum, Lecithin, Polysorbate 20, Stearic Acid, Leuconostoc/Radish Root Ferment Filtrate, Phenoxyethanol, Sodium Benzoate, Sodium Hydroxide, Citric Acid, Potassium Sorbate.",91,12074,1.0,0.0,https://www.sephora.com/product/fab-skin-lab-retinol-serum-0-25-pure-concentrate-P416825?icid2=products%20grid:p416825,1.0,58.0
Ceramide Hydrating Night Treatment,The INKEY List,facial-treatments,14.99,"Butylene Glycol, Glycerin, Sodium Hyaluronate, Simmondsia Chinensis (Jojoba) Seed Oil, Carbomer, Phenoxyethanol, Hydroxyethyl Acrylate/Sodium Acryloyldimethyl Taurate Copolymer, Benzyl Alcohol, Squalane, Sodium Lauroyl Lactylate, Sodium PCA, Sodium Hydroxide, Sodium Stearoyl Glutamate, Sodium Lactate, Arginine, Aspartic Acid, Ethylhexylglycerin, Sodium Gluconate, PCA, Polysorbate 60, Dehydroacetic Acid, Ceramide NP, Glycine, Alanine, Sorbitan Isostearate, Ceramide AP, Phytosphingosine, Serine, Cholesterol, Valine, Xanthan Gum, Isoleucine, Proline, Threonine, Histidine, Phenylalanine, Ceramide EOP.",7,3542,1.0,0.0,https://www.sephora.com/product/ceramide-night-treatment-P450244?icid2=products%20grid:p450244,1.0,14.99
Blackhead Dissolving Gel,Proactiv,facial-treatments,35.0,"Dimethicone, Cyclopentasiloxane, Glycereth26, Glycerin, Cyclohexasiloxane, PEG80 Sorbitan Laurate, Dimethiconol, Polyacrylate13, Panthenol, Aloe Barbadensis Leaf Juice, Butyrospermum Parkii (Shea) Butter, Camellia Sinensis Leaf Extract, Polyisobutene, Caprylyl Glycol, Ethylhexylglycerin, Hexylene Glycol, Bisabolol, Polysorbate 20, PPG26Buteth26, PEG40 Hydrogenated Castor Oil, Butyl Methoxydibenzoylmethane, Ethylhexyl Methoxycinnamate, Ethylhexyl Salicylate, Lactic Acid, Phenoxyethanol, Fragrance.",82,5124,1.0,0.0,https://www.sephora.com/product/blackhead-dissolving-gel-P440059?icid2=products%20grid:p440059,1.0,35.0
30% Glycolic Acid Peel,SOBEL SKIN Rx,facial-treatments,46.0,Calendula: Calms skin.,1,545,4.4,0.0,https://www.sephora.com/product/sobel-skin-rx-30-glycolic-acid-peel-P451745?icid2=products%20grid:p451745,4.4,10.454545454545453
Bright Potion Probiotic Power Serum,Saturday Skin,facial-treatments,51.0,"Glycerin, Glycereth26, Butylene Glycol, PEG/PPG/Polybutylene Glycol8/5/3 Glycerin, Niacinamide, 1,2Hexanediol, PEG150, Dimethicone, Glyceryl Stearate, Hydrogenated Polydecene, Chondrus Crispus Extract, C1422 Alcohols, Phenoxyethanol, Zea Mays (Corn) Starch, Saccharum Officinarum (Sugarcane) Extract, Tromethamine, Mannitol, Microcrystalline Cellulose, Polysorbate 20, Acrylates/C1030 Alkyl Acrylate Crosspolymer, Carbomer, Sucrose, Sodium Polyacrylate,Palmitic Acid, C1220 Alkyl Glucoside, Stearic Acid, Glyceryl Acrylate/Acrylic Acid Copolymer, Tocopheryl Acetate, Melia Azadirachta Flower Extract, Biosaccharide Gum1, Disodium EDTA, Melia Azadirachta Leaf Extract, Curcuma Longa (Turmeric) Root Extract, Ocimum Sanctum Leaf Extract, Dextrin, Theobroma Cacao (Cocoa) Seed Extract, Corallina Officinalis Extract, AlphaGlucan Oligosaccharide, Gossypium Herbaceum (Cotton) Extract, Polymnia Sonchifolia Root Juice, Hippophae Rhamnoides Fruit Extract, Hydrogenated Lecithin, Maltodextrin, Cholesterol, Lactobacillus Ferment, Lactococcus Ferment Lysate, PEG800, Bifida Ferment Lysate, Lactobacillus, Streptococcus Thermophilus Ferment, Gluconolactone, Sodium Benzoate, Caprylyl Glycol, Ethylhexylglycerin, Calcium Gluconate, shOligopeptide1, shPolypeptide1, shOligopeptide2, shPolypeptide22, shPolypeptide45, shPolypeptide8, shPolypeptide9.",753,6716,1.0,0.0,https://www.sephora.com/product/bright-potion-probiotic-power-serum-P442962?icid2=products%20grid:p442962,1.0,51.0
Capture Youth Lift Sculptor Age-Delay Lifting Serum,Dior,facial-treatments,95.0,"Aqua (Water), Glycerin, Pentylene Glycol, Sorbitol, Phenoxyethanol, Ppg26Buteth26, Algin, Peg40 Hydrogenated Castor Oil, Parfum (Fragrance), Ammonium Acryloyldimethyltaurate/Vp Copolymer, Tetrasodium Edta, Polyvinyl Alcohol, Avena Sativa (Oat) Kernel Extract, Sodium Citrate, Xanthan Gum, Citric Acid, Cellulose Gum, Adenosine, Sodium Dilauramidoglutamide Lysine, Sodium Tocopheryl Phosphate, Camellia Sinensis Leaf Extract, Maltodextrin, Iris Florentina Root Extract, Aspalathus Linearis Leaf Extract, Bht, Ci 19140 (Yellow 5), Ci 14700 (Red 4), Ci 42090 (Blue 1), Tocopherol.",4,0,1.0,0.0,https://www.sephora.com/product/capture-youth-lift-sculptor-age-delay-lifting-serum-P427734?icid2=products%20grid:p427734,1.0,95.0
Revitalixir™ Recovery Serum,Murad,facial-treatments,89.0,"Glycerin, Propanediol, Prunus Armeniaca (Apricot) Kernel Oil, Niacinamide, Pentylene Glycol, Caprylic/Capric Triglyceride, Alcohol Denat., 1,2Hexanediol, Cannabis Sativa Seed Oil, Sodium Hyaluronate, Acetyl Hexapeptide8, Caffeine, Plankton Extract, Tephrosia Purpurea Seed Extract, Sigesbeckia Orientalis Extract, Rosa Damascena Flower Extract, Spilanthes Acmella Flower Extract, Indigofera Tinctoria Leaf Extract, Helianthus Annuus (Sunflower) Seed Oil, Tocopherol, Urea, Yeast Amino Acids, Trehalose, Inositol, Taurine, Betaine, Caprylyl Glycol, Hydroxyethylcellulose, Carrageenan, Algin, PEG/PPG17/6 Copolymer, Xanthan Gum, Pentaerythrityl Tetraditbutyl Hydroxyhydrocinnamate, Hydroxyethylpiperazine Ethane Sulfonic Acid, Sodium Hydroxide, Sodium Lauryl Sulfate, Synthetic Fluorphlogopite, Phenoxyethanol, Mica, Tin Oxide, Iron Oxides (CI 77491), Titanium Dioxide (CI 77891), Fragrance, Linalool, Citronellol.",285,5013,1.35,0.0,https://www.sephora.com/product/revitalixir-tm-recovery-serum-P434550?icid2=products%20grid:p434550,1.35,65.92592592592592
Acid Fix AHA BHA Treatment,Omorovicza,facial-treatments,125.0,"Hungarian Thermal Glycolic Acid, Glycerin, Propanediol, Yeast Extract, Salicylic Acid, Sodium Hyaluronate, Leuconostoc/Radish Root Ferment Filtrate, Parfum, Lecithin, Sclerotium Gum, Pullulan, Xanthan Gum, Phospholipids, Microcitrus Australasica Fruit Extract, Lactic Acid, Sodium Hydroxide, Sodium Levulinate, Sodium Anisate, Limonene, Linalool, Geraniol, Benzyl Salicylate.",27,5663,1.0,0.0,https://www.sephora.com/product/acid-fix-aha-bha-treatment-P429539?icid2=products%20grid:p429539,1.0,125.0
Dermaclear™ Micro Milk Peel,Dr. Jart+,facial-treatments,42.0,"Hydrogenated Polydecene, Caprylic/Capric Triglyceride, Squalane, Carthamus Tinctorius (Safflower) Seed Oil, 1,2Hexanediol, Glycerin, Cyclopentasiloxane, Steareth2, Butylene Glycol, Propanediol, Cyclohexasiloxane, Pyrus Malus (Apple)Fruit Citrus Aurantium Bergamia (Bergamot) Fruit Oil, Ethylhexylglycerin, Protease, Algin, Salicylic Acid, Polyglutamic Acid, Sodium Hyaluronate, Glutathione, Panthenol, Sea Salt/Sel marin, Propylene Glycol, Lactic Acid, Lactobionic Acid, Ascorbic Acid, Citric Acid, Cocos Nucifera (Coconut) Fruit Extract, Hibiscus Sabdariffa Flower Extract, Malic Acid, Tartaric Acid, Theanine, Crataegus Monogyna Flower Extract, Milk Lipids/Lipides du lait, Potassium Sorbate, Sodium Benzoate, Viola Tricolor Extract.",25,4289,5.07,0.0,https://www.sephora.com/product/dermaclear-micro-milk-peel-P444218?icid2=products%20grid:p444218,5.07,8.284023668639053
"ProactivMD 3-Piece Kit, 30 Day Introductory Size",Proactiv,facial-treatments,35.0,"Carbomer 940, Edetate Disodium, Methylparaben, Poloxamer 182, Propylene Glycol, Purified Water and Sodium Hydroxide. May contain hydrochloric acid to adjust pH.",348,3470,0.0,0.0,https://www.sephora.com/product/proactivmd-3-piece-kit-30-day-introductory-size-P440657?icid2=products%20grid:p440657,1.3220803357314155,26.473429075425226
R45 The Reversal 3-Phase Retinol Booster System,BeautyBio,facial-treatments,150.0,"Glycerin, Butylene Glycol, Cyclopentasiloxane, Pentylene Glycol, Peg12 Dimethicone Crosspolymer, Dimethicone Crosspolymer, Dimethicone/Vinyl Dimethicone Crosspolymer, Sodium Polyacrylate, Dimethicone, Peg/Ppg18 / 18 Dimethicone, Dimethiconol, Sodium Hyaluronate, Camellia Sinensis Extract, Disodium Edta Copper, Myristoyl Pentapeptide 17, Hydroxyphenyl Propamidobenzoic Acid, Bisabolol, Zingiber Officinale (Ginger) Root Extract, Polysorbate 60, Caprylyl Glycol, Phenoxyethanol.",20,2089,0.17,0.0,https://www.sephora.com/product/r45-reversal-3-phase-retinol-booster-system-P438639?icid2=products%20grid:p438639,0.17,882.3529411764705
Idealist Pore Minimizing Skin Refinisher,Estée Lauder,facial-treatments,92.0,"Idealist Extra Pore Min Skin Refin   Division: El (Estee Lauder)Ingredients: Cyclopentasiloxane , Dimethicone , Polysilicone11 , Acetyl Glucosamine , Sodium Lactobionate , Morus Nigra (Mulberry) Root Extract , Yeast Extract/Faex/Extrait De Levure , Serenoa Serrulata (Saw Palmetto) Fruit Extract , Triticum Vulgare (Wheat) Germ Extract , Vitis Vinifera (Grape) Fruit Extract , Scutellaria Baicalensis Extract , Castanea Sativa (Chestnut) Seed Extract , Camellia Sinensis (Green Tea) Leaf Extract , Hordeum Vulgare (Barley) Extract/Extrait D'Orge , Lavandula Angustifolia (Lavender) , Amorphophallus Konjac Root Powder , Caffeine , Laminaria Saccharina Extract , Tocopheryl Acetate , Salvia Sclarea (Clary) Extract , Sodium Hyaluronate , Coriandrum Sativum (Coriander) , Citrus Grandis (Grapefruit California) , Cholesterol , Glycerin , Ethylhexylglycerin , Squalane , Polyethylene , Isopentyldiol , Phenyl Trimethicone , Isohexadecane , Polysorbate 20 , Pantethine , Methyldihydrojasmonate , Acrylamide/Sodium Acryloyldimethyltaurate Copolymer , Ammonium Acryloyldimethyltaurate/Vp Copolymer , Polysorbate 80 , Peg8 , Ethyl 2,2Dimethylhydrocinnamal , Phospholipids , Palmitoyl Oligopeptide , Butylene Glycol , Magnesium Ascorbyl Phosphate , Glyceryl Polymethacrylate , Sodium Glycyrrhetinate , Nordihydroguaiaretic Acid , Chlorphenesin , Phenoxyethanol , Limonene , Linalool , Iron Oxides (Ci 77491, Ci 77492, Ci 77499) , Mica , Titanium Dioxide (Ci 77891) <iln32389></iln32389>",74,9370,0.0,1.7,https://www.sephora.com/product/idealist-pore-minimizing-skin-refinisher-P379998?icid2=products%20grid:p379998,1.7,54.11764705882353
Youth Revolution Vitamin C Radiance Concentrator,AMOREPACIFIC,facial-treatments,250.0,White Peony: An antioxidant that brightens and purifies skin.,77,2121,1.0,0.0,https://www.sephora.com/product/youth-revolution-radiance-concentrator-P441061?icid2=products%20grid:p441061,1.0,250.0
DermalQuench Liquid Lift™ + Retinol Advanced Resurfacing Treatment,Kate Somerville,facial-treatments,98.0,"**Propellant is an IsobutanePropane blend that evaporates when product is expelled from container, and dissipates prior to contact with skin.",65,6984,2.5,0.0,https://www.sephora.com/product/dermalquench-liquid-lift-retinol-advanced-resurfacing-treatment-P404232?icid2=products%20grid:p404232,2.5,39.2
Correct+™ Dark Spot Corrector,Skinfix,facial-treatments,60.0,"Water/Aqua, Glycerin, Cetearyl Alcohol, Vitis Vinifera (Grape) Seed Oil, Prunus Amygdalus Dulcis (Sweet Almond) Oil, Propanediol, Niacinamide, Jojoba Oil/Macadamia Seed Oil Esters, Lactic Acid, Glycolic Acid, Sodium Hydroxide, Behenyl Alcohol, Vaccinium Myrtillus Fruit Extract, Cetearyl Glucoside, Saccharum Officinarum  (Sugar Cane) Extract, Citrus Limon (Lemon) Fruit Extract, Citrus Aurantium Dulcis (Orange) Fruit Extract, Microcitrus Australasica Fruit Extract, Helianthus Annuus (Sunflower) Seed Oil, Cocos Nucifera (Coconut) Oil, Allantoin, Acer Saccharum (Sugar Maple) Extract, Glycyrrhiza Glabra (Licorice) Root Extract, Phytosteryl Macadamiate, Tocopherol, Rosmarinus Officinalis (Rosemary) Leaf Extract, Aloe Barbadensis Leaf Juice, Glabridin, Phytosterols, Simmondsia Chinensis (Jojoba) Seed Oil, Sclerotium Gum, Squalene, Bisabolol, Tetrahydrodiferuloylmethane, Sclareolide, Pentylene Glycol, Oryza Sativa (Rice) Bran Extract, Trisodium Ethylenediamine Disuccinate, Terminalia Ferdinandiana Fruit Extract, Potassium Sorbate, Phenethyl Alcohol.",97,4746,1.0,0.0,https://www.sephora.com/product/correct-dark-spot-corrector-P449165?icid2=products%20grid:p449165,1.0,60.0
Dr. Andrew Weil For Origins™ Mega-Mushroom Relief & Resilience Advanced Face Serum,Origins,facial-treatments,57.0,"Simmondsia Chinensis (Jojoba) Seed Oil, Glycerin, Olea Europaea (Olive) Fruit Oil, Caprylic/Capric/Myristic/Stearic Triglyceride, Hydrogenated Lecithin, Camelina Sativa Seed Oil, Butyrospermum Parkii (Shea Butter), Mangifera Indica (Mango) Seed Butter, Citrus Aurantium Dulcis (Orange) Oil** Lavandula Angustifolia (Lavender) Oil**, Pogostemon Cablin (Patchouli) Oil**, Citrus Nobilis (Mandarin Orange) Peel Oil**, Pelargonium Graveolens Flower Oil**, Boswellia Carterii (Olibanum) Oil ***, Limonene, Linalool, Citronellol, Geraniol, Citral,  Ganoderma Lucidum (Reishi Mushroom) Extract, Fuscoporia Obliqua Sclerotium Extract, Cordyceps Sinensis (Mushroom) Extract, Ergothioneine, Lactobacillus Ferment, Butylene Glycol, Hippophae Rhamnoides Extract*, Zingiber Officinale (Ginger) Root Extract*, Triticum Vulgare (Wheat) Germ Extract, Ocimum Sanctum (Holy Basil) Leaf Extract, Dimethicone, Squalane, Curcuma Longa (Turmeric) Root Extract*, Hordeum Vulgare (Barley) Extract, Helianthus Annuus (Sunflower) Seed Oil*,  Garcinia Mangostana Peel Extract, Silybum Marianum Fruit Extract, Magnesium Aluminum Silicate, Saccharomyces Ferment Filtrate, Hypnea Musciformis (Algae) Extract, Laminaria Saccharina Extract, Caprylyl Glycol, Caffeine,  Gellidiella Acerosa Extract, Linoleic Acid, Polysorbate 20, Phytosterols, Maltodextrin, Tocotrienols,  Squalene, Sodium Hyaluronate,  Xanthan Gum, Elaeis Guineensis (Palm) Oil, Sodium Hydroxide, Tocopherol, Phenoxyethanol, Sorbic Acid, Chlorphenesin.",77,5251,1.0,0.0,https://www.sephora.com/product/dr-andrew-weil-for-origins-tm-mega-mushroom-relief-resilience-advanced-face-serum-P429245?icid2=products%20grid:p429245,1.0,57.0
Big Chill™ Stress Management Supplement,HUM Nutrition,facial-treatments,20.0,"Simmondsia Chinensis (Jojoba) Seed Oil, Glycerin, Olea Europaea (Olive) Fruit Oil, Caprylic/Capric/Myristic/Stearic Triglyceride, Hydrogenated Lecithin, Camelina Sativa Seed Oil, Butyrospermum Parkii (Shea Butter), Mangifera Indica (Mango) Seed Butter, Citrus Aurantium Dulcis (Orange) Oil** Lavandula Angustifolia (Lavender) Oil**, Pogostemon Cablin (Patchouli) Oil**, Citrus Nobilis (Mandarin Orange) Peel Oil**, Pelargonium Graveolens Flower Oil**, Boswellia Carterii (Olibanum) Oil ***, Limonene, Linalool, Citronellol, Geraniol, Citral,  Ganoderma Lucidum (Reishi Mushroom) Extract, Fuscoporia Obliqua Sclerotium Extract, Cordyceps Sinensis (Mushroom) Extract, Ergothioneine, Lactobacillus Ferment, Butylene Glycol, Hippophae Rhamnoides Extract*, Zingiber Officinale (Ginger) Root Extract*, Triticum Vulgare (Wheat) Germ Extract, Ocimum Sanctum (Holy Basil) Leaf Extract, Dimethicone, Squalane, Curcuma Longa (Turmeric) Root Extract*, Hordeum Vulgare (Barley) Extract, Helianthus Annuus (Sunflower) Seed Oil*,  Garcinia Mangostana Peel Extract, Silybum Marianum Fruit Extract, Magnesium Aluminum Silicate, Saccharomyces Ferment Filtrate, Hypnea Musciformis (Algae) Extract, Laminaria Saccharina Extract, Caprylyl Glycol, Caffeine,  Gellidiella Acerosa Extract, Linoleic Acid, Polysorbate 20, Phytosterols, Maltodextrin, Tocotrienols,  Squalene, Sodium Hyaluronate,  Xanthan Gum, Elaeis Guineensis (Palm) Oil, Sodium Hydroxide, Tocopherol, Phenoxyethanol, Sorbic Acid, Chlorphenesin.",59,12293,0.0,0.0,https://www.sephora.com/product/big-chill-supplements-P388982?icid2=products%20grid:p388982,1.3220803357314155,15.127673757385844
Hydra-Essentiel Bi-Phase Serum,Clarins,facial-treatments,60.0,"Glycerin, Isohexadecane, Isononyl Isononanoate, Hydrogenated Polyisobutene, Butylene Glycol, Silybum Marianum Seed Oil,  Caprylic/Capric Triglyceride, Xylitylglucoside, Sodium Chloride, Anhydroxylitol, Fragrance, Phenoxyethanol, Ethylhexylglycerin, Alcohol,  Pentylene Glycol, Xanthan Gum, Xylitol, Atractyloides Lancea Root Extract,  Disodium Edta, Caprylyl/Capryl Glucoside, Glucose, Butyl Methoxydibenzoylmethane, Kalanchoe Pinnata Leaf Extract, Ribes Nigrum (Black Currant) Bud Extract, Maltodextrin, Orthosiphon Stamineus Extract, Citric Acid, Sodium Benzoate, Tris(Tetramethylhydroxypiperidinol) Citrate, Potassium Sorbate, Ci 61565/Green 6, Ci 42090/Blue 1, Callicarpa Japonica Fruit Extract, Ci 60730/Ext, Violet 2, Tocopherol, Ascorbic Acid, [V2968A].",35,5043,1.0,0.0,https://www.sephora.com/product/hydra-essentiel-bi-phase-serum-P415625?icid2=products%20grid:p415625,1.0,60.0
Focuspot™ Dark Spot Micro Tip Patch,Dr. Jart+,facial-treatments,18.0,"Sodium Hyaluronate, Trehalose, Clitoria Ternatea Flower Extract, Ascorbyl Glucoside, Niacinamide, Maltodextrin, Adenosine.",111,0,0.0,0.0,https://www.sephora.com/product/focuspot-dark-spot-micro-tip-patch-P442854?icid2=products%20grid:p442854,1.3220803357314155,13.614906381647259
Abeille Royale Daily Repair Serum,Guerlain,facial-treatments,155.0,"New Generation Pure Royal Concentrate (exclusive blend of Ouessant Honey, Royal Jelly, and a new combination of honeys, including honey from Corsica)",21,6518,1.0,0.0,https://www.sephora.com/product/abeille-royale-daily-repair-serum-P397052?icid2=products%20grid:p397052,1.0,155.0
Serum Discovery Set,Dr. Barbara Sturm,facial-treatments,325.0,"Methylsilanol Mannuronate, Glycerin, Methylpropanediol, Lactobacillus/Portulaca Oleracea Ferment Extract, Silica, Butylene Glycol, Dimethylimidazolidinone Rice Starch, Panthenol, Phenoxyethanol, Sodium Potassium Aluminum Silicate, Acrylates/C1030 Alkyl Acrylate Crosspolymer, Alcohol, Allantoin, Ethylhexylglycerin, Lecithin, Xanthan Gum, Panax Ginseng Root Extract, Sodium Hydroxide, Disodium Edta, Sodium Hyaluronate, Alteromonas Ferment Extract, Leuconostoc/Radish Root Ferment Filtrate, Pantolactone, Lepidium Sativum Sprout Extract, Soy Isoflavones, Sorbic Acid, Citric Acid, Iron Oxides (Ci 77491), Titanium Dioxide (Ci 77891).",7,2810,0.0,0.0,https://www.sephora.com/product/dr-barbara-sturm-serum-discovery-set-P447786?icid2=products%20grid:p447786,1.3220803357314155,245.82469855751995
Kakadu C™ Intensive Vitamin C Peel Pads with Ferulic Acid & Vitamin E,DERMAdoctor,facial-treatments,78.0,"Aqua, Glycolic Acid, Rose Centifolia Flower Lactic Acid, Potassium Hydroxide, Mandelic Acid, Hyaluronic Acid, Polysorbate 20, SD Alcohol 40B, Glycerin, Terminalia Ferdinandiana Fruit Extract, Microcitrus Australasica Fruit Extract, Salix Nigra (Willow) Bark Extract, Malic Acid, Algae Extract, Superoxide Dismutase, Camellia Oleifera (Green Tea) Leaf Extract, Camellia Sinensis (White Tea) Leaf Extract, Aloe Barbadensis Leaf Juice, Squalane, Papain, Ferulic Acid, Vitamin E Acetate, Oleanolic Acid, Enantia Chlorantha Bark Extract, Phenoxyethanol, Potassium Sorbate, Ethylhexylglycerin, Butylene Glycol, Sodium Benzoate, Citric Acid.",45,6630,1.8,0.0,https://www.sephora.com/product/kakadu-c-intensive-vitamin-c-peel-pads-with-ferulic-acid-vitamin-e-P408600?icid2=products%20grid:p408600,1.8,43.333333333333336
Apple Cider Vinegar Resurfacing Peel Pads,Volition Beauty,facial-treatments,64.0,"Hamamelis Virginiana (Witch Hazel) Glycolic Acid, Propanediol, Cocos Nucifera (Coconut) Betaine, Acetic Acid, Pyrus Malus (Apple) Fruit Extract, Glycerin, 1,2Hexanediol, Tetrasodium Glutamate Diacetate, Acer Saccharum (Sugar Maple) Extract, Vaccinium Myrtillus Fruit Extract, Saccharum Officinarum (Sugarcane) Extract/ Extrait De Canne A Sucre, Citrus Limon (Lemon) Fruit Extract, Citrus Auratium Dulcis (Orange) Fruit Extract, Terminalia Ferdinandiana Fruit Extract, Ammonium Hydroxide, Alcohol Denat., Sodium Benzoate, Potassium Sorbate.",190,5794,0.0,0.0,https://www.sephora.com/product/apple-cider-vinegar-resurfacing-peel-pads-P440316?icid2=products%20grid:p440316,1.3220803357314155,48.4085560236347
Orchidée Impériale The Cream,Guerlain,facial-treatments,460.0,Gastrodia Elata: Forms the core of the new Cell Respiration™ technology.,8,2168,1.6,0.0,https://www.sephora.com/product/ochidee-imperiale-cream-P416226?icid2=products%20grid:p416226,1.6,287.5
No:Rinse DMAE Firming Pads,Perricone MD,facial-treatments,80.0,"Dimethyl MEA, Citric Acid, Pentylene Glycol, Fragrance, Phenoxyethanol, Ceteareth20, Cetearyl Alcohol, Glyceryl Stearate, Ceteareth12, Cetearyl Isononanoate, Cetyl Palmitate, Sodium PCA, Menthone Glycerin Acetal, Allantoin, Disodium EDTA, Ethylhexylglycerin, Linalool, Citronellol, Geraniol, Limonene, Citral, Phosphatidylcholine, Zinc Gluconate, Magnesium Aspartate, Copper Gluconate.",183,1891,0.0,0.0,https://www.sephora.com/product/dmae-firming-pads-P399649?icid2=products%20grid:p399649,1.3220803357314155,60.51069502954338
Acne Solutions Acne + Line Correcting Serum,CLINIQUE,facial-treatments,44.5,"Dimethicone , Butylene Glycol , Vinyl Dimethicone/Methicone Silsesquioxane Crosspolymer , Methyl Trimethicone , Polysorbate 20 , BisPeg18 Methyl Ether Dimethyl Silane , Lauryl Peg9 Polydimethylsiloxyethyl Dimethicone , Glycerin , Methyl Gluceth20 , Polysilicone11 , Oenothera Biennis (Evening Primrose) Flower Extract , Glycine Soja (Soybean) Seed Extract , Sigesbeckia Orientalis (St. Paul'S Wort) Extract , Salvia Sclarea (Clary) Extract , Plankton Extract , Laminaria Saccharina Extract , Acetyl Hexapeptide8 , Acetyl Glucosamine , Caffeine , Glycine Soja (Soybean) Protein , Aminopropyl Ascorbyl Phosphate , Cholesterol , Caprylyl Glycol , Micrococcus Lysate , Palmitoyl Hexapeptide12 , Lecithin , Whey Protein/Lactis Protein/Proteine Du PetitLait , Sodium Hyaluronate , Tocopheryl Acetate , Peg8 , Sodium Hydroxide , Ammonium Acryloyldimethyltaurate/Vp Copolymer , Xanthan Gum , Carbomer , Glyceryl Polymethacrylate , Sodium Benzoate , Sodium Citrate , Disodium Edta , Phenoxyethanol <iln42038></iln42038>",108,7553,1.0,0.0,https://www.sephora.com/product/acne-solutions-acne-line-correcting-serum-P407040?icid2=products%20grid:p407040,1.0,44.5
Pure Shots Night Reboot Resurfacing Serum,Yves Saint Laurent,facial-treatments,88.0,"Aqua / Caprylic/Capric Triglyceride, Limnanthes Alba Seed Oil / Meadowfoam, Seed Oil, Isononyl Isononanoate, Glycolic Acid, Propylene Glycol, Alcohol Denat., Glycerin, Sodium Hydroxide, Hydroxyethylpiperazine Ethane Sulfonic Acid, Argania Spinosa Kernel Oil, Glucose, Calendula Officinalis Flower Extract, Cereus Grandiflorus Flower Extract / Cactus  Flower Extract, Haematococcus Pluvialis Extract, Adenosine, Ascorbyl Glucoside, Hydrolyzed Linseed Extract, Citric Acid, Lactic Acid, Xanthan Gum, Panthenol, Tocopherol, Potassium Sorbate, Sodium Benzoate, Salicylic Acid, Caramel, Limonene, Parfum / Fragrance.",235,630,1.0,0.0,https://www.sephora.com/product/yves-saint-laurent-pure-shots-night-reboot-resurfacing-serum-P454076?icid2=products%20grid:p454076,1.0,88.0
Quench Hydrating Face Serum,Kate Somerville,facial-treatments,75.0,"Cyclopentasiloxane, Dimethicone, Dimethiconol, Ethylhexyl Stearate, Cyclomethicone, Phenyl Trimethicone, Ethylhexyl Cocoate, Caprylic/Capric Triglyceride, Retinol, Sodium Ascorbate, Tocopherol, Lecithin, Glycolipids, Sodium Hyaluronate, Caprylyl Glycol",246,5163,0.0,1.0,https://www.sephora.com/product/quench-hydrating-face-serum-P232922?icid2=products%20grid:p232922,1.0,75.0
Flash Hydro-Boost Instant Plumping Emulsion,REN Clean Skincare,facial-treatments,48.0,* 100% Natural Fragrance,136,8350,1.3,0.0,https://www.sephora.com/product/flash-hydro-boost-instant-plumping-emulsion-P411208?icid2=products%20grid:p411208,1.3,36.92307692307692
AA (Alguronic Acid) Barrier Serum,Algenist,facial-treatments,85.0,"Water (Aqua, Eau), Butylene Glycol, PEG8 Dimethicone, Propanediol, Caprylyl Methicone, Dimethicone, Parachlorella Beijerinckii Exopolysaccharides, Phloretin, Ergothioneine, Copper Palmitoyl Heptapeptide14, Heptapeptide15 Palmitate, Epigallocatechin Gallate, Tocopheryl Acetate, Aspartic Acid, PCA, Disodium EDTA, Alanine, Serine, Valine, Isoleucine, Proline, Threonine, Lactic Acid/Glycolic Acid Copolymer, Polyvinyl Alcohol, Histidine, Phenylalanine, Arginine, Ascorbic Acid, Octyldodecanol, Pyridoxine HCl, Retinyl Palmitate, Silica, Sodium Propoxyhydroxypropyl Thiosulfate Silica, Glycerin, Hydroxyethyl Acrylate/Sodium Acryloyldimethyl Taurate Copolymer, Ammonium Acryloyldimethyltaurate/VP Copolymer, Pentylene Glycol, Isohexadecane, Adenosine Triphosphate, Hydrolyzed Oat Protein, Niacinamide, Citric Acid, Polysorbate 60, Sorbitan Isostearate, Sodium PCA, Sodium Phytate, Sodium Lactate, Sodium Benzoate, Potassium Sorbate, Phenoxyethanol.",72,2255,1.0,0.0,https://www.sephora.com/product/aa-barrier-serum-P447504?icid2=products%20grid:p447504,1.0,85.0
MOISTURE BOUND Rejuvenating Serum,AMOREPACIFIC,facial-treatments,100.0,"Phyllostachis Bambusoides Juice, Alcohol, Glycerin, Propanediol, Butylene Glycol, Squalane, Peg/Ppg17/6 Copolymer, Cyclopentasiloxane, Camellia Sinensis Leaf ExtractPentaerythrityl Tetraethylhexanoate, Dimethicone, Niacinamide, Acetyl Glucosamine, Betaine, Opuntia Coccinellifera Fruit Extract, Glycine Soja (Soybean) Seed Extract, Nelumbo NuciferFlower Extract, Hydrolyzed Phyllostachis Bambusoides, Hydrolyzed Camellia Sinensis Leaf, Theanine, Epigallocatechin Gallate, Kaempferol, Camellia Sinensis Flower Extract, Natto GumCaffeine, BetaGlucan, Sodium Hyaluronate, Cyclohexasiloxane, Methyl Gluceth20, Pca Dimethicone, Polymethylsilsesquioxane, Tocopherol, Phytantriol, C1216 Alcohols, BisPeg1Methyl Ether Dimethyl Silane, Hydroxypropyl Starch Phosphate, Stearyl Behenate, Dimethiconol, Hydroxyethyl Acrylate/Sodium Acryloyldimethyl Taurate Copolymer, Polysorbate 20, Carbomer, Palmitic Acid, Hydrogenated Lecithin, Acrylates/C1030 Alkyl Acrylate Crosspolymer, Limnanthes Alba (Meadowfoam) Seed Oil, Polyglyceryl3 Methylglucose Distearate, Mannan, Peg15 Pentaerythrityl Tetra(Laureth6 Carboxylate), Poloxamer 407, Ammonium Acryloyldimethyltaurate/Vp Copolymer, Tromethamine, Disodium Edta, Ethylhexylglycerin, Phenoxyethanol, Fragrance.",98,4919,1.7,0.0,https://www.sephora.com/product/moisture-bound-rejuvenating-serum-P282614?icid2=products%20grid:p282614,1.7,58.82352941176471
REVEAL Concentrated Color Correcting Drops,Algenist,facial-treatments,38.0,"Dimethicone, Mica, Nylon12, PEG10 Dimethicone, Talc, Titanium Dioxide, Glycerin, Acrylates/Dimethicone Copolymer, Cetyl PEG/PPG10/1 Dimethicone, Algae Exopolysaccharides, Chlorella Protothecoides Oil, Dunaliella Salina Extract, Haematococcus Pluvialis Extract, Undaria Pinnatifida Extract, HDI/Trimethylol Hexyllactone Crosspolymer, Isododecane, Magnesium Sulfate, Silica, Methicone, Hydrogen Dimethicone, Triethoxycaprylylsilane, Disteardimonium Hectorite, Propylene Carbonate, Caprylic/ Capric Triglyceride, PEG8 Distearmonium Chloride PGDimethicone, Aluminum Hydroxide, Sodium Chloride, Hexylene Glycol, Pongamia Glabra Seed Oil, Ethylhexylglycerin, Sodium Dehydroacetate, Benzoic Acid, Dehydroacetic Acid, Phenoxyethanol, Chromium Oxide Greens (CI 77288), Iron Oxides (CI 77492, CI 77499), Titanium Oxide (CI 77891).",268,14444,0.5,0.0,https://www.sephora.com/product/reveal-concentrated-color-correcting-drops-P406531?icid2=products%20grid:p406531,0.5,76.0
Abeille Royale Double R Serum,Guerlain,facial-treatments,215.0,"Glycerin, Alcohol, Propanediol, Butylene Glycol, Honey, Isotridecyl Isononanoate, Caprylic/Capric Triglyceride, Squalane, Royal Jelly, Decyloxazolidinone, Lauroyl Lysine, Polyacrylate Crosspolymer6, Peg8, Pentylene Glycol, Diglycerin, Phenoxyethanol , Fragrance, Glycolic Acid, Dimethicone , Steareth2, Steareth21, Sodium Hydroxide , Avena Sativa (Oat) Kernel Extract , Carbomer , Ppg26Buteth26 , Lactic Acid, Sodium Magnesium Silicate, Citric Acid, Xanthan Gum, Sodium Hyaluronate, Tetrasodium Edta, Peg40 Hydrogenated Castor Oil, Albizia Julibrissin Bark Extract, Sodium Benzoate, Hydrolyzed Soy Flour , Adenosine, Rosmarinus Officinalis (Rosemary) Leaf Extract, Caramel, Biosaccharide Gum2, Limonene, Benzyl Salicylate, Ophiopogon Japonicus Root Extract, Geraniol, Malva Sylvestris (Mallow) Extract, Hydroxycitronellal ,  AlphaIsomethyl Ionone, Citronellol, Linalool, Citral, Bht, Ci 19140 (Yellow 5), Ci 14700 (Red 4), Tocopherol.",3,3157,1.6,0.0,https://www.sephora.com/product/abeille-royale-double-r-renew-repair-serum-P442731?icid2=products%20grid:p442731,1.6,134.375
Vitamin B Serum,Alpha-H,facial-treatments,70.0,"Glycerin, Niacinamide, Methyl Gluceth20, Salvia Hispanica Seed Extract, Sodium Pca, Panthenol, Phenoxyethanol, Ferulic Acid, Hyaluronic Acid, Polyacrylate Crosspolymer6, Wheat Amino Acids, Caprylyl Glycol, Sodium Hyaluronate, Disodium Edta, Citric Acid, Lactobacillus Ferment, Copper Tripeptide1, Hydroxyproline, Ci 42090 (Blue 1) (Fdc Blue #1Aluminum Lake).",5,1163,0.85,0.0,https://www.sephora.com/product/vitamin-b-P442539?icid2=products%20grid:p442539,0.85,82.3529411764706
Limited-Edition Black Tea Age-Delay Firming Serum,Fresh,facial-treatments,160.0,"Before using a fresh product, please read the ingredient list on the packaging of your product to be sure that the ingredients are appropriate for your personal use.",0,782,3.3,0.0,https://www.sephora.com/product/fresh-limited-edition-black-tea-age-delay-firming-serum-P454780?icid2=products%20grid:p454780,3.3,48.484848484848484
Help Me,philosophy,facial-treatments,49.0,"Caprylic/Capric Triglyceride, Emulsfying Wax, Glycerin, C1030 Cholesterol / Lanosterol Esters, Cetyl Ricinoleate, Cetyl Alcohol, Dimethicone, Benzyl Alcohol, Cyclomethicone, Retinol , Tocopherol Acetate, Ascorbyl Palmitate, Methyl Methacrylate/ Glycol Dimethacrylate Crosspolymer, Stearic Acid, Peg10 Soy Sterol, Phenoxyethanol, Magnesium Aluminum Silicate, Methylparaben, Triethanolamine, Disodium Edta, Bisabolol, Bht, Polysorbate 20, Propyl Gallate, Ascorbic Acid.",1000,20902,1.05,0.0,https://www.sephora.com/product/help-me-P4647?icid2=products%20grid:p4647,1.05,46.666666666666664
Advanced Génifique Sensitive Antioxidant Serum,Lancôme,facial-treatments,80.0,"Aqua/Bifida Ferment Lysate, Glycerin, Propanediol, Betaine, Ananas Sativus Fruit Extract/Pineapple Fruit Extract, TButyl Alcohol, Lactobacillus Ferment, Tocopherol, Sodium Citrate, Sodium Hyaluronate, Madecassoside, Sodium Benzoate, Hydrolyzed Wheat Protein, Sodium Dehydroacetate, Sodium Succinate, Phenoxyethanol, Faex Extract/Yeast Extract, Adenosine, Caffeine, Ppg6Decyltetradeceth30, Peg32, Arginine, Chlorphenesin, Ammonium Polyacryloyldimethyl Taurate, Xanthan Gum, Pentylene Glycol, Leontopodium Alpinum Extract, Caprylyl Glycol, Papain, Disodium Edta, Citric Acid, Potassium Sorbate, Methionine, Glycine, Parfum/Fragrance.",32,6832,0.67,0.0,https://www.sephora.com/product/advanced-genifique-sensitive-antioxidant-serum-P421477?icid2=products%20grid:p421477,0.67,119.40298507462686
Rapid Collagen Infusion,Murad,facial-treatments,78.0,"Isodecyl Neopentanoate, Polymethylsilsesquioxane, Glycerin, Pentylene Glycol, Neopentyl Glycol Diethylhexanoate, Cetyl Ethylhexanoate, Stearic Acid, Cetearyl Olivate, Dimethicone/BisIsobutyl PPG20 Crosspolymer, Sorbitan Olivate, Butylene Glycol, Honey, Urea, Yeast Amino Acids, Trehalose, Inositol, Taurine, Betaine, Caprylic/Capric Triglyceride, Alaria Esculenta Extract, Palmitoyl Tripeptide5, Codium Tomentosum Extract, Hydrogenated Olive Oil, Olive Fruit Oil, Olive Oil Unsaponifiables, Sodium Hyaluronate, Collagen Amino Acids, Watermelon Fruit Extract, Apple Fruit Extract, Lentil Fruit Extract,  Tocopheryl Acetate, Sodium PCA, Sodium Lactate, Zinc Gluconate, Ascorbic Acid, Chitosan, Propyl Gallate, Polysorbate 20, Acrylates/C1030 Alkyl Acrylate Crosspolymer, Aminomethyl Propanol, Trisodium Ethylenediamine Disuccinate, Disodium EDTA, Phenoxyethanol, Caprylyl Glycol, Chlorphenesin, Linalool, Anthemis Nobilis Flower Extract, Anthemis Nobilis Flower Oil, Lavender Oil.",98,6273,1.0,0.0,https://www.sephora.com/product/rapid-collagen-infusion-P377178?icid2=products%20grid:p377178,1.0,78.0
Capture Youth Redness Soother Age-Delay Anti-Redness Soothing Serum,Dior,facial-treatments,95.0,"Aqua (Water), Glycerin, Cetearyl Isononanoate, Dimethicone, Butylene Glycol, Phenyl Trimethicone, Methyl Gluceth20, Synthetic Fluorphlogopite, Jojoba Esters, Caprylyl Methicone, Polymethylsilsesquioxane, Phenoxyethanol, Steareth21, Parfum (Fragrance), Steareth2, Caprylyl Glycol, Xanthan Gum, Bisabolol, Tocopheryl Acetate, Ci 77891 (Titanium Dioxide), Acrylates/C1030 Alkyl Acrylate Crosspolymer, Gossypium Hirsutum (Cotton) Extract, Carbomer, Adenosine, Sodium Hydroxide, Sodium Dilauramidoglutamide Lysine, Sodium Hyaluronate, Sodium Tocopheryl Phosphate, Iris Florentina Root Extract, Bht, Tin Oxide, Tocopherol, Ci 19140 (Yellow 5), Ci 42090 (Blue 1).",15,0,1.0,0.0,https://www.sephora.com/product/capture-youth-redness-soother-age-delay-anti-redness-soothing-serum-P427730?icid2=products%20grid:p427730,1.0,95.0
ClearCalm Non-Drying Acne Treatment Gel,REN Clean Skincare,facial-treatments,20.0,"Alcohol Denat., Glycerin, Xanthan Gum, Pinus Pinaster Bark Extract, Caprylyl/Capryl Glucoside, Salix Nigra (Willow) Bark Extract, Xylitylglucoside, Anhydroxylitol, Sodium Benzoate, Xylitol, Propanediol, Santalum Album (Sandalwood) Wood Oil, Potassium Sorbate, Sodium Cocoyl Glutamate, Glucose, Citric Acid, Glyceryl Caprylate, Polyglyceryl6 Oleate, Thymus Vulgaris Leaf Oil, Chlorella Vulgaris Extract, Sodium Surfactin, Lactic Acid, Sodium Lactate, Farnesol.",104,4770,0.5,0.0,https://www.sephora.com/product/clearcalm-non-drying-acne-treatment-gel-P448707?icid2=products%20grid:p448707,0.5,40.0
Night Fix Enzyme Treatment,Murad,facial-treatments,70.0,"Dimethicone, Glycerin, Propanediol, Niacinamide, Polymethylsilsesquioxane/Silica Crosspolymer, Hydroxyethyl Acrylate/Sodium Acryloyldimethyl Taurate Copolymer, Isononyl Isononanoate, Chlorella Vulgaris Extract, Haematococcus Pluvialis Extract, Glutamylamidoethyl Imidazole, Cucumis Sativus (Cucumber) Fruit Extract, Hordeum Vulgare (Barley) Extract, Helianthus Annus (Sunflower) Seed Extract, Tocopheryl Acetate, Sodium Hyaluronate, Butyrospermum Parkii (Shea) Butter, Urea, Yeast Amino Acids, Trehalose, Inositol, Taurine, Betaine, Sorbic Acid, Lecithin, Mannitol, Polysilicone11, Ethylhexyl Isononanoate, PEG7 Trimethylolpropane Coconut Ether, Polyglyceryl10 Dioleate, Polyglyceryl10 Dipalmitate, Propylene Glycol Dicaprate, Hexylene Glycol, Butylene Glycol, Caprylyl Glycol, Decyl Glucoside, Polyisobutene, Disodium EDTA, Ethylhexylglycerin, Phenoxyethanol, Fragrance (Parfum), Benzyl Salicylate, Citronellol, Limonene, Geraniol, Hexyl Cinnamal, Linalool, Mica, Tin Oxide, Titanium Dioxide (CI 77891).",337,6914,1.0,0.0,https://www.sephora.com/product/night-fix-enzyme-treatment-P439054?icid2=products%20grid:p439054,1.0,70.0
Calming Serum,Dr. Barbara Sturm,facial-treatments,250.0,"Water Prunus Amygdalus Dulcis (Sweet Almond) Oil, Dicaprylyl Carbonate, Glycerin, Octyldodecanol, Lactobacillus/Portulaca Oleracea Ferment Extract, Cetearyl Alcohol, Glyceryl Stearate, Echium Plantagineum Seed Oil, Helianthus Annuus (Sunflower) Seed Oil Unsaponifiables, Biosaccharide Gum1, Leuconostoc/Radish Root Ferment Filtrate, Cardiospermum Halicacabum Flower/Leaf/Vine Extract, Panthenol, Phenoxyethanol, Sodium Lauroyl Glutamate, Stearic Acid, Dimethicone, Carbomer, Ethylhexylglycerin, Sodium Hydroxide, Pantolactone, Tocopherol, Citric Acid.",6,945,1.0,0.0,https://www.sephora.com/product/dr-barbara-sturm-calming-serum-P447788?icid2=products%20grid:p447788,1.0,250.0
Wild Rose Spotless Serum 15% Vitamin C,KORRES,facial-treatments,75.0,"Caprylic/Capric Triglyceride, Ascorbyl Tetraisopalmitate, Rosa Canina Fruit Oil, Glycerin, Squalane, Ethylhexyl Methoxycinnamate, Tocopheryl Acetate, Bisabolol, Butyl Methoxydibenzoylmethane, Citronellol, Ethylhexyl Salicylate, Ethylhexylglycerin, Geraniol, Helianthus Annuus (Sunflower) Seed Oil, Hydrolyzed Algae Extract, Lactic Acid, Lonicera Caprifolium (Honeysuckle) Flower Extract, Lonicera Japonica (Honeysuckle) Flower Extract, Melia Azadirachta Extract, Moringa Pterygosperma Seed Oil, Pancratium Maritimum Extract, Panthenol, Potassium Sorbate, Rosa Damascena Flower Oil, Rosmarinus Officinalis (Rosemary) Extract, Sodium Benzoate, Sodium Chloride, Tocopherol, Zingiber Officinale (Ginger) Root Extract.",110,12073,1.01,0.0,https://www.sephora.com/product/wild-rose-15-vitamin-c-spotless-serum-P432055?icid2=products%20grid:p432055,1.01,74.25742574257426
Concentrated Reconstructing Serum,Algenist,facial-treatments,98.0,"Dimethicone, Isononyl Isononanoate, Pentylene Glycol, Glycerin, Saccharum Officinarum Extract, Caprylic/Capric Triglyceride, Butylene Glycol, Glyceryl Stearate, Hydroxyphenoxy Propionic Acid, PEG100 Stearate, Niacinamide, Algae Exopolysaccharides, Tetrapeptide21, BetaGlucan, Algae Extract, Camellia Sinensis (Green Tea) Leaf Extract, Citrus Aurantium Dulcis (Orange) Fruit Extract, Citrus Medica Limonum (Lemon) Fruit Extract, Pyrus Malus (Apple) Fruit Extract, Malus Domestica Fruit (Apple) Cell Culture Extract, Inula Crithmoide Extract, Bambusa Vulgaris (Bamboo) Leaf/Stem Extract, Glucosamine HCL, Pisum Sativum (Pea) Extract, Ergothioneine, Cetearyl Alcohol, Lecithin, Sorbitol, Xanthan Gum, Ethylhexylglycerin, Caprylyl Glycol, Ceteareth20, Sclerotium Gum, Propanediol, Sodium Hydroxide, Hexylene Glycol, Sodium Benzoate, Disodium EDTA, 1,2Hexanediol, Benzoic Acid, Potassium Sorbate, Citral, Fragrance (Parfum), Phenoxyethanol",299,5287,1.0,0.0,https://www.sephora.com/product/concentrated-reconstructing-serum-P282934?icid2=products%20grid:p282934,1.0,98.0
PRO Strength Exfoliating Super Peel,Peter Thomas Roth,facial-treatments,88.0,"Phytic Acid, Sodium Hydroxide, Glycolic Acid, Sodium PCA, Ethylhexylglycerin, Salicylic Acid, Propanediol, Potassium Sorbate.",103,4431,1.7,0.0,https://www.sephora.com/product/pro-strength-exfoliating-super-peel-P448718?icid2=products%20grid:p448718,1.7,51.76470588235294
Kakadu C ™ Serum,DERMAdoctor,facial-treatments,95.0,"3OEthyl Ascorbic Acid, Ethoxydiglycol, Glycerin, PEG40 Hydrogenated Castor Oil, Butylene Glycol, Citric Acid, Terminalia Ferdinandiana (Kakadu) Fruit Extract, Epigallocatechin Gallate, Tocopherol, Alcohol, Sodium Citrate, Phenoxyethanol, Triethanolamine, Ferulic Acid, Caprylyl Glycol, Ethylhexylglycerin, Disodium EDTA, Hexylene Glycol, Panthenol, Sodium Hyaluronate.",65,4295,1.0,0.0,https://www.sephora.com/product/kakadu-c-serum-P393238?icid2=products%20grid:p393238,1.0,95.0
Super Aqua-Serum,Guerlain,facial-treatments,180.0,"3OEthyl Ascorbic Acid, Ethoxydiglycol, Glycerin, PEG40 Hydrogenated Castor Oil, Butylene Glycol, Citric Acid, Terminalia Ferdinandiana (Kakadu) Fruit Extract, Epigallocatechin Gallate, Tocopherol, Alcohol, Sodium Citrate, Phenoxyethanol, Triethanolamine, Ferulic Acid, Caprylyl Glycol, Ethylhexylglycerin, Disodium EDTA, Hexylene Glycol, Panthenol, Sodium Hyaluronate.",25,1370,1.6,0.0,https://www.sephora.com/product/super-aqua-serum-P213200?icid2=products%20grid:p213200,1.6,112.5
Dr. Andrew Weil For Origins™ Mega-Bright Dark Spot Correcting Serum,Origins,facial-treatments,80.0,"Dimethicone, Isododecane, Cyclopentasiloxane, Polysilicone11, Butylene Glycol, Ascorbyl Glucoside, Peg10 Dimethicone, Citrus Aurantium Dulcis (Orange) Peel Oil*, Pelargonium Graveolens Oil*, Cananga Odorata Flower Oil*, Eugenia Caryophyllus (Clove) Bud Oil*, Rosa Damascena Flower Oil*, Jasminum Officinale (Jasmine) Oil*, Viola Odorata Flower/Leaf Extract, Polianthes Tuberosa Extract, Citronellol, Geraniol, Benzyl Benzoate, Eugenol, Peg6, Rosa Roxburghii Fruit Extract, Paeonia Albiflora (Peony) Root Extract, Gentiana Lutea (Gentian) Root Extract, Hordeum Vulgare (Barley) Extract/Extrait D'Orge, Triticum Vulgare (Wheat) Germ Extract, Hydrolyzed Rice Bran Extract, Algae Extract, Salicylic Acid, Cholesterol, Glycerin, Solanum Lycopersicum (Tomato) Fruit/Leaf/Stem Extract, Molasses Extract/Saccharum Officinarum/Extrait De Melasse, Squalane, Hydroxyethyl Acrylate/Sodium Acryloyldimethyl Taurate Copolymer, Polysorbate 20, Hordeum Distichon (Barley) Extract/Extrait D'Orge � Deux Rangs, Polygonum Cuspidatum Root Extract, Laminaria Digitata Extract, Tocopheryl Acetate, Caprylyl Glycol, Sodium Hyaluronate, Tetrahexyldecyl Ascorbate, Dipotassium Glycyrrhizate, DiC1218 Alkyl Dimonium Chloride, Tromethamine, Polysorbate 60, Ammonium Acryloyldimethyltaurate/Vp Copolymer, Glycyrrhetinic Acid, Sodium Hydroxide, Hexylene Glycol, Silica, Phenoxyethanol, Titanium Dioxide (Ci 77891), Mica <iln41575>* Essential Oil",32,3967,0.0,1.7,https://www.sephora.com/product/dr-andrew-weil-for-origins-mega-bright-dark-spot-correcting-serum-P408237?icid2=products%20grid:p408237,1.7,47.05882352941177
Rapid Resurfacing Peel,Murad,facial-treatments,46.0,"Alcohol Denat., Glycerin, Glycolic Acid, Sodium Hydroxide, Linoleic Acid, Punica Granatum Extract, Dipotassium Glycyrrhizate, Ascorbic Acid, Chitosan, Propyl Gallate, Lecithin, PEG40 Hydrogenated Castor Oil, Butylene Glycol, Hydroxyethylcellulose, Disodium EDTA",60,10108,0.0,0.0,https://www.sephora.com/product/rapid-resurfacing-peel-P413063?icid2=products%20grid:p413063,1.3220803357314155,34.79364964198744
Cold Plasma+ Advanced Serum Concentrate,Perricone MD,facial-treatments,149.0,"Glycerin, Isopropyl Palmitate, Cetearyl Alcohol, Glyceryl Stearate, PEG100 Stearate, Butylene Glycol, Phosphatidylcholine, Tetrahexyldecyl Ascorbate, Dimethyl MEA, Acetyl Hexapeptide8, Palmitoyl Tripeptide1, Palmitoyl Tetrapeptide3, Tyrosine, Glycolic Acid, Helianthus Annuus (Sunflower) Seed Oil, Magnesium Aspartate, Zinc Gluconate, Rosmarinus O_cinalis (Rosemary) Leaf Extract, Copper Gluconate, Sodium Hyaluronate, Retinyl Palmitate, Echium Plantagineum Seed Oil, Hydrolyzed Myrtus Communis Leaf Extract, Copper Tripeptide1, Dimethicone, Disodium EDTA, Carbomer, Ceteareth20, Cyclopentasiloxane, Caprylyl Glycol, Cetearyl Alcohol, Cyclohexasiloxane, Polysorbate 20, Zea Mays (Corn) Oil, Phenoxyethanol, Sorbic Acid.",1000,3595,0.0,1.0,https://www.sephora.com/product/cold-plasma-face-P426830?icid2=products%20grid:p426830,1.0,149.0
Blemish Bully Acne Spot Treatment,tarte,facial-treatments,16.0,"SD Alcohol 40B, Butylene Glycol, Niacinamide, Carbomer, Octadecenedioic Acid, Phenoxyethanol, Aminomethyl Propanol, Azelaic Acid, Caffeine, Sodium Ascorbyl Phosphate, Glycerin, Hamamelis Virginiana (Witch Hazel) Extract, Eugenia Caryophyllus (Clove) Leaf Oil, Eugenol, Cucumis Sativus (Cucumber) Fruit Extract, Origanum Vulgare Leaf Oil.",93,10026,0.33,0.0,https://www.sephora.com/product/blemish-bully-acne-spot-treatment-P428006?icid2=products%20grid:p428006,0.33,48.484848484848484
Blackhead Clearing Fizz Mask,Dermalogica,facial-treatments,21.0,"ater/Aqua/Eau, Disiloxane, Sulfur, Cocamidopropyl Betaine, Kaolin, Glycerin, Pyrus Malus (Apple) Fruit Extract, Disodium Cocoyl Glutamate, Acacia Senegal Gum, Polyacrylate33, Hectorite, Butylene Glycol, Zingiber Officinale (Ginger) Root Oil, Quartz, Lecithin, Caprylic/Capric Triglyceride, Tocopherol, Rosmarinus Officinalis (Rosemary) Leaf Oil, Curcuma Longa (Turmeric) Root Extract, Eucalyptus Globulus Leaf Oil, Citrus Reticulata (Tangerine) Leaf Oil, Thymus Vulgaris (Thyme) Flower/Leaf Oil, Salvia Sclarea (Sage) Oil, Mentha Viridis (Spearmint) Leaf Oil, Mentha Piperita (Peppermint) Oil, Lavandula Angustifolia (Lavender) Oil, Abies Sibirica Oil, Aniba Rosaeodora (Rosewood) Wood Oil, Cymbopogon Nardus (Citronella) Oil, Melaleuca Alternifolia (Tea Tree) Leaf Oil, Sodium Cocoyl Threoninate, Xanthan Gum, Microcrystalline Cellulose, Sodium Cocoyl Glutamate, Sodium Citrate, Pentylene Glycol, Sodium Hydroxide, Ethylhexylglycerin, Caprylyl Glycol, Tetrasodium Glutamate Diacetate, Phenoxyethanol.",308,2947,1.7,0.0,https://www.sephora.com/product/blackhead-clearing-fizz-mask-P443363?icid2=products%20grid:p443363,1.7,12.352941176470589
Intensive-C® Radiance Peel ,Murad,facial-treatments,59.0,"Kaolin, Synthetic Beeswax, Glycerin, Glycolic Acid, Ethyl Ester of PVM/MA Copolymer, Cetearyl Alcohol, Pentylene Glycol, Sodium Ascorbyl Phosphate, Urea, Yeast Amino Acids, Trehalose, Inositol, Taurine, Betaine, Tocopheryl Acetate, Ethylhexyl Palmitate, Silica Dimethyl Silylate, Sodium Hyaluronate, Hydrolyzed Opuntia Ficus Indica Flower Extract, Hydrolyzed Myrtus Communis Leaf Extract, Dipotassium Glycyrrhizate, Butylene Glycol, Fomes Officinalis (Mushroom) Extract, Cimicifuga Racemosa Root Extract, Ascorbic Acid, Chitosan, Propyl Gallate, Zinc Gluconate, Methyl Diisopropyl Propionamide, Ethyl Menthane Carboxamide, Menthyl Lactate, Hydrated Silica, Lauryl Laurate, Zea Mays (Corn) Starch, Hydrolyzed Corn Starch Octenylsuccinate, Hydrolyzed Corn Starch, Aminomethyl Propanol, Hydroxyethyl Acrylate/Sodium Acryloyldimethyl Taurate Copolymer, Ceteareth20, Hydroxyethylcellulose, Sodium Hydroxide, Disodium EDTA, Phenoxyethanol, Caprylyl Glycol, Chlorphenesin, Limonene, Citrus Aurantium Dulcis (Orange) Peel Oil, Citrus Nobilis (Mandarin Orange) Peel Oil, Ocimum Basilicum (Basil) Oil, Citrus Grandis (Grapefruit) Peel Oil, Ferula Galbaniflua (Galbanum) Resin Oil.",179,16102,0.0,1.7,https://www.sephora.com/product/intensive-c-radiance-peel-P308300?icid2=products%20grid:p308300,1.7,34.705882352941174
Future Solution LX Intensive Firming Contour Serum,Shiseido,facial-treatments,306.0,"Dimethicone, Dipropylene Glycol, Glycerin, BisPeg18 Methyl Ether Dimethyl Silane, Peg75, Diphenylsiloxy Phenyl Trimethicone, BisDiglyceryl Polyacyladipate2, Piperidinepropionic Acid, Trimethylsiloxysilicate, Polysilicone11, Polysorbate 20, Peg10 Dimethicone, Pentaerythrityl Tetraethylhexanoate, Phenoxyethanol, Sodium Acrylate/Sodium Acryloyldimethyl Taurate Copolymer, Peg60 Glyceryl Isostearate, Butylene Glycol, Isostearic Acid, Isohexadecane, Sodium Citrate, Succinoglycan, Acrylates/C1030 Alkyl Acrylate Crosspolymer, Tocopheryl Acetate, Sodium Hyaluronate, Fragrance (Parfum), Polysorbate 80, Potassium Hydroxide, Lauryl Betaine, Bht, 2OEthyl Ascorbic Acid, Xanthan Gum, Citric Acid, Sodium Metabisulfite, Disodium Edta, Sorbitan Oleate, Sodium Metaphosphate, Alcohol, Linalool, Glycyrrhiza Glabra (Licorice) Root Extract, Butylphenyl Methylpropional, Limonene, Iron Oxides (Ci 77492), AlphaIsomethyl Ionone, Prunus Speciosa Leaf Extract, Citronellol, Geraniol, Benzyl Benzoate, Angelica Acutiloba Root Extract, Rubus Suavissimus (Raspberry) Leaf Extract, Isodonis Japonicus Leaf/Stalk Extract, Iron Oxides (Ci 77491), Hibiscus Esculentus Fruit Extract, Camellia Sinensis Leaf Extract, Tocopherol, Sodium Benzoate.",4,871,1.6,0.0,https://www.sephora.com/product/future-solution-lx-intensive-firming-contour-serum-P423166?icid2=products%20grid:p423166,1.6,191.25
Blue Herbal Spot Treatment,Kiehl's Since 1851,facial-treatments,20.0,"Alcohol Denat., Glycerin, Butylene Glycol, Methyl Methacrylate Crosspolymer, Ammonium Polyacryloyldimethyl Taurate, Perlite, Nylon12, Dipropylene Glycol, Xanthan Gum, Peumus Boldus Leaf Extract, Boswellia Serrata Extract, Hamamelis Virginiana (Witch Hazel) TButyl Alcohol, Camphor, Menthol, Zingiber Officinale (Ginger) Root Extract, Sanguisorba Officinalis Root Extract, Cinnamomum Cassia Bark Extract, Phenoxyethanol, Cinnamal, Laminaria Saccharina Extract, Zinc Sulfate, Pyridoxine HCL, Sodium Hydroxide, Citric Acid.",58,9422,0.5,0.0,https://www.sephora.com/product/blue-herbal-spot-treatment-P422018?icid2=products%20grid:p422018,0.5,40.0
Time In A Bottle 100% In-Control,philosophy,facial-treatments,76.0,"Alcohol Denat., Glycerin, Butylene Glycol, Methyl Methacrylate Crosspolymer, Ammonium Polyacryloyldimethyl Taurate, Perlite, Nylon12, Dipropylene Glycol, Xanthan Gum, Peumus Boldus Leaf Extract, Boswellia Serrata Extract, Hamamelis Virginiana (Witch Hazel) TButyl Alcohol, Camphor, Menthol, Zingiber Officinale (Ginger) Root Extract, Sanguisorba Officinalis Root Extract, Cinnamomum Cassia Bark Extract, Phenoxyethanol, Cinnamal, Laminaria Saccharina Extract, Zinc Sulfate, Pyridoxine HCL, Sodium Hydroxide, Citric Acid.",49,3236,1.3,0.0,https://www.sephora.com/product/time-in-bottle-100-in-control-P416400?icid2=products%20grid:p416400,1.3,58.46153846153846
Perfectionist Pro Rapid Firm + Lift Treatment,Estée Lauder,facial-treatments,78.0,"Dimethicone, Butylene Glycol, Caprylic/Capric Triglyceride, Glycerin, BisPeg18 Methyl Ether Dimethyl Silane, Polysorbate 20, Lauryl Peg9 Polydimethylsiloxyethyl Dimethicone, Polysilicone11, Mangifera Indica (Mango) Seed Butter, Phoenix Dactylifera (Date) Fruit Extract, Pisum Sativum (Pea) Extract, Cucumis Sativus (Cucumber) Fruit Extract, Crithmum Maritimum Extract, Laminaria Ochroleuca Extract, Commiphora Mukul Resin Extract, Triticum Vulgare (Wheat) Germ Extract, Bambusa Vulgaris (Bamboo) Extract, Chlorella Vulgaris Extract, Laminaria Saccharina Extract, Brassica Campestris (Rapeseed) Sterols, Helianthus Annuus (Sunflower) Seed Extract, Algae Extract, Hypnea Musciformis (Algae) Extract, Sigesbeckia Orientalis (St. Paul'S Wort) Extract, Nymphaea Alba (Water Lily) Flower Extract, Acetyl Glucosamine, Caffeine, Gellidiella Acerosa Extract, Coffea Arabica (Coffee) Seed Extract, Sodium Hyaluronate, Lactic Acid, Propylene Glycol Dicaprate, Saccharide Isomerate, Methyl Gluceth20, Ethylhexylglycerin, Acrylamide/Sodium Acryloyldimethyltaurate Copolymer, Helianthus Annuus (Sunflower) Seedcake, Caprylyl Glycol, Isohexadecane, Tocopheryl Acetate, Acrylates/C1030 Alkyl Acrylate Crosspolymer, Glyceryl Polymethacrylate, Sodium Polyacrylate Starch, Squalane, Sodium Pca, Urea, Zea Mays (Corn) Kernel Extract, Whey Protein/Lactis Protein/Proteine Du PetitLait, Palmaria Palmata Extract, Polysorbate 80, Acetyl Hexapeptide8, Triolein, Hydrolyzed Rice Extract, Linoleic Acid, Trehalose, Glycine Soja (Soybean) Protein, Glucosamine Hcl, Phospholipids, Laminaria Digitata Extract, Hordeum Vulgare (Barley) Extract/Extrait D'Orge, Polyquaternium51, Palmitoyl Hexapeptide12, Ergothioneine, Aminopropyl Ascorbyl Phosphate, Peg8, Phytosteryl Canola Glycerides, Pentylene Glycol, Oleic Acid, Palmitic Acid, Xanthan Gum, Fragrance, Sodium Hydroxide, Citric Acid, Silica, Calcium Chloride, Stearic Acid, Dipropylene Glycol, Sodium Palmitoyl Proline, Disodium Edta, Bht, Potassium Sorbate, Phenoxyethanol, Mica, Titanium Dioxide (Ci 77891), Iron Oxides (Ci 77491, Ci 77492, Ci 77499) <iln43743>.</iln43743>",10,3209,1.0,0.0,https://www.sephora.com/product/perfectionist-pro-rapif-firm-lift-treatment-P427513?icid2=products%20grid:p427513,1.0,78.0
Capture Youth Intense Rescue Age-Delay Revitalizing Oil-Serum,Dior,facial-treatments,95.0,"Dimethicone, Butylene Glycol, Caprylic/Capric Triglyceride, Glycerin, BisPeg18 Methyl Ether Dimethyl Silane, Polysorbate 20, Lauryl Peg9 Polydimethylsiloxyethyl Dimethicone, Polysilicone11, Mangifera Indica (Mango) Seed Butter, Phoenix Dactylifera (Date) Fruit Extract, Pisum Sativum (Pea) Extract, Cucumis Sativus (Cucumber) Fruit Extract, Crithmum Maritimum Extract, Laminaria Ochroleuca Extract, Commiphora Mukul Resin Extract, Triticum Vulgare (Wheat) Germ Extract, Bambusa Vulgaris (Bamboo) Extract, Chlorella Vulgaris Extract, Laminaria Saccharina Extract, Brassica Campestris (Rapeseed) Sterols, Helianthus Annuus (Sunflower) Seed Extract, Algae Extract, Hypnea Musciformis (Algae) Extract, Sigesbeckia Orientalis (St. Paul'S Wort) Extract, Nymphaea Alba (Water Lily) Flower Extract, Acetyl Glucosamine, Caffeine, Gellidiella Acerosa Extract, Coffea Arabica (Coffee) Seed Extract, Sodium Hyaluronate, Lactic Acid, Propylene Glycol Dicaprate, Saccharide Isomerate, Methyl Gluceth20, Ethylhexylglycerin, Acrylamide/Sodium Acryloyldimethyltaurate Copolymer, Helianthus Annuus (Sunflower) Seedcake, Caprylyl Glycol, Isohexadecane, Tocopheryl Acetate, Acrylates/C1030 Alkyl Acrylate Crosspolymer, Glyceryl Polymethacrylate, Sodium Polyacrylate Starch, Squalane, Sodium Pca, Urea, Zea Mays (Corn) Kernel Extract, Whey Protein/Lactis Protein/Proteine Du PetitLait, Palmaria Palmata Extract, Polysorbate 80, Acetyl Hexapeptide8, Triolein, Hydrolyzed Rice Extract, Linoleic Acid, Trehalose, Glycine Soja (Soybean) Protein, Glucosamine Hcl, Phospholipids, Laminaria Digitata Extract, Hordeum Vulgare (Barley) Extract/Extrait D'Orge, Polyquaternium51, Palmitoyl Hexapeptide12, Ergothioneine, Aminopropyl Ascorbyl Phosphate, Peg8, Phytosteryl Canola Glycerides, Pentylene Glycol, Oleic Acid, Palmitic Acid, Xanthan Gum, Fragrance, Sodium Hydroxide, Citric Acid, Silica, Calcium Chloride, Stearic Acid, Dipropylene Glycol, Sodium Palmitoyl Proline, Disodium Edta, Bht, Potassium Sorbate, Phenoxyethanol, Mica, Titanium Dioxide (Ci 77891), Iron Oxides (Ci 77491, Ci 77492, Ci 77499) <iln43743>.</iln43743>",3,0,1.0,0.0,https://www.sephora.com/product/capture-youth-intense-rescue-age-delay-revitalizing-oil-serum-P440922?icid2=products%20grid:p440922,1.0,95.0
Orchidée Impériale The Gel Cream,Guerlain,facial-treatments,335.0,Gold Orchid Technology: Combined with softfocus powders and effective toning ingredients to visibly firm skin.,1,667,1.0,0.0,https://www.sephora.com/product/orchidee-imperiale-gel-cream-P421259?icid2=products%20grid:p421259,1.0,335.0
3-in-1 Extractor,SEPHORA COLLECTION,facial-treatments,23.0,Gold Orchid Technology: Combined with softfocus powders and effective toning ingredients to visibly firm skin.,494,14637,0.0,0.0,https://www.sephora.com/product/3-in-1-extractor-P231607?icid2=products%20grid:p231607,1.3220803357314155,17.39682482099372
Clarifying Serum,Dr. Barbara Sturm,facial-treatments,250.0,"Water (Aqua), Propanediol, Lactobacillus/Portulaca Oleracea Ferment Extract, Zinc PCA, Phenoxyethanol, Xanthan Gum, Disodium EDTA, Ethylhexylglycerin, Albatrellus Ovinus Extract, Sodium Hyaluronate, Hexylene Glycol, Polygonum Bistorta Root Extract, Sodium Hydroxide, Leuconostoc/Radish Root Ferment Filtrate, Citric Acid, Caprylyl Glycol.",6,856,1.0,0.0,https://www.sephora.com/product/dr-barbara-sturm-clarifying-serum-P448557?icid2=products%20grid:p448557,1.0,250.0
High Potency Growth Factor Firming & Lifting Serum,Perricone MD,facial-treatments,129.0,"Butylene Glycol, Heptyl Undecylenate, Lecithin, Alcohol Denat., Polymethyl Methacrylate, Niacinamide, Pentaerythrityl Adipate/Caprate/Caprylate/Heptanoate, Phosphatidylcholine, Ascorbyl Palmitate, Hydrolyzed Egg Shell Membrane, Tricaprylin, Retinol, Tocopherol, BHT, Hydroxyethyl Acrylate/Sodium Acryloyldimethyl Taurate Copolymer, Dipropylene Glycol, Acrylates/C1030 Alkyl Acrylate Crosspolymer, Cetearyl Alcohol, Stearic Acid, Caprylyl Glycol, Glyceryl Stearate, PEG100 Stearate, Spermidine, Sodium Polyacrylate, Phenoxyethanol, Fragrance/Parfum, Limonene, Linalool, Hydroxycitronellal, Citronellol, Benzyl Alcohol, Geraniol.",258,392,2.0,0.0,https://www.sephora.com/product/high-potency-growth-factor-firming-lifting-serum-P452005?icid2=products%20grid:p452005,2.0,64.5
Deep Sea Collagen Elixir Serum Plump and Refine,Edible Beauty,facial-treatments,43.0,"Glycerin, Undaria pinnatifida (Seaweed Collagen), Acacia Senegal, Organic Litchi Chinensis (Lychee), Organic Panicum Miliaceum (Millet) Seed, Ulva Lactuca (Seaweed Leaf), Organic Portulaca Oleracea Extract, pAnisic acid, Glyceryl Caprylate.",17,2481,1.0,0.0,https://www.sephora.com/product/deep-sea-collagen-elixir-serum-plump-refine-P443543?icid2=products%20grid:p443543,1.0,43.0
Clear Skin Days by Sephora Collection Brightening Peel Pads,SEPHORA COLLECTION,facial-treatments,12.0,"Propylene Glycol, Glycolic Acid, Sodium Hydroxide, Salicylic Acid, Phenoxyethanol, Niacinamide, Ethylhexylglycerin, Sodium Gluconate.",37,3937,0.0,0.0,https://www.sephora.com/product/clear-skin-days-by-sephora-collection-brightening-peel-pads-P448488?icid2=products%20grid:p448488,1.3220803357314155,9.076604254431507
Double-Ended Blemish Extractor,SEPHORA COLLECTION,facial-treatments,18.0,"Propylene Glycol, Glycolic Acid, Sodium Hydroxide, Salicylic Acid, Phenoxyethanol, Niacinamide, Ethylhexylglycerin, Sodium Gluconate.",509,12637,0.0,0.0,https://www.sephora.com/product/double-ended-blemish-extractor-P0417?icid2=products%20grid:p0417,1.3220803357314155,13.614906381647259
+Retinol Vita C Power Serum,Kate Somerville,facial-treatments,98.0,"Dimethicone, Propanediol, Polysilicone11, Polysorbate 20, Isocetyl Stearate, Volcanic Soil, Glyceryl Stearate, Isohexadecane, PEG100 Stearate, Fragrance, Retinol, Ascorbic Acid, Tocopheryl Acetate, Hyaluronic Acid, Physalis Angulata Extract, Sodium Hyaluronate, Tocopherol, Hexapeptide2, Ethylhexylglycerin, Amylopectin, PEG7 Trimethylolpropane Coconut Ether, Adenosine, Hydroxyethyl Acrylate/Sodium Acryloyldimethyl Taurate Copolymer, 1,2Hexanediol, Butylene Glycol, Ammonium Polyacryloyldimethyl Taurate, Caprylic/Capric Triglyceride, Polyisobutene, Sorbitan Isostearate, Stearic Acid, Polysorbate 80, Dimethiconol, Caprylhydroxamic Acid, BHA, BHT, Disodium EDTA.",91,5022,1.0,0.0,https://www.sephora.com/product/retinol-vita-c-power-serum-P436365?icid2=products%20grid:p436365,1.0,98.0
Youth Creator- Age Knockdown Bomb,belif,facial-treatments,65.0,"Aqua (Water), Glycerin, Dipropylene Glycol, PEG/PPG/Polybutylene Glycol8/5/3 Glycerin, Glyceryl Polymethacrylate, Dimethicone, 1,2Hexanediol, PEG150, Methyl Trimethicone, Panthenol, Phenyl Trimethicone, Propylene Glycol, Avena Sativa (Oat) Kernel Extract*, Calendula Officinalis Flower Extract*, Nepeta Cataria Extract*, Rubus Idaeus (Raspberry) Leaf Extract*, Baptisia Tinctoria Root Extract*, Stellaria Media (Chickweed) Extract*, Euphrasia Officinalis Extract+, Glycyrrhiza Glabra (licorice) Root Extract+, Achillea Millefolium Flower Extroct+, Aesculus Hippocastanum (Horse chestnut) Leaf Extract+, Rhodiola Rosea Root Extract+, Vaccinium Myrtillus Fruit Extract+, Equisetum Arvense Leaf Extract+, Chrysanthemum Indicum Flower Extract, Centella Asiatica Leaf Extract, Butylene Glycol, Cedrol, Adenosine, Serine, Hydrogenated Lecithin, Ceramide NP, Glyceryl Stearate, Glycereth20, BetaGlucan, Biosaccharide GumI, Caprylic/Capric Triglyceride, Squalane, Butyrospermum Parkii (Shea) Butter, PEGIO Rapeseed Sterol, Stearic Acid. Tromethamine, Mica, Titanium Dioxide(CI 77891), Iron Oxides (CI 77491), Cyclopentasiloxane, Dimethiconol, Phytostery1/Isostearyl/Cety1/Stearyl/Behenyl Dimer Dilincleate, Acrylates/C1030 Alkyl Acrylate Crosspolymer, Arachidyl Alcohol, Behenyl Alcohol, Arachidyl Glucoside, Xanthan Gum, Polymethylsilsesquioxane, Ethylhexylglycerin, Cetearyl Alcohol, Trisodium EDTA, Algin, PEG60 Hydrogenated Castor Oil, Carbomer, Sodium Polyacrylate, Cholesterol, Citrus Aurantium Dulcis (Orange) Peel Oil**, Citrus Aurantifolia (Lime) Oil**, Rosmarinus Officinalis (Rosemary) Leaf Oil**, Pelargonium Graveolens Flower Oil**, Citral, Citronellol, Limonene, Geraniol, Linalool.",301,3803,1.68,0.0,https://www.sephora.com/product/youth-creator-age-knockdown-bomb-P449596?icid2=products%20grid:p449596,1.68,38.69047619047619
Original Skin™ Renewal Serum with Willowherb,Origins,facial-treatments,41.0,"Butylene Glycol, Silica, Polymethylsilsesquioxane, Dimethicone, Glycerin, Hdi/Trimethylol Hexyllactone Crosspolymer, Polysilicone11, Citrus Grandis (Grapefruit) Peel Oil*, Lavandula Angustifolia (Lavender) Oil*, Pelargonium Graveolens Flower Oil*, Amyris Balsamifera Bark Oil*, Salvia Sclarea (Clary) Oil*, Anthemis Nobilis Flower Oil*, Rosa Centifolia Flower Extract, Limonene, Linalool, Epilobium Angustifolium Flower\Leaf\Stem Extract, Albizia Julibrissin Bark Extract, Castanea Sativa (Chestnut) Seed Extract, Salicylic Acid, Paeonia Suffruticosa (Peony) Root Extract, Molasses Extract, Laminaria Saccharina Extract, Bambusa Vulgaris (Bamboo) Extract, Pisum Sativum (Pea) Extract, Sigesbeckia Orientalis (St. Paul's Wort) Extract, Laminaria Digitata Extract, Acetyl Hexapeptide8, Ethylhexylglycerin, Caffeine, Urea, Lauryl PEG9 Polydimethylsiloxyethyl Dimethicone, Arginine, Beeswax, Sodium Hyaluronate, Phospholipids, PEG11 Methyl Ether Dimethicone, Dimethicone Crosspolymer, Caprylyl Glycol, Sodium PCA, Dimethicone/Vinyl Dimethicone Crosspolymer, Magnesium Ascorbyl Phosphate, Glucosamine HCL, Sodium Phytate, Hexylene Glycol, Laureth12, Trehalose, Polyquaternium51, Tromethamine, Silica Silylate, Carbomer, Ammonium Acryloyldimethyltaurate/Vp Copolymer, Tocopheryl Acetate, Potassium Sorbate, Chlorphenesin, Phenoxyethanol, Mica, Iron Oxides (Ci 77491, Ci 77492, Ci 77499), Titanium Dioxide (Ci 77891). *Essential Oil.",769,20561,0.0,1.0,https://www.sephora.com/product/original-skin-renewal-serum-with-willowherb-P392523?icid2=products%20grid:p392523,1.0,41.0
"Black Pine 3D Sculpting, Firming and Lifting Face Serum",KORRES,facial-treatments,75.0,"Pentylene Glycol, Sinorhizobium Meliloti Ferment Filtrate, Saccharomyces/Xylinum/ Black Tea Ferment, Glycerin, Ascorbyl Palmitate, Avena Sativa (Oat) Kernel Extract, Benzyl Alcohol, Brassica Napus Extract, Butylene Glycol, Cetyl Hydroxyethylcellulose, Epigallocatechin Gallate, Epigallocatechin Gallatyl Glucoside, Ethylhexylglycerin, Glyceryl Acrylate/Acrylic Acid Copolymer, Helianthus Annuus (Sunflower) Seed Oil, Hexapeptide11, Hydrolyzed Sodium Hyaluronate, Hydrolyzed Soybean Fiber, Hydroxyethylcellulose, Lactic Acid, Lecithin, Parfum/Fragrance, Peucedanum Graveolens (Dill) Extract, Phenoxyethanol, Pinus Nigra Bud/Needle Extract, Polyacrylate Crosspolymer6, Polyglyceryl5 Laurate, Potassium Sorbate, Sodium Benzoate, Sodium Carboxymethyl BetaGlucan, Sodium Dehydroacetate, Sodium Hyaluronate, Tetrasodium Glutamate Diacetate, Tocopherol, Xanthan Gum",35,3660,1.01,0.0,https://www.sephora.com/product/black-pine-3d-sculpting-firming-lifting-face-serum-P418870?icid2=products%20grid:p418870,1.01,74.25742574257426
Ultimate Revival Serum,SK-II,facial-treatments,325.0,"Galactomyces Ferment Filtrate*, Butylene Glycol, Glycerin, Pentylene Glycol, Sodium Hyaluronate, Hexapeptide3, Polyglyceryl10 Myristate, Pentaerythrityl Tetraethylhexanoate, Dipotassium Glycyrrhizate, Xanthan Gum, Diphenyl Dimethicone, Sodium Hydroxide, Sodium Benzoate, Methylparaben, Disodium EDTA. *Pitera",1,578,1.6,0.0,https://www.sephora.com/product/ultimate-revival-serum-P428104?icid2=products%20grid:p428104,1.6,203.125
Hepta-Peptide Anti-Aging Serum,The INKEY List,facial-treatments,14.99,"Polysilicone11, Hydrogenated Polydecene, Hydrogenated Polyisobutene, Polymethylsilsesquioxane, Phenoxyethanol, Sodium Caproyl Prolinate, Laureth12, Benzyl Alcohol, Carbomer, Hydroxyethyl Acrylate/Sodium Acryloyldimethyl Taurate Copolymer, Squalane, Ethylhexylglycerin, Carnosine, Sodium Hydroxide, Glycerin, Trisodium Ethylenediamine Disuccinate, Polysorbate 60, Dehydroacetic Acid, Citric Acid, Heptapeptide7, Lecithin, Potassium Sorbate, Propanediol, Sodium Benzoate, Xanthan Gum, Sorbitan Isostearate.",68,4379,1.0,0.0,https://www.sephora.com/product/hepta-peptide-serum-P443831?icid2=products%20grid:p443831,1.0,14.99
Line Smoother Oil-Free Moisturizer,Jack Black,facial-treatments,32.0,"Polysilicone11, Hydrogenated Polydecene, Hydrogenated Polyisobutene, Polymethylsilsesquioxane, Phenoxyethanol, Sodium Caproyl Prolinate, Laureth12, Benzyl Alcohol, Carbomer, Hydroxyethyl Acrylate/Sodium Acryloyldimethyl Taurate Copolymer, Squalane, Ethylhexylglycerin, Carnosine, Sodium Hydroxide, Glycerin, Trisodium Ethylenediamine Disuccinate, Polysorbate 60, Dehydroacetic Acid, Citric Acid, Heptapeptide7, Lecithin, Potassium Sorbate, Propanediol, Sodium Benzoate, Xanthan Gum, Sorbitan Isostearate.",40,2665,3.3,0.0,https://www.sephora.com/product/line-smoother-oil-free-face-moisturizer-P12574?icid2=products%20grid:p12574,3.3,9.696969696969697
Dual Phase Vitamin C-Peel,Erno Laszlo,facial-treatments,108.0,"Water,Linoleamidopropyl PGDimonium Chloride Phosphate, Polyquaternium10, Hydroxyethylcellulose, Sodium Ascorbyl Phosphate, Polysorbate 20, PEG40 Hydrogenated Castor Oil, Trideceth9, Sodium Hydroxide, Disodium EDTA, Lactic Acid,Fragrance, Potassium Sorbate, Phenoxyethanol, Sodium Dehydroacetate, Limonene.",1000,5476,0.0,0.0,https://www.sephora.com/product/white-marble-dual-phase-vitamin-c-peel-P423667?icid2=products%20grid:p423667,1.3220803357314155,81.68943828988355
Vitamin C Ester Brightening Amine Face Lift,Perricone MD,facial-treatments,99.0,"LTyrosine, Dimethyl MEA (DMAE), Ascorbyl Tetraisopalmitate, Tetrahexyldecyl Ascorbate, Isopropyl Palmitate, Glycolic Acid, Ascorbyl Palmitate, Cetearyl Alcohol, Hydroxylated Lecithin, Glyceryl Stearate, PEG100 Stearate, Benzyl Alcohol, Ceteareth20, Rhodiola Rosea Root Extract, Camellia Oleifera (Green Tea) Leaf Extract, Pinus Pinaster Bark Extract, Elaeis Guineensis (Palm) Oil, Magnesium Aspartate, Zinc Gluconate, Pyridoxine HCl, Pantethine, Tocotrienols, Dimethicone, Resveratrol, Disodium EDTA, Tocopherol, Sodium Hyaluronate, Copper Gluconate, Parfum (Fragrance), Astaxanthin.",368,4056,2.0,0.0,https://www.sephora.com/product/high-potency-amine-complex-face-lift-P243237?icid2=products%20grid:p243237,2.0,49.5
Acne Solutions Oil-Control Cleansing Mask,CLINIQUE,facial-treatments,25.0,"Kaolin, Butylene Glycol, Magnesium Aluminum Silicate, Sodium Lauroyl Sarcosinate, Glyceryl Stearate, Peg100 Stearate, Gentiana Lutea (Gentian) Root Extract, Laminaria Saccharina Extract, Sucrose, Chamomilla Recutita (Matricaria), Algae Extract, Aloe Barbadensis Powder, Acetyl Glucosamine, Inulin, 1,2Hexanediol, Caprylyl Glycol, Xanthan Gum, Disodium Edta, Chlorphenesin, Phenoxyethanol, Titanium Dioxide (Ci 77891).",274,16198,3.4,0.0,https://www.sephora.com/product/acne-solutions-oil-control-cleansing-mask-P244701?icid2=products%20grid:p244701,3.4,7.352941176470589
Fix Line Smoothing Serum,NuFACE,facial-treatments,49.0,"Kaolin, Butylene Glycol, Magnesium Aluminum Silicate, Sodium Lauroyl Sarcosinate, Glyceryl Stearate, Peg100 Stearate, Gentiana Lutea (Gentian) Root Extract, Laminaria Saccharina Extract, Sucrose, Chamomilla Recutita (Matricaria), Algae Extract, Aloe Barbadensis Powder, Acetyl Glucosamine, Inulin, 1,2Hexanediol, Caprylyl Glycol, Xanthan Gum, Disodium Edta, Chlorphenesin, Phenoxyethanol, Titanium Dioxide (Ci 77891).",91,879,0.5,0.0,https://www.sephora.com/product/fix-line-smoothing-serum-P440013?icid2=products%20grid:p440013,0.5,98.0
Mini Glow Peel Pads,SEPHORA COLLECTION,facial-treatments,8.0,"Vaccinium Myrtillus Fruit Extract, Glycerin, Saccharum Officinarum (Sugar Cane) Extract, Butylene Glycol, Levulinic Acid, Sodium Benzoate, Citrus Aurantium Dulcis (Orange) Fruit Extract, Citrus Limon (Lemon) Fruit Extract, Perfume (Fragrance), Sodium Levulinate, Sodium Hydroxide, Acer Saccharum (Sugar Maple) Extract, Citric Acid, Chlorella Vulgaris Extract, Aloe Barbadensis Leaf Juice Powder, Potassium Sorbate",9,0,0.0,0.0,https://www.sephora.com/product/mini-glow-away-peel-pads-P442875?icid2=products%20grid:p442875,1.3220803357314155,6.051069502954338
Clarifying Spot Treatment,Dr. Barbara Sturm,facial-treatments,55.0,"Polyglyceryl3 Polyricinoleate, Talc, Cyclopentasiloxane, Dicaprylyl Ether, Ethylhexyl Palmitate, Zinc Oxide, Propanediol, C1215 Alkyl Benzoate, Cocoglycerides, Niacinamide, Simmondsia Chinensis (Jojoba) Seed Oil, Titanium Dioxide (CI 77891), Panthenol, Beeswax (Cera Alba), Cetyl Palmitate, Magnesium Stearate, Magnesium Sulfate, Microcrystalline Wax (Cera Microcristallina), Tocopheryl Acetate, Phenoxyethanol, Iron Oxides (CI 77492), Melaleuca Alternifolia (Tea Tree) Leaf Oil, Iron Oxides (CI 77491), Iron Oxides (CI 77499), Ethylhexylglycerin, Citric Acid, Bioflavonoids, Limonene, Lecithin, Ascorbyl Palmitate, Glyceryl Stearate, Pantolactone, Glyceryl Oleate.",3,999,0.5,0.0,https://www.sephora.com/product/dr-barbara-sturm-clarifying-spot-treatment-P448713?icid2=products%20grid:p448713,0.5,110.0
High Performance Vitamin C Facial Serum,Anthony,facial-treatments,46.0,"Glycerin, Pentylene Glycol, Acrylates/C1030 Alkyl Acrylate Crosspolymer, Xanthan Gum, Butylene Glycol, Magnesium Ascorbyl Phosphate, Carbomer, Hydrolyzed Algin, Glyceryl Acrylate/Acrylic Acid Copolymer, Sea Chlorella Vulgaris Extract, Polysorbate 20, Potassium Sorbate, Carrageenan, Palmitoyl Tetrapeptide7, Sodium Benzoate, Palmitoyl Oligopeptide, Benzyl Alcohol, Sodium Hydroxide, Sodium Pca, Urea, Disodium Edta, Dehydroacetic Acid, Cucumis Sativus (Cucumber) Fruit Extract, Trehalose, Polyquaternium51, Glycyrrhiza Glabra (Licorice) Root Extract, Propylene Glycol, Sodium Hyaluronate, Triacetin, Citrus Bigarardia (Neroli) Extract, Cymbopogon Schoenanthus Extract, Cymbopogon Schoenanthus Oil, Citric Acid.",38,2984,1.0,0.0,https://www.sephora.com/product/high-performance-vitamin-c-facial-serum-P72704?icid2=products%20grid:p72704,1.0,46.0
Repairing Treatment,Proactiv,facial-treatments,42.0,"Ethoxydiglycol, Cyclotetrasiloxane, Cyclopentasiloxane, Cetearyl Alcohol, Dimethicone, Glyceryl Stearate, Peg100 Stearate, Propylene Glycol, Panthenol, Allantoin, Xanthan Gum, Ceteareth20, Carbomer, Sodium Hydroxide, Diazolidinyl Urea, Methylparaben, Propylparaben, Fragrance.",27,585,2.0,0.0,https://www.sephora.com/product/repairing-treatment-P440070?icid2=products%20grid:p440070,2.0,21.0
Peptidin™ Firming Serum with Energy Peptides,Dr. Jart+,facial-treatments,48.0,"Methylpropanediol, Glycerin, 1,2Hexanediol, Caprylic/Capric Triglyceride, Niacinamide, Polyglycerin3, Borago Officinalis Extract, Algae Extract, Eclipta Prostrata Leaf Extract, Cyclohexasiloxane, Centaurea Cyanus Flower Melia Azadirachta Leaf Extract, Melia Azadirachta Flower Extract, Avena Sativa (Oat) Kernel Extract, Cynara Scolymus (Artichoke) Leaf Extract, Pteris Multifida Extract, Coccinia Indica Fruit Extract, Aloe Barbadensis Flower Extract, Solanum Melongena (Eggplant) Fruit Extract, Ocimum Sanctum Leaf Extract, Nymphaea Alba Flower Extract, Corallina Officinalis Extract, Curcuma Longa (Turmeric) Root Extract, Nymphaea Caerulea Flower Ethylhexylglycerin, Adenosine, Fructooligosaccharides, Hydrogenated Lecithin, Citrus Aurantium Bergamia (Bergamot) Fruit Oil, BetaGlucan, Disodium EDTA, Polyquaternium51, Sodium Hyaluronate, Butylene Glycol, AmmoniumAcryloyldimethyltaurate/VP Copolymer, Xanthan Gum, Carbomer, Tromethamine, Inositol, Propanediol, Hydrolyzed Hyaluronic Acid, Dipropylene Glycol, Sodium Palmitoyl Proline, Lavandula Angustifolia (Lavender) Oil, Cholesterol, Caprylyl Glycol, Cyanocobalamin, Glycine, Acetyl Glutamine, Dipalmitoyl Hydroxyproline, Sodium Cocoyl Alaninate, Serine, Glutamic Acid, Aspartic Acid, Leucine, Alanine, Lysine, Arginine, Tyrosine, Phenylalanine, Proline, Threonine, Valine, Isoleucine, Histidine, Cysteine, Methionine, Acetyl Hexapeptide8, Copper Tripeptide1, Hexapeptide9, Nonapeptide1, Palmitoyl Pentapeptide4, Palmitoyl Tetrapeptide7, Palmitoyl Tripeptide1, Tripeptide1.",155,6808,1.35,0.0,https://www.sephora.com/product/firming-serum-with-energy-peptides-P437240?icid2=products%20grid:p437240,1.35,35.55555555555555
Lactic Acid Serum,The INKEY List,facial-treatments,12.99,"Lactic Acid, Propanediol, Glycerin, Sodium Hydroxide, PPG26Buteth26, Sodium Hyaluronate, Phenoxyethanol, PEG40 Hydrogenated Castor Oil, Ethylhexylglycerin, Trisodium Ethylenediamine Disuccinate, Agastache Mexicana Flower/Leaf/Stem Extract.",42,3102,1.0,0.0,https://www.sephora.com/product/lactic-acid-serum-P443844?icid2=products%20grid:p443844,1.0,12.99
Adapalene Gel 0.1% Acne Treatment,Proactiv,facial-treatments,36.0,"Carbomer 940, Edetate Disodium, Methylparaben, Poloxamer 182, Propylene Glycol, Purified Water and Sodium Hydroxide. May contain hydrochloric acid to adjust pH.",203,1896,1.6,0.0,https://www.sephora.com/product/adapalene-gel-0-1-acne-treatment-P440065?icid2=products%20grid:p440065,1.6,22.5
Breakout Control Targeted Acne Spot Treatment,Kiehl's Since 1851,facial-treatments,28.0,"Alcohol Denat., Glycerin, Butylene Glycol, Methyl Methacrylate Crosspolymer, Ammonium Polyacryloyldimethyl Taurate, Perlite, Nylon12, Dipropylene Glycol, Xanthan Gum, Peumus Boldus Leaf Extract, Boswellia Serrata Extract, Hamamelis Virginiana (Witch Hazel) TButyl Alcohol, Camphor, Menthol, Zingiber Officinale (Ginger) Root Extract, Sanguisorba Officinalis Root Extract, Cinnamomum Cassia Bark Extract, Phenoxyethanol, Cinnamal, Laminaria Saccharina Extract, Zinc Sulfate, Pyridoxine Hcl, Sodium Hydroxide, Citric Acid.",42,6131,0.68,0.0,https://www.sephora.com/product/breakout-control-targeted-acne-spot-treatment-P422641?icid2=products%20grid:p422641,0.68,41.17647058823529
Dani Glowing Skin Perfector,LANCER Skincare,facial-treatments,95.0,"Aloe Barbadensis Leaf Extract, Pentaerythrityl Tetraisostearate, Trimethylolpropane Tricaprylate/Tricaprate, Neopentyl Glycol Diheptanoate, Cetyl Alcohol, Glycerin, BisStearyl Dimethicone, Propanediol, Glyceryl Stearate, Dimethicone, Phenyl Trimethicone, Stearoxymethicone/Dimethicone Copolymer, Sorbitan Stearate, PEG40, Stearate, Butylene Glycol, Barosma Betulina Leaf Extract, Avena Sativa (Oat) Kernel Extract, Evodia Rutaecarpa Fruit Extract, Galactoarabinan, Tocopheryl Acetate, Hydroxyethyl Acrylate/Sodium Acryloyldimethyl Taurate Copolymer, Polysorbate 60, Ethylhexylglycerin, Ceteareth20, Silica, Xanthan Gum, Citric Acid, Potassium Sorbate, Polymethylmethacrylate, Trisodium Ethylenediamine Disuccinate, Lavandula Angustilfolia (Lavender) Flower Oil, Isohexadecane, Phenethyl Alcohol, Linalool, Limonene, Mica (CI 77019), Iron Oxide (CI 77491), Iron Oxide (CI 77492), Iron Oxide (CI 77499), Titanium Dioxide (CI 77891).",51,1958,1.0,0.0,https://www.sephora.com/product/dani-glowing-skin-perfector-P404485?icid2=products%20grid:p404485,1.0,95.0
Pore Corrector Anti-Aging Primer,Algenist,facial-treatments,42.0,"Butylene Glycol, Dimethicone, Glycerin, Hydroxyethyl Acrylate/Sodium Acryloyldimethyl Taurate Copolymer, Algae Exopolysaccharides, Camellia Sinensis Leaf Extract, Chamomilla Recutita (Matricaria) Flower Extract, Medicago Sativa (Alfalfa) Seed Extract, Prunus Amygdalus Dulcis (Sweet Almond) Seed Extract, Pisum Sativum (Pea) Extract, Hydrolyzed Soy Protein, Hydrolyzed Lupine Protein, Hydrolyzed Wheat Protein, Tripeptide1, Acetyl Tetrapeptide9, Acetyl Dipeptide1 Cetyl Ester, Tocopheryl Acetate, Glycosaminoglycans, Phospholipids, Caffeine, Squalane, Ethylhexylglycerin, Hydroxyethylcellulose, Dimethicone/Vinyl Dimethicone Crosspolymer, Acrylates C10/30 Alkyl Acrylate Crosspolymer, Dimethicone PEG10/15 Crosspolymer, Aminomethyl Propanol, Disodium EDTA, Trisodium EDTA, Dextran, Caprylyl Glycol, Pentlyene Glycol, Hexylene Glycol, Polysorbate 60, Sorbitan Laurate, Sodium Citrate, Potassium Sorbate, Phenoxyethanol, Silica.",178,9397,1.0,0.0,https://www.sephora.com/product/pore-corrector-anti-aging-primer-P378870?icid2=products%20grid:p378870,1.0,42.0
Turnaround Revitalizing Serum,CLINIQUE,facial-treatments,47.0,"Cyclopentasiloxane , Dimethicone , Polysilicone11 , Lactobionic Acid , Morus Nigra (Mulberry) Root Extract , Scutellaria Baicalensis Root Extract , Castanea Sativa (Chestnut) Seed Extract , Salvia Sclarea (Clary) Extract , Vitis Vinifera (Grape) Fruit Extract , Triticum Vulgare (Wheat) Germ Extract , Hordeum Vulgare (Barley) Extract/Extrait D'Orge , Laminaria Saccharina Extract , Polygonum Cuspidatum Root Extract , Oryza Sativa (Rice) Bran Extract , Padina Pavonica Thallus Extract , Saccharomyces Lysate Extract , Acetyl Glucosamine , Caffeine , Cholesterol , Squalane , Pantethine , Peg10 Dimethicone , Salicylic Acid , Glycerin , Ethylhexylglycerin , DiC1218 Alkyl Dimonium Chloride , Polysorbate 20 , Isohexadecane , Butylene Glycol , Caprylyl Glycol , Tocopheryl Acetate , Polysorbate 80 , Sodium Hyaluronate , Acrylamide/Sodium Acryloyldimethyltaurate Copolymer , Ammonium Acryloyldimethyltaurate/Vp Copolymer , Glycyrrhetinic Acid , Sodium Hydroxide , Hexylene Glycol , Disodium Edta , Phenoxyethanol , Mica , Iron Oxides (Ci 77491) , Titanium Dioxide (Ci 77891) <iln41076></iln41076>",134,5895,1.0,0.0,https://www.sephora.com/product/turnaround-revitalizing-serum-P302900?icid2=products%20grid:p302900,1.0,47.0
Silver Skin Savior Salicylic/Glycolic Acid Treatment,Omorovicza,facial-treatments,95.0,"Glycerin, Glycolic Acid, Niacinamide, Cetearyl Olivate, Propanediol, Sorbitan Olivate, Yeast Extract, Sodium Hydroxide, Salicylic Acid, Lactic Acid, Parfum (Fragrance), Colloidal Silver, Xanthan Gum, Behenyl Alcohol, Butyrospermum Parkii (Shea Butter), Leuconostoc/Radish Root Ferment Filtrate, Phospholipids, Hydrogenated Castor Oil, Stearyl Alcohol, Protease, Subtilisin, Geraniol, Citronellol, Linalool.",14,3074,1.7,0.0,https://www.sephora.com/product/silver-skin-savior-salicylic-glycolic-acid-treatment-P438543?icid2=products%20grid:p438543,1.7,55.88235294117647
Time Retreat Radiance Boost Treatment,Eve Lom,facial-treatments,95.0,"Glycerin, Propanediol, Sodium Lactate, Galactoarabinan, Trimethylpentanediol/Adipic Acid Copolymer, Vaccinium Myrtillus Fruit Extract, Panthenol, Alcohol Denat., Saccharum Officinarum (Sugar Cane) Extract, Phenoxyethanol, Arginine, Lysolecithin, Sclerotium Gum, Olus (Vegetable) Oil, Tocopheryl Acetate, Sodium Stearoyl Lactylate, Lecithin, Pentylene Glycol, Citrus Aurantium Dulcis (Orange) Fruit Extract, Citrus Limon (Lemon) Fruit Extract, Pullulan, Xanthan Gum, Inulin Lauryl Carbamate, Helianthus Annuus (Sunflower) Seed Oil, Lactic Acid, Cetyl Alcohol, Citrus Paradisi (Grapefruit) Fruit Extract, Acer Saccharum (Sugar Maple) Extract, Ethylhexylglycerin, Alcohol, Polysorbate 20, Retinol, Terminalia Ferdinandiana Fruit Extract, Sodium Carboxymethyl BetaGlucan, Silica, Glycine Soja (Soybean) Sterols, Pantolactone, Carnosine, Potassium Phosphate, Calendula Officinalis Extract, Citric Acid, Bht, Ascorbyl Palmitate.",6,1723,1.0,0.0,https://www.sephora.com/product/time-retreat-radiance-boost-treatment-P419817?icid2=products%20grid:p419817,1.0,95.0
Power Peel Multi-Acid Resurfacing Pads,Jack Black,facial-treatments,38.0,"Alcohol Denat., Butylene Glycol, Glycolic Acid, Niacinamide, Salicylic Acid, Vaccinium Myrtillus Fruit/Leaf Extract, Glucosamine HCl, Gluconolactone, Saccharomyces Cerevisiae Extract, Algae Extract, Urea, Saccharum Officinarum (Sugar Cane) Extract, Xanthan Gum, Sodium Hydroxide, Glycerin, Lycium Barbarum Fruit Extract*, Anthemis Nobilis Flower Extract, Citrus Aurantium Dulcis (Orange) Fruit Extract, Citrus Limon (Lemon) Fruit Extract, Betula Alba Bark Extract, Hexanoyl Dipeptide3 Norleucine Acetate, Sodium Benzoate, Magnesium Ascorbyl Phosphate, Hamamelis Virginiana (Witch Hazel) Water*, Alcohol, Lecithin, Acer Saccharum (Sugar Maple) Extract, Vaccinium Angustifolium (Blueberry) Fruit Extract, Sodium Hyaluronate, Pelargonium Graveolens Flower Oil*, Phenethyl Alcohol, Caprylyl Glycol, Potassium Sorbate, Tocopheryl Acetate, Phyllanthus Emblica Fruit Extract, Glycine Soja (Soybean) Oil   *Certified Organic",47,4789,0.0,0.0,https://www.sephora.com/product/power-peel-multi-acid-resurfacing-pads-P298331?icid2=products%20grid:p298331,1.3220803357314155,28.7425801390331
The Beauty Boost R45 The Reversal 3-Phase Retinol Booster System,BeautyBio,facial-treatments,150.0,"Glycerin, Butylene Glycol, Cyclopentasiloxane, Pentylene Glycol, Peg12 Dimethicone Crosspolymer, Dimethicone Crosspolymer, Dimethicone/Vinyl Dimethicone Crosspolymer, Sodium Polyacrylate, Dimethicone, Peg/Ppg18 / 18 Dimethicone, Dimethiconol, Sodium Hyaluronate, Camellia Sinensis Extract, Disodium Edta Copper, Myristoyl Pentapeptide 17, Hydroxyphenyl Propamidobenzoic Acid, Bisabolol, Zingiber Officinale (Ginger) Root Extract, Polysorbate 60, Caprylyl Glycol, Phenoxyethanol.",3,511,0.17,0.0,https://www.sephora.com/product/the-beauty-boost-r45-reversal-3-phase-retinol-booster-system-P444461?icid2=products%20grid:p444461,0.17,882.3529411764705
Mattifying Booster Drops,COVER FX,facial-treatments,45.0,"Alcohol Denat., Silica, Hectorite, Phenoxyethanol, Illite, Caprylyl Glycol, Melaleuca Alternifolia (Tea Tree) Leaf Oil, Ethylhexylglycerin, Hexylene Glycol, Montmorillonite, Kaolin.",24,2648,0.0,0.0,https://www.sephora.com/product/mattifying-booster-drops-P442785?icid2=products%20grid:p442785,1.3220803357314155,34.03726595411815
Advanced Active Radiance® Serum,Murad,facial-treatments,90.0,"Glycolic Acid, Butylene Glycol, Hydroxyethyl Acrylate/Sodium Acryloyldimethyl Taurate Copolymer, Cyclopentasiloxane, Urea, Yeast Amino Acids, Trehalose, Inositol, Taurine, Betaine, Hydrolyzed Opuntia Ficus Indica Flower Extract, Hexapeptide2, Hydrolyzed Jojoba Esters, Jojoba Esters, Dimethicone Crosspolymer, Camellia Oleifera Leaf Extract, Avena Sativa (Oat) Kernel Extract, Enantia Chlorantha (Bark) Extract, Oleanolic Acid, Ectoin, Sodium Ascorbyl Phosphate, Biotin, Mannitol, Zinc Gluconate, Tocopheryl Acetate, Dipotassium Glycyrrhizate, Ethylhexyl Palmitate, Silica Dimethyl Silylate, Sodium Hyaluronate, Tetrahexyldecyl Ascorbate, Ascorbic Acid, Chitosan, Propyl Gallate, Methyl Diisopropyl Propionamide, Ethyl Menthane Carboxamide, Menthyl Lactate, Lauryl Laurate, Hydroxyethyl Behenamidopropyl Dimonium Chloride, Ethylhexylglycerin, Silica, Xanthan Gum, PPG26Buteth26, PEG40 Hydrogenated Castor Oil, Sodium Hydroxide, Disodium EDTA, Phenoxyethanol, Caprylyl Glycol, Chlorphenesin, Limonene, Fragrance, Yellow 5 (CI 19140), Orange 4 (CI 15510)",242,6724,1.0,0.0,https://www.sephora.com/product/advanced-active-radiance-serum-P234920?icid2=products%20grid:p234920,1.0,90.0
Hydra Life Deep Hydration Sorbet Water Essence,Dior,facial-treatments,73.0,"Glycolic Acid, Butylene Glycol, Hydroxyethyl Acrylate/Sodium Acryloyldimethyl Taurate Copolymer, Cyclopentasiloxane, Urea, Yeast Amino Acids, Trehalose, Inositol, Taurine, Betaine, Hydrolyzed Opuntia Ficus Indica Flower Extract, Hexapeptide2, Hydrolyzed Jojoba Esters, Jojoba Esters, Dimethicone Crosspolymer, Camellia Oleifera Leaf Extract, Avena Sativa (Oat) Kernel Extract, Enantia Chlorantha (Bark) Extract, Oleanolic Acid, Ectoin, Sodium Ascorbyl Phosphate, Biotin, Mannitol, Zinc Gluconate, Tocopheryl Acetate, Dipotassium Glycyrrhizate, Ethylhexyl Palmitate, Silica Dimethyl Silylate, Sodium Hyaluronate, Tetrahexyldecyl Ascorbate, Ascorbic Acid, Chitosan, Propyl Gallate, Methyl Diisopropyl Propionamide, Ethyl Menthane Carboxamide, Menthyl Lactate, Lauryl Laurate, Hydroxyethyl Behenamidopropyl Dimonium Chloride, Ethylhexylglycerin, Silica, Xanthan Gum, PPG26Buteth26, PEG40 Hydrogenated Castor Oil, Sodium Hydroxide, Disodium EDTA, Phenoxyethanol, Caprylyl Glycol, Chlorphenesin, Limonene, Fragrance, Yellow 5 (CI 19140), Orange 4 (CI 15510)",24,3973,1.3,0.0,https://www.sephora.com/product/hydra-life-deep-hydration-sorbet-water-essence-P417604?icid2=products%20grid:p417604,1.3,56.15384615384615
Essential Fx Acyl-Glutathione Deep Crease Serum,Perricone MD,facial-treatments,179.0,"Propanediol, Squalane, Hydrogenated Polyisobutene, SPalmitoylglutathione, Dimethicone, Glycerin, Macadamia Ternifolia Seed Oil, Xylitylglucoside, Tetrahexyldecyl Ascorbate, Dimethyl MEA, Palmitoyl Tripeptide5, Acetyl Hexapeptide8, Anhydroxylitol, Lactic Acid, Xylitol, Xanthan Gum, Linum Usitatissimum (Linseed) Seed Oil, Salvia Hispanica Seed Oil, Tocopherol, Ethylhexylglycerin, Magnesium Aspartate, Zinc Gluconate, Alaria Esculenta Extract, Glucose, Sodium Hyaluronate, Copper Gluconate, Tetradecyl Aminobutyroylvalylaminobutyric Urea Trifluoroacetate, Palmitoyl Dipeptide5 Diaminobutyroyl Hydroxythreonine, Helianthus Annuus (Sunflower) Seed Oil, Rosmarinus Officinalis (Rosemary) Leaf Extract, Tetrasodium Glutamate Diacetate, Magnesium Chloride, Caprylic/Capric Triglyceride, Acrylates/C1030 Alkyl Acrylate Crosspolymer, Caprylyl/Capryl Glucoside, Caprylyl Glycol, Potassium Sorbate, Phenoxyethanol, Fragrance, Citronellol, Hydroxycitronellal, Limonene, Linalool.",153,1361,1.0,0.0,https://www.sephora.com/product/essential-fx-acyl-glutathione-deep-crease-serum-P433951?icid2=products%20grid:p433951,1.0,179.0
Potent-C™ Vitamin C Targeted Spot Brightener,Peter Thomas Roth,facial-treatments,58.0,"Tetrahexyldecyl Ascorbate, PEG8 Beeswax, Butylene Glycol, Magnesium Aluminum Silicate, Cetearyl Alcohol, Tocopheryl Acetate, Glyceryl Stearate, PEG100 Stearate, Ferulic Acid, Isopropyl Palmitate, Glycerin, Ceteareth20, Dimethicone, Allantoin, Aloe Barbadensis Leaf Juice, Angelica Acutiloba Root Extract, Dictyopteris Polypodioides Extract, Citric Acid, Disodium EDTA, Titanium Dioxide, Mica, Potassium Bitartrate, Potassium Sorbate, Sodium Benzoate, Phenoxyethanol.",305,5917,0.5,0.0,https://www.sephora.com/product/potent-c-tm-targeted-spot-brightener-P433457?icid2=products%20grid:p433457,0.5,116.0
Brightening Serum,Dr. Barbara Sturm,facial-treatments,310.0,"Water (Aqua), Methylsilanol Mannuronate, Glycerin, Methylpropanediol, Lactobacillus/Portulaca Oleracea Ferment Extract, Silica, Butylene Glycol, Dimethylimidazolidinone Rice Starch, Panthenol, Phenoxyethanol, Sodium Potassium Aluminum Silicate, Acrylates/C1030 Alkyl Acrylate Crosspolymer, Alcohol, Allantoin, Ethylhexylglycerin, Lecithin, Xanthan Gum, Panax Ginseng Root Extract, Sodium Hydroxide, Disodium EDTA, Sodium Hyaluronate, Alteromonas Ferment Extract, Leuconostoc/Radish Root Ferment Filtrate, Pantolactone, Lepidium Sativum Sprout Extract, Soy Isoflavones, Sorbic Acid, Citric Acid, Iron Oxides (CI 77491), Titanium Dioxide (CI 77891).",0,593,1.0,0.0,https://www.sephora.com/product/dr-barbara-sturm-brightening-serum-P448549?icid2=products%20grid:p448549,1.0,310.0
Pore Refining Solutions Correcting Serum,CLINIQUE,facial-treatments,49.0,"Dimethicone , Polysilicone11 , Alcohol Denat. , Acetyl Glucosamine , Peg10 Dimethicone , Butylene Glycol , Rosmarinus Officinalis (Rosemary) Leaf Extract , Sigesbeckia Orientalis (St. Paul'S Wort) Extract , Salvia Sclarea (Clary) Extract , Sea Whip Extract , Laminaria Saccharina Extract , Caffeine , Pantethine , Hydrolyzed Soy Protein , Peg11 Methyl Ether Dimethicone , Algae Extract , Polysorbate 20 , Salicylic Acid , Tetrahexyldecyl Ascorbate , Tocopheryl Acetate , Caprylyl Glycol , Sodium Hyaluronate , Glycerin , Lecithin , Isohexadecane , DiC1218 Alkyl Dimonium Chloride , Polysorbate 80 , Hydrogenated Lecithin , Polymethyl Methacrylate , Coconut Acid , Padina Pavonica Thallus Extract , Nordihydroguaiaretic Acid , Ammonium Acryloyldimethyltaurate/Vp Copolymer , Acrylamide/Sodium Acryloyldimethyltaurate Copolymer , Silica , Citric Acid , Hexylene Glycol , Ascorbyl Tocopheryl Maleate , Sodium Hydroxide , Disodium Edta , Phenoxyethanol , Titanium Dioxide (Ci 77891) , Iron Oxides (Ci 77491, Ci 77492, Ci 77499) , Mica <iln38031></iln38031>",404,8646,1.0,0.0,https://www.sephora.com/product/pore-refining-solutions-correcting-serum-P282920?icid2=products%20grid:p282920,1.0,49.0
Banish Stick,Indie Lee,facial-treatments,28.0,"Isopropyl Alcohol, Zinc Sulphate, Salicylic Acid, Glycolic Acid, Camphor, Hamamelis Virginiana Extract (Witch Hazel), Cellulose Gum, Menthol.",35,3386,0.34,0.0,https://www.sephora.com/product/banish-stick-P433888?icid2=products%20grid:p433888,0.34,82.35294117647058
Gel Primer 24K Gold Complex - Firm,NuFACE,facial-treatments,39.0,"Propanediol, Gold, Hydrolyzed Hyaluronic Acid, Algae, Palmitoyl Tripeptide1, Palmitoyl Tetrapeptide7, shOligopeptide1, Dimethyl MEA (DMAE), Thioctic Acid (Alpha Lipoic Acid), Vigna Aconitifolia Seed Extract, Phenoxyethanol, Carbomer, Sodium Hydroxide, Hydroxyethylcellulose, Magnesium Sulfate, Caprylyl Glycol, Ethylhexylglycerin, Glycerin, Butylene Glycol, Maltodextrin, Polysorbate 20, Sodium Chloride, Trehalose.",20,1798,2.0,0.0,https://www.sephora.com/product/gel-primer-24k-gold-complex-firm-P402693?icid2=products%20grid:p402693,2.0,19.5
A Perfect World™ Age-Defense Skin Guardian with White Tea,Origins,facial-treatments,63.0,"Cyclopentasiloxane , Rosa Damascena (Rose) Flower Citrus Aurantium Amara (Bitter Orange) Flower Glycerin , Butylene Glycol , Dimethicone/Vinyl Dimethicone Crosspolymer , Cetyl Peg/Ppg10/1 Dimethicone , Boswellia Serrata Extract , Camellia Sinensis (White Tea) Leaf Extract , Citrus Aurantium Bergamia (Bergamot) Fruit Oil*, Citrus Medica Limonum (Lemon) Peel Oil*, Citrus Aurantium Dulcis (Orange) Oil*, Cinnamomum Camphora (Camphor) Bark Oil*, Mentha Viridis (Spearmint) Leaf Oil*, Vetiveria Zizanoides Root Oil*, Plumeria Alba Flower Extract, Magnolia Acuminata Flower Extract, Iris Pallida Root Extract, Rosa Damascena Extract, Citral, Linalool, Limonene , Magnesium Ascorbyl Phosphate , Dimethicone , Hydroxyethyl Acrylate/Sodium Acryloyldimethyl Taurate Copolymer , Potato Starch Modified , Squalane , Caprylyl Glycol , Tocopheryl Acetate , Polysorbate 60 , Hexylene Glycol , Phenoxyethanol * Essential Oil.",81,5047,1.7,0.0,https://www.sephora.com/product/a-perfect-world-age-defense-skin-guardian-with-white-tea-P297519?icid2=products%20grid:p297519,1.7,37.05882352941177
High Potency Classics: Firming Evening Repair,Perricone MD,facial-treatments,99.0,"Caprylic/Capric Triglyceride, Isododecane, Cyclopentasiloxane, Cyclohexasiloxane, Polyglyceryl4 Isostearate, Hexyl Laurate, Cetyl PEG/PPG10/1 Dimethicone, Tyrosine, Dimethyl MEA, Thioctic Acid, Retinol, Sodium Chloride, Caprylyl Glycol, Hydroxyethylcellulose, Polysorbate 20, Urea, Zinc Sulfate, Phenoxyethanol, Sorbic Acid, Glyoxal, Fragrance, Linalool, Hexyl Cinnamal, Citronellol, Benzyl Benzoate.",230,770,2.0,0.0,https://www.sephora.com/product/high-potency-classics-firming-evening-repair-P434341?icid2=products%20grid:p434341,2.0,49.5
AGE Smart Phyto-Nature Firming Serum,Dermalogica,facial-treatments,145.0,"1,2Hexanediol, Adipic Acid/Neopentyl Glycol Crosspolymer, Glycerin, Chondrus Crispus Extract, PEG40 Hydrogenated Castor Oil, Cistus Monspeliensis Flower/Leaf/Stem Extract, Myrciaria Dubia Fruit Extract, Sodium Hyaluronate, Trifluoroacetyl Tripeptide2, Glutathione, Palmitoyl Tripeptide28, Synthetic Sapphire, Acer Rubrum Extract, Sodium Acetylated Hyaluronate, Caffeyl Glucoside, Curcuma Longa (Turmeric) Root Extract, Lavandula Spica (Lavender) Flower Oil, Eucalyptus Globulus Leaf Oil, Lavandula Hybrida Oil, Tamarindus Indica Seed Gum, Silica, Hydroxyacetophenone, Propanediol, Xanthan Gum, Maltodextrin, Pentylene Glycol, Sclerotium Gum, Lecithin, Pullulan, Gluconolactone, Dextran, Glyceryl Caprylate, Benzoic Acid, Linalool, Limonene, Benzyl Alcohol, Sodium Benzoate, Phenoxyethanol.",135,1199,1.3,0.0,https://www.sephora.com/product/age-smart-phyto-nature-firming-serum-P449177?icid2=products%20grid:p449177,1.3,111.53846153846153
Dermask Ultra Jet Peeling Solution,Dr. Jart+,facial-treatments,9.0,"Butylene Glycol, Glycerin, 1,2Hexanediol, Citric Acid, Clitoria Ternatea Flower Extract, Lactic Acid, Citrus Aurantifolia (Lima) Fruit Extract, Citrus Limon (Lemon) Fruit Extract, Pyrus Malus (Apple) Fruit Extract, Citrus Aurantium Dulcis (Orange) Fruit Extract, Vitis Vinifera (Grape) Fruit Extract, Xylitylglucoside, Anhydroxylitol, Xylitol, Xanthan Gum, Maltodextrin, Rosmarinus Officinalis (Rosemary) Leaf Oil, Allantoin, Rose Flower Oil, Glucose, PEG60 Hydrogenated Castor Oil, Ethlhexylglycerin, Disodium EDTA.",27,877,0.0,0.0,https://www.sephora.com/product/dermask-ultra-jet-peeling-solution-P433884?icid2=products%20grid:p433884,1.3220803357314155,6.8074531908236295
Bright Biotic™ Dark Spot Minimizing Serum,Dr. Brandt Skincare,facial-treatments,55.0,"Dicaprylyl Ether, Propanediol, C912 Alkane, Glyceryl Stearate, Peg100 Stearate, Caprylic/Capric Triglyceride, Squalane, Caprylyl Methicone, CocoCaprylate/Caprate, Niacinamide, Polysilicone11, Cetyl Alcohol, Glycerin, Hexylresorcinol, Ethyl Linoleate, Lactococcus Ferment Lysate, Inulin, Peg40 Stearate, 1,2Hexanediol, Sodium Pca, Polyacrylate Crosspolymer6, Laureth12, Yogurt Powder, Ammonium Glycyrrhizate, Disodium Edta, Caprylhydroxamic Acid, Honey, Lavandula Angustifolia (Lavender) Oil, Xanthan Gum, Phenoxyethanol, Camellia Sinensis Leaf Extract, Butylene Glycol, Vitis Vinifera (Grape) Seed Extract, Tartaric Acid, Saxifraga Sarmentosa Extract, Carica Papaya Fruit Extract, Ethylhexylglycerin, Sodium Sulfite, Sodium Metabisulfite, Psidium Guajava Fruit Extrac T, Sodium Benzoate, Papain, Bromelain, Maltodextrin.",35,3716,1.7,0.0,https://www.sephora.com/product/bright-biotic-tm-dark-spot-minimizing-serum-P427396?icid2=products%20grid:p427396,1.7,32.35294117647059
Instant Firmx™,Peter Thomas Roth,facial-treatments,48.0,"Butylene Glycol, Glycerin, Sodium Silicate, Sodium Magnesium Fluorosilicate, Magnesium Aluminum Silicate, Urea, Diazolidinyl Urea, Symphytum Officinale Leaf Extract, Foeniculum Vulgare (Fennel) Seed Extract, Panthenol, Tocopheryl Acetate, Retinyl Palmitate, Ascorbyl Palmitate, Phospholipids, Chondrus Crispus (Carrageenan), Disodium EDTA, Phenoxyethanol, Methylparaben, Propylparaben, Ethylparaben, Butylparaben, Isobutylparaben.",402,4355,3.4,0.0,https://www.sephora.com/product/instant-firmx-P271682?icid2=products%20grid:p271682,3.4,14.117647058823529
Capture Youth New Skin Effect Enzyme Solution Age-Delay Resurfacing Water,Dior,facial-treatments,65.0,"Butylene Glycol, Glycerin, Sodium Silicate, Sodium Magnesium Fluorosilicate, Magnesium Aluminum Silicate, Urea, Diazolidinyl Urea, Symphytum Officinale Leaf Extract, Foeniculum Vulgare (Fennel) Seed Extract, Panthenol, Tocopheryl Acetate, Retinyl Palmitate, Ascorbyl Palmitate, Phospholipids, Chondrus Crispus (Carrageenan), Disodium EDTA, Phenoxyethanol, Methylparaben, Propylparaben, Ethylparaben, Butylparaben, Isobutylparaben.",6,1816,5.0,0.0,https://www.sephora.com/product/capture-youth-new-skin-effect-enzyme-solution-age-delay-resurfacing-water-P444986?icid2=products%20grid:p444986,5.0,13.0
Focuspot™ Line & Wrinkle Micro Tip Patch,Dr. Jart+,facial-treatments,18.0,"Sodium Hyaluronate, Trehalose, Beetroot Red, Acetyl Octapeptide3, Tocopheryl Acetate, Citric Acid, Arginine/Lysine Polypeptide, Adenosine.",115,0,0.0,0.0,https://www.sephora.com/product/focuspot-line-wrinkle-micro-tip-patch-P442856?icid2=products%20grid:p442856,1.3220803357314155,13.614906381647259
"Proactiv+ 3-Step System, 30 Day Introductory Size",Proactiv,facial-treatments,50.0,"Butylene Glycol, Cetearyl Alcohol, Dimethicone, Sodium Polyacrylate, Scutellaria Baicalensis Root Extract, Sophora Angustifolia Root Extract, Morus Alba Root Extract, Glycyrrhiza Glabra (Licorice) Root Extract, Arctostaphylos Uva Ursi Leaf Extract, Kojic Acid, Zinc Gluconate, AlphaGlucan Oligosaccharide, Sodium Hyaluronate, Bisabolol, Allantoin, Squalane, Safflower Oil/Palm Oil Aminopropanediol Esters, C1215 Alkyl Lactate, Caprylic/Capric Triglyceride, Caprylyl Glycol, Ethylhexylglycerin, Glycerin, Ethylhexyl Palmitate, Hydrogenated Polydecene, Hydroxypropyl Cyclodextrin, Ppg5Laureth5, Polyquaternium11, Ceteareth20, Aluminum Starch Octenylsuccinate, Polysorbate 60, Hexylene Glycol, Ppg2 Myristyl Ether Propionate, Sodium Hydroxide, Disodium Edta, Phenoxyethanol, Fragrance.",10,666,0.0,0.0,https://www.sephora.com/product/proactiv-3-step-system-30-day-introductory-size-P440655?icid2=products%20grid:p440655,1.3220803357314155,37.81918439346461
Micro-Blur™ Skin Perfector,Kiehl's Since 1851,facial-treatments,36.0,"Dimethicone,Water,Glycerin,Dimethicone Crosspolymer,Methyl Methacrylate Crosspolymer,Isononyl Isononanoate,Alcohol Denat.,Vinyl Dimethicone/Methicone Silsesquioxane Crosspolymer,Butylene Glycol,Lauryl Peg9 Polydimethylsiloxyethyl Dimethicone,Boron Nitride,Silica Silylate,Phenoxyethanol,Peg/Ppg18/18 Dimethicone,Perlite,Magnesium Sulfate,Capryloyl Salicylic Acid,Caprylyl Glycol,Menthyl Lactate,Lentil Seed Extract,Bisabolol,Fragrance,Dextrin,Dimethiconol,Ci 77491, Ci 77492, Ci 77499 / Iron Oxides,Ci 77891 / Titanium Dioxide,Synthetic Fluorphlogopite,Eperua Falcata Bark Extract,Farnesol,Limonene,Disodium Stearoyl Glutamate,AlphaIsomethyl Ionone,Citronellol,Aluminum Hydroxide.",45,8518,1.0,0.0,https://www.sephora.com/product/micro-blur-skin-perfector-P422499?icid2=products%20grid:p422499,1.0,36.0
PlantGenius® Brightening Survival Serum,alpyn beauty,facial-treatments,68.0,"Aloe Barbadensis (Aloe Vera) Leaf Juice*, Sodium Hyaluronate, Glycerin, Sodium Acrylates Copolymer, Squalane, Capryloyl Glycerin/Sebacic Acid Copolymer, Diheptyl Succinate, Mica, Hydrolyzed Lupine Protein, Lecithin, Titanium Dioxide, 30Ethyl Ascorbic Acid, Zinc Oxide, Centella Asiatica Meristem Cell Culture, Xanthan Gum, Dehydroacetic Acid, Benzyl Alcohol, Linoleic Acid, Azelaic Acid, Tripeptide29, Potassium Sorbate, Hydrolyzed Sodium Hyaluronate, Lactic Acid, Glycolic Acid, Tin Oxide, Caesalpinia Sappan Bark Extract, Sodium Phytate, Tocopherol, Helianthus Annuus (Sunflower) Seed Oil*, Arctostaphylos Uva Ursi (Bearberry) Leaf Extract*, Glycyrrhiza Giabra (Licorice) Root Extract*, Simmondsia Chinensis (Jojoba) Seed Oil, Lavandula Angustifolia (Lavender) Oil, Citrus Aurantium Dulcis (Orange) Oil, Salvia Officinalis (Sage) Leaf Extract, Arnica Montana (Arnica) Flower Extract, Barago Officinalis (Borage) Flower Extract, Calendula Officinalis (Calendula) Flower Extract, Chamomilla Recutita (Matricaria) Flower Extract.",34,483,1.7,0.0,https://www.sephora.com/product/alpyn-beauty-plantgenius-brightening-survival-serum-P455612?icid2=products%20grid:p455612,1.7,40.0
Nightly Refining Micro-Peel Concentrate,Kiehl's Since 1851,facial-treatments,60.0,"Water,Alcohol Denat.,Hydroxyethylpiperazine Ethane Sulfonic Acid,Hydroxyethyl Urea,Sodium Citrate,Vaccinium Myrtillus Fruit Extract,Sodium Hydroxide,Chenopodium Quinoa Seed Extract,Sugar Cane Extract,Glycerin,Propanediol,Phytic Acid,Carrageenan,Phenoxyethanol,Orange Fruit Water,Lemon Fruit Extract,Disodium Edta,Sugar Maple Extract,Hydrolyzed Opuntia FicusIndica Flower Extract,Potassium Sorbate,Aloe Barbadensis Leaf Juice Powder,Adenosine,Ethylhexylglycerin,Orange Juice,Sodium Benzoate,Ascorbyl Glucoside.",34,4464,1.0,0.0,https://www.sephora.com/product/nightly-refining-micro-peel-concentrate-P422270?icid2=products%20grid:p422270,1.0,60.0
Retexturizing Treatment Cream with Glycolic Acid 10x,LANCER Skincare,facial-treatments,90.0,"Glycolic Acid, C1215 Alkyl Benzoate, Cyclopentasiloxane, Cetearyl Alcohol, Glycerin, Glyceryl Stearate, PEG100 Stearate, Polyacrylamide, Dimethicone, Cetearyl Glucoside, Squalane, Ammonium Hydroxide, Phenoxyethanol, C1314 Isoparaffin, Tocopheryl Acetate, Camellia Sinensis Leaf Extract, Sodium Hyaluronate, Hydrolyzed Glycosaminoglycans, Ubiquinone, Phospholipids, Retinyl Palmitate, Ascorbyl Palmitate, Xanthan Gum, Sodium Benzoate, Laureth7, Disodium EDTA, Lavandula Angustifolia (Lavender) Oil, Linalool.",46,5644,1.7,0.0,https://www.sephora.com/product/retexturizing-treatment-cream-glycolic-acid-10x-P399746?icid2=products%20grid:p399746,1.7,52.94117647058824
2% Retinol Complex Serum,Dr. Brandt Skincare,facial-treatments,69.0,"Glycerin, Dicaprylyl Carbonate, Isoamyl Laurate, Cyclopentasiloxane, Butyrospermum Parkii (Shea) Butter, Shea Butter Cetyl Esters, Triheptanoin, Tocopherol, Phenoxyethanol, Behenyl Alcohol, Methylpropanediol, Glyceryl Stearate Citrate, Polysorbate 20, Sodium Acrylates Copolymer, Retinol, Glyceryl Stearate, Simmondsia Chinensis (Jojoba) Seed Oil, Xanthan Gum, Betaine, Polyglyceryl3 Stearate, Citrus Paradisi (Grapefruit) Peel Oil, Lavandula Angustifolia (Lavender) Oil Limonene, Chlorphenesin, Caprylyl Glycol, Caprylic/Capric Triglyceride, Lecithin, Glycine Soja (Soybean) Sterols, Hydrogenated Lecithin, Maslinic Acid, Lysolecithin, Phenylpropanol, Bht, Sodium Phytate, Dimethiconol, Hydrogenated Polyisobutene, Mel (Honey/Miel), Pectin, Phospholipids, Polyglyceryl10 Stearate, Helianthus Annuus(Sunflower) Seed Oil, Glycine Soja (Soybean) Oil.",87,11104,1.0,0.0,https://www.sephora.com/product/2-retinol-complex-serum-P417626?icid2=products%20grid:p417626,1.0,69.0
Peace Of Mind™ On-the-Spot Relief,Origins,facial-treatments,15.0,"Water; Rosa Damascena (Rose) Flower Mentha Piperita (Peppermint) Leaf Rosmarinus Officinalis (Rosemary) Leaf Mentha Piperita (Peppermint) Leaf Oil*, Ocimum Basilicum (Basil) Oil*, Eucalyptus Dives (Piperitol) Oil*, Citral, Linalool, Eugenol, Limonene, BisPeg18 Methyl Ether Dimethyl Silane, Methyl Gluceth20, Glyceryl Polymethacrylate, Prunus Amygdalus Dulcis (Sweet Almond) Oil, Oleth3, Glycereth26, Sorbitan Stearate, Oleth5, Oleth10 Phosphate, Butylene Glycol, Ethylhexyl Hydroxystearate, Ethylhexylglycerin, Polysorbate 60, Caprylyl Glycol, Peg150 Distearate, Cetyl Alcohol, Hexylene Glycol, Potassium Phosphate, Potassium Carbomer, Xanthan Gum, Carbomer, Potassium Sorbate, Phenoxyethanol <iln29302>* Essential Oil",88,6965,0.5,0.0,https://www.sephora.com/product/peace-of-mind-on-the-spot-relief-P308102?icid2=products%20grid:p308102,0.5,30.0
Visionnaire Skin Solutions 15% Pure Vitamin C Correcting Concentrate,Lancôme,facial-treatments,65.0,"Ascorbic Acid, Alcohol Denat., Dipropylene Glycol, Glycerin, Laureth23, Tocopherol, Hydrolyzed Hyaluronic Acid, Sodium Hydroxide, Pinus Pinaster Bark/BudExtract, Neohesperidin Dihydrochalcone, Methyldihydrojasmonate, Bht.",940,1244,0.33,0.0,https://www.sephora.com/product/visionnaire-skin-solutions-15-pure-vitamin-c-correcting-concentrate-P440471?icid2=products%20grid:p440471,0.33,196.96969696969697
Neuropeptide Smoothing Facial Conformer,Perricone MD,facial-treatments,495.0,"C1215 Alkyl Benzoate, Butylene Glycol, Dimethyl MEA (DMAE), Glyceryl Polymethacrylate, Citric Acid, Glycerin, Glyceryl Stearate, PEG100 Stearate, Avena Sativa (Oat) Protein Extract, Cetyl Alcohol, Tribehenin, Simmondsia Chinensis (Jojoba) Seed Oil, Isopropyl Palmitate, Dimethicone, PEG8, Phenoxyethanol, Phosphatidylcholine, Tetrahexyldecyl Ascorbate, Triethanolamine, LTyrosine, Carbomer, Caprylyl Glycol, Ceramide 2, PEG10 Rapeseed Sterol, Disodium EDTA, BHT, Sodium Carboxymethyl BetaGlucan, Ammonium Acryloyldimethyltaurate/VP Copolymer, Magnesium Aspartate, Zinc Gluconate, Sorbic Acid, Elaeis Guineensis (Palm) Oil, Tocotrienols, Cetyl Hydroxyethylcellulose, Polysorbate 20, Rutin, Tocopherol, Copper Gluconate, Ascorbyl Palmitate, Palmitoyl Oligopeptide (Neuropeptide), Palmitoyl Tetrapeptide7 (Neuropeptide), Fragrance, Phaseolus Lunatus (Green Bean) Extract.",27,1635,0.0,2.0,https://www.sephora.com/product/neuropeptide-facial-conformer-contouring-treatment-P211332?icid2=products%20grid:p211332,2.0,247.5
SUPERSERUM™ 6-Acid Refining Treatment Serum,GLAMGLOW,facial-treatments,65.0,"Peg8, Butylene Glycol, Propanediol, Glycerin, BisPeg18 Methyl Ether Dimethyl Silane, Glycolic Adic, Mandelic Acid, Sodium Hydroxide, Salicylic Acid, Lactic Acid, Pyruvic Acid, Tartaric Acid, Sodium Hyaluronate, Trehalose, Eucalyptus Globulus Leaf Powder, Eucalyptus Globulus Leaf, Charcoal Powder, Avena Sativa (Oat) Kernel Extract, Algae Extract, Butyrospermum, Parkii (Shea) Butter Extract, Lecithin, Tocopheryl Acetate, Acetyl Glucosamine, Dimethicone, Silica, Xanthan Gum, Hdi/Trimethylol, Hexyllactone Crosspolymer, Polymethyl Methacrylate, Carbomer, Polysorbate 20, Ammonium, Acryloyldimethyltaurate/BeHeneth25 Methacrylate Crosspolymer, Urea, Fragrance (Parfum), Linalool, Bht, Disodium Edta, Phenoxyethanol, Sorbic Acid, Chlorphenesin, Titanium Dioxide (Ci 77891), Blue 1 (Ci 42090), Red 4 (Ci 14700).",95,7386,1.0,0.0,https://www.sephora.com/product/superserum-6-acid-refining-treatment-P441866?icid2=products%20grid:p441866,1.0,65.0
Instant Facial,Alpha-H,facial-treatments,62.0,"Hamamelis Virginiana (Witch Hazel), Glycerin, Glycolic Acid, Plankton Extract, Potassium Hydroxide, Polysorbate 20, Peg7 Glyceryl Cocoate, Ammonium Glycyrrhizate, Phenoxyethanol, Cucumis Sativus (Cucumber) Extract, Aloe Barbadensis (Aloe Vera) Leaf Juice, Propylene Glycol, Caprylyl Glycol, Arnica Montana Flower Extract, Chamomilla Recutita (Matricaria) Flower Extract, Thymus Vulgaris (Thyme) Flower/Leaf Extract, Potassium Sorbate, Sodium Benzoate, Cupressus Sempervirens Seed Extract, Polygonatum Officinale Rhizome/Root Extract, Hordeum Vulgare (Barley) Extract, Sorbic Acid, Benzoic Acid, Dehydroacetic Acid, Etylhexylglycerin.",2,484,3.38,0.0,https://www.sephora.com/product/instant-facial-P442538?icid2=products%20grid:p442538,3.38,18.34319526627219
RetAsphere™ Micro Peel,Kate Somerville,facial-treatments,90.0,"Glycolic Acid, Lactose, Caprylic/Capric Triglyceride,Propanediol, Neopentyl Glycol Diethylhexanoate, Glycerin, Arbutin, Hydroxyethylacrylate/Sodium Acryloyldimethyl Taurate, Copolymer, Sodium Hydroxide, Phenoxyethanol, Cetyl Alcohol, Glyceryl Stearate, PEG40 Stearate, Ceteareth20, Ethylhexyl Methoxycrylene, Trimethylpentanediol/Adipic Acid Copolymer, Polymethylsilsesquioxane, Plankton Extract, Opuntia Ficusindica Fruit Extract, Polysorbate 20, Cetyl Palmitate, Triethanolamine, Ceramide NP, Ethylhexylglycerin, Isopulegol, Glycine Soja (Soybean) seed Extract, Magnesium Aluminum Silicate, Dimethicone, Macrocystis Pyrifera (Kelp) Extract, Xanthan Gum, Disodium EDTA, Tocopheryl Acetate, Hydrolyzed Hyaluronic Acid, Retinol, Adenosine, Glycyrrhiza Glabra (Licorice) Root Extract.",60,9553,1.0,0.0,https://www.sephora.com/product/retasphere-micro-peel-P389242?icid2=products%20grid:p389242,1.0,90.0
Fresh Pressed Clinical™ Daily + Overnight Boosters with Pure Vitamin C 10% + A (Retinol),CLINIQUE,facial-treatments,39.5,"Polysorbate 20, Dimethicone, Glycine Soja (Soybean) Oil, Butylene Glycol, Vinyl Dimethicone/Methicone Silsesquioxane Crosspolymer, Methyl Trimethicone, BisPeg18 Methyl Ether Dimethyl Silane, Lauryl Peg9 Polydimethylsiloxyethyl Dimethicone, Glycerin, Polysilicone11, Methyl Gluceth20, Retinol, Salicylic Acid, Oenothera Biennis (Evening Primrose) Flower Extract, Laminaria Saccharina Extract, Gellidiella Acerosa Extract, Cholesterol, Salvia Sclarea (Clary) Extract, Caffeine, Sigesbeckia Orientalis (St. Paul'S Wort) Extract, Aminopropyl Ascorbyl Phosphate, Plankton Extract, Palmitoyl Hexapeptide12, Glycine Soja (Soybean) Seed Extract, Micrococcus Lysate, Hypnea Musciformis (Algae) Extract, Acetyl Hexapeptide8, Glycine Soja (Soybean) Protein, Tocopheryl Acetate, Whey Protein\Lactis Protein\Protéine Du PetitLait, Sodium Hyaluronate, Acetyl Glucosamine, Caprylyl Glycol, Carbomer, Glyceryl Polymethacrylate, Sodium Hydroxide, Peg8, Xanthan Gum, Calcium Chloride, Ammonium Acryloyldimethyltaurate/Vp Copolymer, Lecithin, Sodium Citrate, Disodium Edta, Bht, Sodium Benzoate, Phenoxyethanol.",22,2441,0.0,0.0,https://www.sephora.com/product/clinique-fresh-pressed-clinical-daily-overnight-boosters-with-pure-vitamins-c-10-a-retinol-P440948?icid2=products%20grid:p440948,1.3220803357314155,29.87715567083704
Dermal Quench Wrinkle Warrior,Kate Somerville,facial-treatments,98.0,"Isobutane*, Propane*, Perfluorohexane, Dimethicone, Propanediol, Isosorbide Dicaprylate, Trimethylolpropane Tricaprylate/Tricaprate, Echinacea Purpurea Extract, Perfluorodecalin, Perfluoroperhydrophenanthrene, Tropaeolum Majus Flower/Leaf/Stem Extract, Zanthoxylum Bungeanum Fruit Extract, Sodium Hyaluronate, Hydrolyzed Hyaluronic Acid, Sodium Polyglutamate, Polyglutamic Acid, Adenosine, Chondrus Crispus Extract, Glycine Soja (Soybean) Seed Extract,Hydrolyzed Vegetable Protein, Trehalose, Oleyl Alcohol, Glycerin, 1,2Hexanediol, Betaine, Polysilicone11, Lavandula Angustilfolia (Lavender) Flower Oil, Cetearyl Alcohol, Glyceryl Stearate, Sodium Lauroyl Glutamate, Stearic Acid, Acrylates/C1030 Alkyl Acrylate Crosspolymer, Laureth12, Caprylhydroxamic Acid, Sodium Benzoate, Potassium Sorbate, Gluconolactone, Ethylhexylglycerin, Sodium Hydroxide, Phenoxyethanol, Linalool.",5,1172,2.5,0.0,https://www.sephora.com/product/dermal-quench-wrinkle-warrior-P436903?icid2=products%20grid:p436903,2.5,39.2
Flash Rinse 1 Minute Facial,REN Clean Skincare,facial-treatments,48.0,"Coconut Alkanes, Ascorbic Acid, CocoCaprylate/ Caprate, Silica, Sodium Cocoyl Glutamate, Mannitol, Citrus Aurantium Dulcis (Orange) Flower Oil, Yeast Extract, Helianthus Annuus (Sunflower) Seed Oil, Boswellia Carterii Oil, Boswellia Serrata Extract, Azulene, Magnesium Ascorbyl Phosphate, Glycogen, Daucus Carota Sativa (Carrot) Root Extract, Daucus Carota Sativa (Carrot) Seed Oil, BetaCarotene, Ascorbyl Palmitate, Limonene",180,6828,2.5,0.0,https://www.sephora.com/product/flash-rinse-1-minute-facial-P387947?icid2=products%20grid:p387947,2.5,19.2
Do Not Age with Dr. Brandt Transforming Pearl Serum,Dr. Brandt Skincare,facial-treatments,152.0,"Caprylic /Capric Triglyceride, Propanediol, Glycerin, Pentylene Glycol, Alcohol Denat., Apricot Kernel Oil, Phenoxyethanol, Hydroxyethylpiperazine Ethane Sulfonic Acid, Sodium Hydroxide, Xanthan Gum, Sodium Hyaluronate, Hydroxyethylcellulose, Carrageenan, Algin, Decarboxy Carnosine Hcl, Synthetic Fluorphlogopite, Butylene Glycol, Spilanthes Acmella Flower Extract, Titanium Dioxide (Ci 77891), Alaria Esculenta Extract, Geranylgeranylisopropanol, Silica, Mica, Sodium Acetate, Bht, Sodium Lauryl Sulfate, Cellulose, Citrus Aurantium Dulcis (Orange) Peel Oil, Orange Fruit Extract, Cananga Odorata Flower Oil, Vanillin, Lavandula Hybrida Oil, Litsea Cubeba Fruit Oil, Vanilla Planifolia Fruit Extract, Jasmine Flower Extract, Tin Oxide",51,2725,1.35,0.0,https://www.sephora.com/product/do-not-age-with-dr-brandt-transforming-pearl-serum-P383054?icid2=products%20grid:p383054,1.35,112.59259259259258
Youth or Dare Multi-Acid & C-Serum,tarte,facial-treatments,42.0,"Ascorbic Acid, Ethoxydiglycol, Pyrus Malus (Apple) Fruit Extract, Glycerin, Aminopropyl Ascorbyl Phosphate, Glycolic Acid, Sodium Hydroxide, Phytic Acid, Plankton Extract, Sodium Hyaluronate, Lecithin, Xanthan Gum, Phenoxyethanol, Caprylyl Glycol, Ethylhexylglycerin, Hexylene Glycol.",79,9300,0.0,1.0,https://www.sephora.com/product/youth-or-dare-multi-acid-c-serum-P442989?icid2=products%20grid:p442989,1.0,42.0
Perfectionist Pro Instant Wrinkle Filler Tri-Polymer Blend,Estée Lauder,facial-treatments,56.0,"Perfectionist Pro Instnt Wrnkle Fl   Division: El (Estee Lauder)Ingredients: Dimethicone/Vinyl Dimethicone Crosspolymer , Hdi/Ppg/Polycaprolactone Crosspolymer , Butyrospermum Parkii (Shea Butter) , Butylene Glycol , Ethylene/Acrylic Acid Copolymer , C1214 Pareth12 , Glycerin , Acacia Senegal Gum , Nylon12 , Hypnea Musciformis (Algae) Extract , Sigesbeckia Orientalis (St. Paul'S Wort) Extract , Gellidiella Acerosa Extract , Silybum Marianum (Lady'S Thistle) Extract , Astrocaryum Murumuru Seed Butter , Helianthus Annuus (Sunflower) Seed Extract , Caffeine , Trifluoromethyl C14 Alkyl Dimethicone , Algae Extract , Theobroma Cacao (Cocoa) Seed Butter , Saccharomyces Ferment Filtrate , Biotin , Isohexadecane , Glycine Soja (Soybean) Protein , Palmitoyl Tetrapeptide7 , Palmitoyl Hexapeptide12 , Palmitoyl Tripeptide1 , Acetyl Hexapeptide8 , Linolenic Acid , Camellia Sinensis Leaf Extract , Linoleic Acid , Aminopropyl Ascorbyl Phosphate , Rhizobian Gum , Isostearyl Lactate , Zea Mays (Corn) Kernel Extract , Caprylyl Glycol , Dimethicone , Cetearyl Alcohol , Sodium Isostearoyl Lactylate , Glyceryl Polymethacrylate , Acrylamide/Sodium Acryloyldimethyltaurate Copolymer , Beeswax/Cera Alba/Cire D'Abeille , Acrylates/Ethylhexyl Acrylate Copolymer , Hydroxypropyl Methylcellulose , 1,2Hexanediol , Peg8 , Polysorbate 80 , Sodium Hyaluronate , Calcium Chloride , Hydroxyethylcellulose , Pentylene Glycol , Carbomer , Hexylene Glycol , Laureth21 , Polysorbate 20 , Silica , Xanthan Gum , Sodium Citrate , Sodium Dehydroacetate , Chlorphenesin , Phenoxyethanol <iln44491></iln44491>",7,1335,0.5,0.0,https://www.sephora.com/product/perfectionist-pro-instant-wrinkle-filler-tri-polymer-blend-P427512?icid2=products%20grid:p427512,0.5,112.0
Hangover Good In Bed Ultra-Replenishing Hydrating Serum,Too Faced,facial-treatments,39.0,"Butylene Glycol, PEG/PPG/Polybutylene Glycol8/5/3 Glycerin, Lactobacillus Ferment, Yogurt Powder, Sodium Hyaluronate, Hydrolyzed Sodium Hyaluronate, Algae Extract, Hylocereus Undatus Fruit Extract, Cocos Nucifera (Coconut) Liquid Endosperm, Cocos Nucifera (Coconut) Fruit Juice, Acetyl Hexapeptide8, Panthenol, Glycerin, Caffeine, Dipeptide Diaminobutyroyl Benzylamide Diacetate, Ammonium Acryloyldimethyltaurate/VP Copolymer, Caprylyl Glycol, PEG40 Hydrogenated Castor Oil, Fragrance, Phenoxyethanol, Potassium Sorbate, Sodium Metabisulfite, Mica, Titanium Dioxide (Ci 77891).",33,4151,0.98,0.0,https://www.sephora.com/product/hangover-good-in-bed-ultra-replenishing-hydrating-serum-P447127?icid2=products%20grid:p447127,0.98,39.79591836734694
Breakout Control Acne Treatment Facial Lotion,Kiehl's Since 1851,facial-treatments,48.0,"Salicylic Acid,Water,Aloe Barbadensis Leaf Juice,DiC1213 Alkyl Malate,Niacinamide,Cyclohexasiloxane,Propylene Glycol,Aluminum Starch Octenylsuccinate,Peg100 Stearate,Glyceryl Stearate,Cetyl Alcohol,Acrylates/C1030 Alkyl Acrylate Crosspolymer,Sodium Hydroxide,Capryloyl Salicylic Acid,Xanthan Gum,Zinc Pca,Zingiber Officinale (Ginger) Root Extract,Stearyl Alcohol,Myristyl Alcohol,Octadecenedioic Acid,Citral,Bht.",4,2255,2.0,0.0,https://www.sephora.com/product/dermatologist-solutions-breakout-control-acne-treatment-facial-lotion-P422491?icid2=products%20grid:p422491,2.0,24.0
Cica Balm with Bija Seed Oil,innisfree,facial-treatments,25.0,"Propanediol, Glycerin, Cyclopentasiloxane, Squalane, Cyclohexasiloxane, Cetearyl Alcohol, Panthenol, 1,2Hexanediol, C1216 Alcohols, Diisostearyl Malate, Polysorbate 60, Hydroxyethyl Acrylate/Sodium Acryloyldimethyl Taurate Copolymer, Acrylates/C1030 Alkyl Acrylate Crosspolymer, Tromethamine, Hydrogenated Lecithin, Palmitic Acid, Cetearyl Glucoside, Torreya Nucifera Seed Oil, Disodium Edta, Madecassoside, Asiaticoside, Camellia Japonica Leaf Extract, Camellia Sinensis Leaf Extract, Citrus Unshiu Peel Extract, Opuntia Coccinellifera Fruit Extract, Orchid Extract, Madecassic Acid, Asiatic Acid.",8,1505,1.35,0.0,https://www.sephora.com/product/cica-balm-with-bija-seed-oil-P449866?icid2=products%20grid:p449866,1.35,18.51851851851852
Perfectionist Pro Rapid Brightening Treatment with Ferment2 + Vitamin C,Estée Lauder,facial-treatments,78.0,"Water\Aqua\Eau, Butylene Glycol, Glycerin, Glycereth26, Isononyl Isononanoate, Dimethicone, Propanediol, Ascorbyl Glucoside, Algae Extract, Sucrose, Acetyl Glucosamine, Hydroxyethyl Urea, Lens Esculenta (Lentil) Fruit Extract, Citrullus Lanatus (Watermelon) Fruit Extract, Pyrus Malus (Apple) Fruit Extract, Molasses Extract\Saccharum Officinarum\Extrait De Melasse, Myrtus Communis Leaf Extract, Avena Sativa (Oat) Kernel Extract, Triticum Vulgare (Wheat) Germ Extract, Hordeum Vulgare (Barley) Extract\Extrait D'Orge, Cladosiphon Okamuranus Extract, Salicylic Acid, Hydrolyzed Prunus Domestica, Caffeine, Sodium Lactate, Dipotassium Glycyrrhizate, Squalane, Oryzanol, Resveratrol, Sodium Hyaluronate, Sodium Pca, Ethylhexylglycerin, BisPeg18 Methyl Ether Dimethyl Silane, Tocopheryl Acetate, Peg75, Oleth3 Phosphate, Sorbitol, Caprylyl Glycol, Oleth3, Sodium Polyaspartate, Oleth5, Acrylates/C1030 Alkyl Acrylate Crosspolymer, Propylene Glycol Caprylate, Dextrin, Yeast Extract\Faex\Extrait De Levure, Choleth24, Carbomer, Sodium Hydroxide, Ceteth24, Xanthan Gum, Fragrance (Parfum), Glyceryl Acrylate/Acrylic Acid Copolymer, Citric Acid, Sodium Citrate, Disodium Edta, Bht, Potassium Sorbate, Sodium Benzoate, Phenoxyethanol .",0,496,1.0,0.0,https://www.sephora.com/product/estee-lauder-perfectionist-pro-rapid-brightening-treatment-with-ferment2-vitamin-c-P454939?icid2=products%20grid:p454939,1.0,78.0
Skin Love Glow Elixir,BECCA,facial-treatments,48.0,"Butylene Glycol, Ascorbyl Glucoside, Honey, Methyl Gluceth20, BISPEG18 Methyl Ether Dimethyl Silane, Acetyl Glucosamine, Glycyrrhiza Glabra (Licorice) Leaf Extract, Sigesbeckia Orientalis (St. Paul's Wort) Extract, Whey Protein, Vaccinium Macrocarpon (Cranberry) Fruit Extract, Lycium Chinense (Wolfberry) Fruit Extract, Paeonia Suffruticosa (Peony) Root Extract, Gentiana Lutea (Gentian) Root Extract, Vaccinium Angustifolium (Blueberry) Fruit Extract, Algae Extract, Polygonum Cuspidatum Root Extract, Yeast Extract, Molasses Extract, Hydrolyzed Rice Bran Extract, Caffeine, Sodium Hyaluronate, Tocopheryl Linoleate/Oleate, Fragrance, Trehalose, Squalane, Ergothioneine, Glycerin, Glycereth26, PEG75, Oleth3 Phosphate, Mica, Oleth3, Titanium Dioxide (Ci 77891), Caprylyl Glycol, Carbomer, Oleth5, Xanthan Gum, Citric Acid, Hexylene Glycol, Ethylhexyl Methoxycinnamate, Sodium Hydroxide, Linalool, Geraniol, AlphaIsomethyl Ionone, Citronellol, Tetrasodium EDTA, Disodium EDTA, Blue 1 (Ci 42090), BHT, Phenoxyethanol.",123,11158,0.98,0.0,https://www.sephora.com/product/skin-love-glow-elixir-P434380?icid2=products%20grid:p434380,0.98,48.97959183673469
TIME RESPONSE Skin Reserve Serum,AMOREPACIFIC,facial-treatments,280.0,"Camellia Sinensis Leaf Butylene Glycol, Glycerin, Alcohol, Trehalose, Phyllostachis Bambusoides Juice, Glycereth26, Hydrogenated Poly(C614 Olefin), Dimethicone, Hydrogenated Lecithin, Propanediol, Pentaerythrityl Tetraethylhexanoate, Polymethylsilsesquioxane, Panthenol, Cetearyl Olivate, 1,2Hexanediol, Peg5 Rapeseed Sterol, Sorbitan Olivate, Sodium Polyacrylate, Hydrogenated Polydecene, Fragrance, 1,2 Hexanediol, Ammonium Acryloyldimethyltaurate/Vp Copolymer, Acrylates/C1030 Alkyl Acrylate Crosspolymer, Xanthan Gum, Tromethamine, Glycyrrhiza Glabra (Licorice) Root Extract, Adenosine, Disodium Edta, Ethylhexylglycerin, BetaGlucan, Ppg5Laureth5, Ethylhexylglycerin, Glycine Soja (Soybean) Seed Extract, Natto Gum, Dextrin, Theobroma Cacao (Cocoa) Extract, Camellia Sinensis Leaf Extract, Disodium Edta, Phenoxyethanol, Poloxamer 235, Betaine, Ethoxydiglycol, Epigallocatechin Gallate, Camellia Sinensis Flower Extract, Tocophersolan, Poloxamer 338, Panax Ginseng Root Extract, Glucose, Acetic Acid, Potassium Hydroxide, Caprylyl Glycol, Tocopherol.",0,349,0.5,0.0,https://www.sephora.com/product/time-response-skin-reserve-serum-P437679?icid2=products%20grid:p437679,0.5,560.0
Focuspot™ Dark Circle Micro Tip Patch,Dr. Jart+,facial-treatments,18.0,"Sodium Hyaluronate, Glycerin, Oxidized Glutathione, Niacinamide, Acetyl Tetrapeptide5, Butylene Glycol, Dimethyl Isosorbide, Curcumin, Hydroxypinacolone Retinoate, Phoenix Dactylifera (Date) Seed, Chenopodium Quinoa Seed Extract, Adenosine, Phenoxyethanol.",100,0,0.0,0.0,https://www.sephora.com/product/focuspot-dark-circle-micro-tip-patch-P442855?icid2=products%20grid:p442855,1.3220803357314155,13.614906381647259
Tight'N™ Cryogenic Tightening Gel,Kate Somerville,facial-treatments,98.0,"Tetrafluoropropene, Alcohol Denat, Hydrolyzed Hyaluronic Acid, Disodium Acetyl Glucosamine Phosphate, Sodium Glucuronate, Adenosine, Inositol, Panthenol, Paeonia Albiflora Root Extract, Nannochloropsis Oculata Extract, Pseudoalteromonas Ferment Extract, Lavandula Angustifolia (Lavender) Oil, Salicylic Acid, Isododecane, Menthyl Ethylamido Oxalate, PPG8Ceteth20, Propanediol, Ammonium Acryloyldimethyltaurate/VP Copolymer, Dimethicone, Pullulan, Betaine, Glycerin, Polysilicone11, CocoCaprylate/ Caprate, Hydroxyethylcellulose/Phosphorylcholine Glycol Acrylate Copolymer, Butylene Glycol, Ethylhexylglycerin, Decyl Glucoside, Magnesium Sulfate, Sodium Hydroxide, Caprylyl Glycol, Hexylene Glycol, Citric Acid, Potassium Sorbate, Sodium Benzoate, Phenoxyethanol, Linalool.",136,2944,3.75,0.0,https://www.sephora.com/product/tight-n-tm-cryogenic-tightening-gel-P424946?icid2=products%20grid:p424946,3.75,26.133333333333333
Breakout Clearing Booster,Dermalogica,facial-treatments,21.0,"PPG15 Stearyl Ether, Glycerin, Butylene Glycol, Isopropyl Lauroyl Sarcosinate, Niacinamide, Salicylic Acid, Cetearyl Glucoside, Polysorbate 20, Chlorella Vulgaris Extract, Thymol, Terpineol, Citrus Aurantium Dulcis (Orange) Peel Oil, Chondrus Crispus Extract, Lactic Acid, Sodium Hyaluronate, Tocopherol, Dimethicone, Lecithin, Pullulan, Sclerotium Gum, Xanthan Gum, Propanediol, Gluconolactone, Silica, Ethylhexylglycerin, Tetrasodium Glutamate Diacetate, Sodium Citrate, Sodium Benzoate, Sodium Hydroxide, Phenoxyethanol.",121,1596,1.0,0.0,https://www.sephora.com/product/breakout-clearing-booster-P443364?icid2=products%20grid:p443364,1.0,21.0
Flawless + Fearless Breakout Control Kit,HUM Nutrition,facial-treatments,29.0,"Omega 3 Fish Oil including EPA and DHA, Vitamin E, Gelatin, Purified Glycerin.",19,6604,0.0,0.0,https://www.sephora.com/product/flawless-fearless-supplements-P399664?icid2=products%20grid:p399664,1.3220803357314155,21.935126948209472
Renewed Hope in A Jar Dew Facial Serum,philosophy,facial-treatments,45.0,"Pentylene Glycol, Glycerin, BisPeg18 Methyl Ether Dimethyl Silane, 1,2Hexanediol, Caprylyl Glycol, Propanediol, Carbomer, Hydrolyzed Soy Protein, Butylene Glycol, Ppg26Buteth26, Peg40 Hydrogenated Castor Oil, Fragrance, Sodium Hydroxide, Allantoin, Glyceryl Polyacrylate, Disodium Edta, Phenoxyethanol, Glutathione, Ascorbyl Glucoside, Evodia Rutaecarpa Fruit Extract, Dimethylmethoxy Chromanol, Potassium Ascorbyl Tocopheryl Phosphate, Maltodextrin, Sodium Hyaluronate, Jasminum Officinale (Jasmine) Flower Extract, Potassium Sorbate, Polysorbate 20, Resveratrol, Limonene, Aloe Barbadensis Leaf Juice, Citral, Bht, Ethylhexylglycerin, Palmitoyl Tripeptide1, Palmitoyl Tetrapeptide7, Benzyl Alcohol.",22,2501,1.0,0.0,https://www.sephora.com/product/renewed-hope-in-jar-renewing-dew-concentrate-P433605?icid2=products%20grid:p433605,1.0,45.0
Acne Solutions Clearing Concealer,CLINIQUE,facial-treatments,19.0,"Butylene Glycol , Cetyl Esters , Stearic Acid , Kaolin , Glyceryl Dilaurate , Hydrogenated Polyisobutene , Steareth21 , Laminaria Saccharina Extract , Caffeine , Peg150 Pentaerythrityl Tetrastearate , Steareth2 , Glyceryl Stearate , Lecithin , Acetyl Glucosamine , Cellulose Gum , 10Hydroxydecanoic Acid , Magnesium Aluminum Silicate , Silica , Xanthan Gum , Aminomethyl Propanediol , Simethicone , Tocopheryl Acetate , Disodium Edta , Phenoxyethanol , Potassium Sorbate ,  [+/ Mica , Titanium Dioxide (Ci 77891) , Iron Oxides (Ci 77491, Ci 77492, Ci 77499) , Chromium Hydroxide Green (Ci 77289)] <iln38558></iln38558>",589,16174,0.34,0.0,https://www.sephora.com/product/acne-solutions-clearing-concealer-P244700?icid2=products%20grid:p244700,0.34,55.882352941176464
True Blue Hydrating Serum,Dr Roebuck's,facial-treatments,60.0,"Betaine, Propanediol, Glycerin, Biosaccharide gum1, Pentylene Glycol, Sodium Hyaluronate, Creatine, Glyceryl Caprylate, Sodium Polyacrylate, Ascorbyl Tetraisopalmitate, Niacinamide (Vitamin B3), Fructose, Urea, Citric Acid, Sodium Hydroxide, Maltose,Sodium PCA, Sodium Chloride, Sodium Lactate, Trehalose, Allantoin, Glucose, Carnosine, Tocopherol (Vitamin E), Cucumis Sativus (Cucumber) Seed Oil, Ubiquinone, Sodium Acrylates Copolymer, Caprylyl Glycol, Lecithin, Dehydroxanthan Gum, Mentha Piperita (Peppermint) Oil.",22,1756,1.0,0.0,https://www.sephora.com/product/true-blue-hydrating-serum-P430837?icid2=products%20grid:p430837,1.0,60.0
Clear Skin Days by Sephora Collection Spot Eraser Stick,SEPHORA COLLECTION,facial-treatments,6.0,"Alcohol Denat. (Sd Alcohol 40B), Allantoin, Betaine, Glycerin, Mexican Giant Hyssop (Agastache Mexicana) Flower/Leaf/Stem Extract, Phenoxyethanol, Propanediol, Salicylic Acid, Sodium Gluconate, Sodium Hydroxide, Water (Aqua).",51,4676,0.0,0.0,https://www.sephora.com/product/spot-eraser-stick-P446623?icid2=products%20grid:p446623,1.3220803357314155,4.538302127215753
Herbal Hydrating Serum,Mario Badescu,facial-treatments,30.0,"Glycerin, Propylene Glycol, Dimethicone, Carbomer, Gingko Biloba Leaf Extract, Panax Ginseng Root Extract, Triethanolamine, Dimethiconol, Caprylyl Glycol, Cyclopentasiloxane, Ethylhexyl Cocate, Hexylene Glycol, Sodium Chloride, Phenyl Trimethicone, Glycolipids, Lecithin, Phenoxyethanol, Blue 1 (Ci 42090), Yellow 5 (Ci 19140).",4,2281,1.0,0.0,https://www.sephora.com/product/mario-badescu-herbal-hydrating-serum-P440497?icid2=products%20grid:p440497,1.0,30.0
Kx Active Concentrates Bio-Mimicking Peptides Serum,Kate Somerville,facial-treatments,98.0,"PPG24Glycereth24, Glycerin, Propanediol, Spondias Mombin Pulp Extract, Mangifera Indica (Mango) Pulp Extract, Musa Sapientum (Banana) Pulp Extract, Acetyl Glutamine, Sodium Hyaluronate, Acer Rubrum Extract, shPolypeptide1, shOligopeptide2, shOligopeptide1, shPolypeptide9, shPolypeptide11, Panthenol, Cichorium Intybus (Chicory) Leaf Extract, Zinc PCA, Caprylyl Glycol, Glycine Soja(Soybean) Seed Extract, Lecithin, Sclerotium Gum, Pullulan, 1,2Hexanediol, Bacillus/Forlic Acid Ferment Extract, Caprylhydroxamic Acid, Silica, Adenosine, Benzyl Alcohol, Potassium Sorbate, Capryl Glycol, Butylene Glycol, Hexylene Glycol, Disodium EDTA, Citric Acid, Sodium Benzoate, Xanthan Gum.",333,1883,1.0,0.0,https://www.sephora.com/product/kx-active-concentrates-bio-mimicking-peptides-P442867?icid2=products%20grid:p442867,1.0,98.0
Glowing Skin Smoothie Serum Protect and Smooth,Edible Beauty,facial-treatments,39.0,"Organic Aloe Barbadensis Leaf, Organic Glycerin, Organic Brassica Oleracea Italica (Broccoli), Acacia Senegal, Xanthan Gum, Organic Brassica Oleracea Sabellica (Kale), Silybum Marianum (St Mary’s Thistle), Organic Malus Domestica (Apple), Aqua,Rumex Occidentalis Extract, Organic Musa Paradisiaca (Banana) Leaf, Cucumis Sativa (Cucumber) Oil,pAnisic acid, Cucurbita Pepo (Pumpkin) Seed Oil*, Glyceryl Caprylate.",16,2709,1.0,0.0,https://www.sephora.com/product/glowing-skin-smoothie-serum-protect-smooth-P443540?icid2=products%20grid:p443540,1.0,39.0
Capture Youth Matte Maximizer Age-Delay Mattifying Serum,Dior,facial-treatments,95.0,"Aqua (Water), Alcohol, Dipropylene Glycol, Glycerin, Propylene Glycol, Lactic Acid, Hydroxyethyl Acrylate/Sodium Acryloyldimethyl Taurate Copolymer, Betaine, Cellulose, Vinyl Dimethicone/Methicone Silsesquioxane Crosspolymer, Phenoxyethanol, Sodium Hydroxide, Peg60 Hydrogenated Castor Oil, Zinc Gluconate, Parfum (Fragrance), Alcaligenes Polysaccharides, Xanthan Gum, Sodium Citrate, Polysorbate 60, Sorbitan Isostearate, Kaolin, Adenosine, Sodium Tocopheryl Phosphate, Peg7 Glyceryl Cocoate, Illite, Sodium Metabisulfite, Ci 77491 (Iron Oxides), Synthetic Fluorphlogopite, Polyquaternium7, Iris Florentina Root Extract, Bht, Methylsilanol TriPeg8 Glyceryl Cocoate, Tocopherol, Ci 14700 (Red 4), Ci 60730 (Ext. Violet 2), Ci 19140 (Yellow 5).",6,0,1.0,0.0,https://www.sephora.com/product/capture-youth-matte-maximizer-age-delay-mattifying-serum-P427733?icid2=products%20grid:p427733,1.0,95.0
MAGNETIGHT Age-Defier™ Mask,Dr. Brandt Skincare,facial-treatments,75.0,"Iron Powder, Dimethicone, C1215 Alkyl Benzoate, Polysilicone11, Nylon12, Silica, Lavandula Angustifolia (Lavender) Oil, Citrus Aurantium Bergamia (Bergamot) Fruit Oil, Pelargonium Graveolens Flower Oil, Anthemis Nobilis Flower Oil, Tourmaline Powder, Dimethylmethoxy Chromanol, Tribehenin, Cermide Ng, Peg10 Rapeseed Sterol, Palmitoyl Hexapeptide12, Peg10 Dimethicone, Polysorbate 40, Isohexadecane, Ammonium Polyacryloyldimethyl Taurate, Polymethylsilsesquioxane, Hdi/Trimethylol Hexyllactone Crosspolymer.",284,18605,0.0,3.0,https://www.sephora.com/product/magnetight-age-defier-P411254?icid2=products%20grid:p411254,3.0,25.0
Perky Collagen Boosting Serum,Dr Roebuck's,facial-treatments,60.0,"Purified Glycerin, Niacinamide, Aloe Barbadensis Leaf Juice, Caprylic/Capric Triglyceride, Biosaccharide Gum1, CocoCaprylate, Sodium Hyaluronate, Carnosine, Dehydroacetic Acid, Benzyl Alcohol, Alcohol, Acanthopanax Senticosus Extract (Ginseng), Xanthan Gum, Potassium Sorbate, Citric Acid, Ascorbyl Tetraisopalmitate, Creatine, Squalane, Plukenetia Volubilis Seed Oil (Inca Inchi Oil), Pullulan, Tocopheryl Acetate, Caprylyl Glycol, Sodium Polyacrylate, Xanthan Gum, Cymbopogon Flexuosus (Lemon Grass) Oil.",37,2202,1.0,0.0,https://www.sephora.com/product/perky-collagen-boosting-serum-P430824?icid2=products%20grid:p430824,1.0,60.0
Wild Seed Firming Serum,Primera,facial-treatments,74.0,"Glycerin, Hydrogenated Poly(C614 Olefin), Propanediol, Pentaerythrityl Tetraethylhexanoate,Dimethicone, Polyglyceryl3 Methylglucose Distearate, Butylene Glycol, 1,2Hexanediol,Butyrospermum Parkii (Shea) Butter, Glyceryl Stearate, Cetearyl Alcohol, Glyceryl Stearate Citrate,Hydrogenated Vegetable Oil, Sodium Polyacrylate, Stearic Acid, Palmitic Acid, Hydrogenated Polydecene, Fragrance/ Parfum, Glyceryl Caprylate, Carbomer, Disodium Edta, Xanthan Gum, Tromethamine, Xylitylglucoside, Adenosine,Anhydroxylitol, Dextrin, Theobroma Cacao (Cocoa) Extract, Ppg5Laureth5, Xylitol, Glycine Soja (Soybean) Sprout Extract, Glycine Soja (Soybean) Seed Extract, Natto Gum, Glycine Soja (Soybean) Seed Extract, Myristic Acid,Glucose, Lauric Acid, Ethylhexylglycerin.",151,1858,1.6,0.0,https://www.sephora.com/product/primera-wild-seed-firming-serum-P447187?icid2=products%20grid:p447187,1.6,46.25
Vitamin A Serum,Alpha-H,facial-treatments,70.0,"Glycerin, Methyl Gluceth20, Polysorbate 80, Polyacrylate Crosspolymer6, Phenoxyethanol, Squalane, Retinol, Polysorbate 20, Simmondsia Chinensis (Jojoba) Seed Oil, Solanum Lycopersicum (Tomato) Fruit Extract, Prunus Amygdalus Dulcis (Sweet Almond) Oil, Oenothera Biennis (Evening Primrose) Oil, Macadamia Ternifolia (Macadamia) Seed Oil, Retinyl Propionate, Caprylyl Glycol, Sodium Stearoyl Glutamate, Disodium Edta, Citric Acid.",3,917,0.85,0.0,https://www.sephora.com/product/vitamin-a-P442540?icid2=products%20grid:p442540,0.85,82.3529411764706
Silver Powder,Mario Badescu,facial-treatments,12.0,"Calcium Carbonate, Kaolin, Zinc Oxide.",19,3231,1.0,0.0,https://www.sephora.com/product/mario-badescu-silver-powder-P440499?icid2=products%20grid:p440499,1.0,12.0
Mild Facial Peeling Gel,Primera,facial-treatments,38.0,"Glycerin, Steartrimonium Methosulfate, Acrylates/C1030 Alkyl Acrylate Crosspolymer,Isopropyl Alcohol, Fragrance / Parfum, Distearyldimonium Chloride, Cocamidopropyl Betaine, Butylene Glycol, Sodiumchloride, Brassica Oleracea Italica (Broccoli) Extract, Sodium Benzoate, Melia Azadirachta Extract, Phyllanthusemblica Extract, Fragaria Vesca (Strawberry) Leaf Extract, Helianthus Annuus (Sunflower) Extract, Brassica Oleraceagemmifera (Brussels Sprouts) Extract, Borago Officinalis Extract, Polyquaternium51, Phenoxyethanol, Disodium Edta.",20,2404,5.0,0.0,https://www.sephora.com/product/primera-mild-facial-peeling-gel-P447186?icid2=products%20grid:p447186,5.0,7.6
Beauty Shroom™ Plumping Jelly Serum,Moon Juice,facial-treatments,58.0,"Betaine, Coconut Oil Polyglyceryl6 Esters, Glycerin, Tremella Fuciformis Sporocarp (Silver Ear Mushroom) Extract, Sodium Polyglutamate, Hydrolyzed Hyaluronic Acid, Ganoderma Lucidum (Reishi Mushroom) Extract, Rosa Damascena Oil, Santalum Austrocaledonicum Wood Oil, Pogostemon Cablin Oil, Polyglyceryl10 Oleate, Oryza Sativa (Rice) Bran Oil, Tocopherol, Tocotrienols, Citric Acid, Lonicera Caprifolium (Honeysuckle) Flower Extract, Lonicera Japonica (Honeysuckle) Flower Extract.",117,8512,1.0,0.0,https://www.sephora.com/product/beauty-shroom-tm-plumping-jelly-serum-P432831?icid2=products%20grid:p432831,1.0,58.0
Precision Lifting & Pore-Tightening Concentrate,Kiehl's Since 1851,facial-treatments,86.0,"Water,Butylene Glycol,BisPeg18 Methyl Ether Dimethyl Silane,Methyl Gluceth20,Peg20,Squalane,Dimethicone,Alcohol Denat.,Octyldodecanol,Cyclohexasiloxane,Lauroyl Lysine,Carbomer,Phenoxyethanol,Tocopheryl Acetate,Hydrogenated Lecithin,Pentylene Glycol,Caprylyl Glycol,Polysilicone11,Yeast Extract,Xanthan Gum,Acrylates/C1030 Alkyl Acrylate Crosspolymer,Pvp,Pelargonium Graveolens Flower Oil,Adenosine,Capryloyl Salicylic Acid,Disodium Edta,Sodium Hydroxide,Soybean Protein,Citronellol,Geraniol,Rosemary Leaf Oil,Linalool,Citral,Limonene.",12,2341,0.0,2.5,https://www.sephora.com/product/precision-lifting-pore-tightening-concentrate-P422252?icid2=products%20grid:p422252,2.5,34.4
V7 Antioxidant Serum,Dr. Jart+,facial-treatments,58.0,"Olea Europaea (Olive) Fruit Oil, CocoCaprylate/Caprate, Camellia Japonica Seed Oil, Simmondsia Chinensis (Jojoba) Seed Oil, Alcohol, Glycerin, Niacinamide, 1,2Hexanediol, Pentylene Glycol, Sodium Chloride, Hydrogenated Lecithin, Coccinia Indica Fruit Extract, Eclipta Prostrata Extract, Polyglyceryl10 Stearate, Ethylhexylglycerin, Xanthan Gum, Citrus Reticulata (Tangerine) Peel Extract, Panthenol, Pogostemon Cablin Leaf Extract, Salvia Sclarea (Clary) Oil, Adenosine, Sodium Hyaluronate, Tocopheryl Acetate, Butylene Glycol, Melia Azadirachta Flower Extract, Melia Azadirachta Leaf Extract, Curcuma Longa (Turmeric) Root Extract, Ocimum Sanctum Leaf Extract, Ficus Carica (Fig) Fruit Extract, Ginkgo Biloba Nut Extract, Morus Alba Fruit Extract, Punica Granatum Fruit Extract, Corallina Officinalis Extract, Linoleic Acid, Biotin, Menadione, Ascorbic Acid.",8,1441,1.35,0.0,https://www.sephora.com/product/v7-antioxidant-serum-P445467?icid2=products%20grid:p445467,1.35,42.96296296296296
Clear Skin Days by Sephora Collection Mattifying Booster Powder,SEPHORA COLLECTION,facial-treatments,11.0,"Olea Europaea (Olive) Fruit Oil, CocoCaprylate/Caprate, Camellia Japonica Seed Oil, Simmondsia Chinensis (Jojoba) Seed Oil, Alcohol, Glycerin, Niacinamide, 1,2Hexanediol, Pentylene Glycol, Sodium Chloride, Hydrogenated Lecithin, Coccinia Indica Fruit Extract, Eclipta Prostrata Extract, Polyglyceryl10 Stearate, Ethylhexylglycerin, Xanthan Gum, Citrus Reticulata (Tangerine) Peel Extract, Panthenol, Pogostemon Cablin Leaf Extract, Salvia Sclarea (Clary) Oil, Adenosine, Sodium Hyaluronate, Tocopheryl Acetate, Butylene Glycol, Melia Azadirachta Flower Extract, Melia Azadirachta Leaf Extract, Curcuma Longa (Turmeric) Root Extract, Ocimum Sanctum Leaf Extract, Ficus Carica (Fig) Fruit Extract, Ginkgo Biloba Nut Extract, Morus Alba Fruit Extract, Punica Granatum Fruit Extract, Corallina Officinalis Extract, Linoleic Acid, Biotin, Menadione, Ascorbic Acid.",21,2602,0.0,0.0,https://www.sephora.com/product/mattifying-booster-powder-P446625?icid2=products%20grid:p446625,1.3220803357314155,8.320220566562215
Kinetin+ Rejuvenating Serum,Obagi Clinical,facial-treatments,95.0,"Propanediol, Butylene Glycol, PEG12, Glyceryl Dimyristate, Methyl Gluceth20, Sorbitan Laurate, Phenoxyethanol, Xanthan Gum, Cellulose Gum, Oryza Sativa (Rice) Extract, Ethoxydiglycol, Glycerin, Malus Domestica Fruit Cell Culture Extract, Lecithin, Polyglyceryl4 Laurate, Kinetin, Zeatin, Ethylhexylglycerin, Biosaccharide Gum1, Citric Acid, Sodium Hyaluronate, Dilauryl Citrate, Baicalin, 1,2Hexanediol, Caprylyl Glycol, Inulin Lauryl Carbamate, Ergothioneine, Tetrapeptide26.",117,2499,1.0,0.0,https://www.sephora.com/product/kinetin-rejuvenating-serum-P439426?icid2=products%20grid:p439426,1.0,95.0
15% Niacinamide Gel Serum,SOBEL SKIN Rx,facial-treatments,75.0,"Niacinamide, Glycerin, Hydroxyethylcellulose, Allantoin, Chamomilla Recutita (Matricaria) Flower Extract,Cucumis Sativus (Cucumber) Fruit Extract,Bisabolol,Zingiber Officinale (Ginger) Root Extract, Phenoxyethnaol, Ethylhexylglycerin.",91,263,1.7,0.0,https://www.sephora.com/product/sobel-skin-rx-15-niacinamide-gel-serum-P451748?icid2=products%20grid:p451748,1.7,44.11764705882353
Ain’t Misbehavin’® Intensive 10% Sulfur Acne Mask & Emergency Spot Treatment,DERMAdoctor,facial-treatments,48.0,"Kaolin, Magnesium Aluminum Silicate, Glycerin, Bentonite, Boswellia Serrata Extract, Butylene Glycol, PEG60 Almond Glycerides, Caprylyl Glycol, Carbomer, Nordihydroguaiaretic Acid, Oleanolic Acid, Citric Acid, Phenoxyethanol, Ethylhexylglycerin, Zinc Oxide, Evodia Rutaecarpa Extract, Titanium Dioxide, Chamomilla Recutita (Matricaria) Flower Extract, Allantoin, Phytosphingosine, Salix Nigra (Willow) Bark Extract, Xanthan Gum, Panthenol, Potassium Sorbate, Camellia Sinensis (Japanese White Tea) Leaf Extract, Propylene Glycol, BHT, Hamamelis Virginiana (Witch Hazel) Extract, Avena Sativa (Oat) Kernel Extract, Citrus Medica Limonum (Lemon) Peel Oil, Fragrance",24,4341,2.3,0.0,https://www.sephora.com/product/ain-t-misbehavin-intensive-10-sulfur-acne-mask-emergency-spot-treatment-P407176?icid2=products%20grid:p407176,2.3,20.869565217391305
Age Defying Smoothing Treatment,Eve Lom,facial-treatments,150.0,"Cyclopentasiloxane, Dimethicone Crosspolymer, Trimethylsiloxysilicate, C1215 Alkyl Benzoate, Ethylhexyl Cocoate, Lecithin, Tocotrienols, Elaeis Guineensis (Palm) Oil, C3045 Alkyl Methicone, C3045 Olefin, Caprylyl Glycol, Bht, Tocopherol, Squalene, Phytosterols, Acetyl Hexapeptide8, Glycosphingolipids",5,1284,1.08,0.0,https://www.sephora.com/product/age-defying-smoothing-treatment-P416532?icid2=products%20grid:p416532,1.08,138.88888888888889
Peat Miracle Revital Serum Concentrate,belif,facial-treatments,60.0,"Peat Extract (20%), Dipropylene Glycol, Alcohol Denat., Glycerin, Methyl Gluceth20, Butylene Glycol, Lactobacillus/Soybean Ferment Extract, 1,2Hexanediol, PEG150, Aminobutyric Acid, Rosa Damascena Flower Extract*, Althaea Officinalis Root Extract*, Spiraea Ulmaria Flower Extract*, Viola Tricolor Extract*, Alchemilla Vulgaris Leaf Extract*, Nepeta Cataria Extract+, Avena Sativa (Oat) Kernel Extract+, Rubus Idaeus (Raspberry) Leaf Extract+, Calendula Officinalis Flower Extract+, Stellaria Media (Chickweed) Extract+, Baptisia Tinctoria Root Extract+, Glycyrrhiza Glabra (Licorice) Root Extract**, Achillea Millefolium Flower Extract**, Euphrasia Officinalis Extract**, Aesculus Hippocastanum (Horse Chestnut) Leaf Extract**, Rhodiola Rosea Root Extract**, Vaccinium Myrtillus Fruit Extract**, Equisetum Arvense Leaf Extract**, Sodium Hyaluronate, Saccharomyces/Potato Extract Ferment Filtrate, Saccharomyces/Barley Seed Ferment Filtrate, Panthenol, Theobroma Cacao (Cocoa) Extract, PEG40 Hydrogenated Castor Oil, Glyceryl Acrylate/Acrylic Acid Copolymer, Hydroxyethylcellulose, Sodium Polyacrylate, Trisodium EDTA, Fragrance++, Citronellol, Limonene, Geraniol, Linalool.",35,7180,1.01,0.0,https://www.sephora.com/product/peat-miracle-revital-serum-concentrate-P414006?icid2=products%20grid:p414006,1.01,59.40594059405941
Renewed Hope in a Jar Peeling Mousse Instant Glow Facial,philosophy,facial-treatments,35.0,"Peg8, Cellulose, Butylene Glycol, Glycerin, Peg7 Glyceryl Cocoate, Hamamelis Virginiana (Witch Hazel)  Phenoxyethanol, Carbomer, Saccharide Isomerate, Benzophenone3, Panthenol, Alcohol, Chlorphenesin, Sodium Hydroxide, Fragrance, Disodium Edta, Ananas Sativus (Pineapple) Fruit Extract, Propylene Glycol, Citric Acid, Guar Hydroxypropyltrimonium Chloride, Sodium Citrate, Panthenyl Triacetate, Taraxacum Officinale (Dandelion) Rhizome/Root  Extract, Pantolactone, Hydroxyethylcellulose, Hydroxypropylcellulose, Centaurea Cyanus Flower Extract, Bht,  Ethylhexylglycerin, Titanium Dioxide (Ci 77891), Fd&amp;C Blue No. 1 (Ci 42090), D&amp;C Red No. 33 (Ci 17200).",144,1398,2.5,0.0,https://www.sephora.com/product/renewed-hope-in-jar-peeling-mousse-instant-glow-facial-P441325?icid2=products%20grid:p441325,2.5,14.0
Beauty Sleep Power Peel,Alpha-H,facial-treatments,129.0,"Glycolic Acid, Caprylic/Capric Triglyceride, Dimethicone, Cetearyl Alcohol, Glyceryl Stearate, Peg100 Stearate, Cyclopentasiloxane, Euglena Gracilis Extract, Potassium Hydroxide, Ceteareth20, Sodium Carrageenan, Glycerin, Stearic Acid, Hydrolyzed Wheat Flour, Phenoxyethanol, Maltodextrin, Simmondsia Chinensis Seed Oil, Dimethicone Crosspolymer, Parfum, Butyrospermum Parkii Butter, Mangifera Indica Seed Butter, Prunus Amygdalus Dulcis Oil, Retinol, Tocopheryl Acetate, Vitis Vinifera Seed Oil, Panthenol, Tanacetum Annuum Flower Oil, Gluconolactone, Allantoin, Disodium Edta, Sodium Benzoate, Aloe Barbadensis Leaf, Calcium Pantothenate, Xanthan Gum, Caprylyl Glycol, Proline, Serine, Sodium Hyaluronate, Urea, Magnesium Lactate, Papain, Ethylhexylglycerin, Calcium Gluconate, Alanine, Magnesium Chloride, Sodium Citrate, Limonene, Linalool.",3,1270,1.69,0.0,https://www.sephora.com/product/beauty-sleep-power-peel-P442542?icid2=products%20grid:p442542,1.69,76.33136094674556
Ningaloo Copper Peptide Firming Serum,Dr Roebuck's,facial-treatments,68.0,"Sodium Hyaluronate, Sodium Acetylated Hyaluronate, Copper Tripeptide1, Banksia Serrata Flower Extract, Glucanolactone/Sodium Benzoate (ECOCERT preservative).",6,1382,1.01,0.0,https://www.sephora.com/product/ningaloo-copper-peptide-firming-serum-P449404?icid2=products%20grid:p449404,1.01,67.32673267326733
R45 The Lift 3-Phase Advanced Neck Contouring Treatment,BeautyBio,facial-treatments,85.0,"Ethylhexyl Stearate, Caprylic/Capric Triglyceride, Glycerin, Butyrospermum Parkii (Shea) Butter, Propanediol, Theobroma Cacao (Cocoa) Seed Butter, Glyceryl Stearate Citrate, Cetearyl Alcohol, Glyceryl Stearate, Peg100 Stearate, Cetyl Alcohol, Dimethicone Peg7 Isostearate, Prunus Amygdalus Dulcis (Sweet Almond) Seed Extract, Sorghum Bicolor Stalk Juice, Dimethicone, Xymenynic Acid, Spilanthes Acmella Flower Extract, Sodium Polystyrene Sulfonate, Tartaric Acid, Lactic Acid, Caprylyl Glycol, Polyacrylamide, Phenoxyethanol, Disodium Edta, Steareth20, C1314 Isoparaffin, Aminomethyl Propanol, Steareth10, Laureth7, Sorbic Acid, Carbomer, Xanthan Gum, Ethylhexylglycerin, Potassium Sorbate, Sodium Benzoate, Tocopherol.",7,1091,0.17,0.0,https://www.sephora.com/product/r45-lift-3-phase-advanced-neck-contouring-treatment-P443812?icid2=products%20grid:p443812,0.17,499.99999999999994
Alpha Hydroxy Acid Serum,The INKEY List,facial-treatments,10.99,"Propanediol, Vaccinium Myrtillus (Bilberry) Fruit Extract, Glycerin, Saccharum Officinarum (Sugar Cane) Extract, Ascorbyl Glucoside, Sodium Hydroxide, Sodium Hyaluronate, Citrus Aurantium Dulcis (Orange) Fruit Extract, Citrus Limon (Lemon) Fruit Extract, Xanthan Gum, Acer Saccharum (Sugar Maple) Extract, Sodium Benzoate, Allantoin, Sodium Levulinate, Potassium Sorbate, Sodium Anisate, Trisodium Ethylenediamine Disuccinate.",48,2177,1.0,0.0,https://www.sephora.com/product/alpha-hydroxy-acid-serum-P443822?icid2=products%20grid:p443822,1.0,10.99
Green Barley Daily Refining Serum,innisfree,facial-treatments,26.0,"Propanediol, Alcohol, Glycerin, Sodium Lactate, Achillea Millefolium Extract, Glycolic Acid, Lactobionic Acid, Saccharomyces/Barley Seed Ferment Filtrate, Oryza Sativa (Rice) Extract, Hordeum Vulgare Seed Extract, Camellia Sinensis Leaf Extract, Opuntia Coccinellifera Fruit Extract, Camellia Japonica Leaf Extract, Citrus Unshiu Peel Extract, Orchid Extract, Butylene Glycol, Pentylene Glycol, Glyceryl Caprylate, Ethylhexylglycerin, Xanthan Gum, Disteareth100 Ipdi, Ammonium Acryloyldimethyltaurate/Vp Copolymer, Peg60 Hydrogenated Castor Oil, Disodium Edta, Fragrance.",2,1806,1.69,0.0,https://www.sephora.com/product/green-barley-daily-refining-serum-P449865?icid2=products%20grid:p449865,1.69,15.384615384615385
The Nightly Retinol + Peptide Anti-Aging Serum,BeautyBio,facial-treatments,95.0,"Ethylhexyl Palmitate, Glycerin, Peg40 Hydrogenated Castor Oil, Caprylic/Capric Triglyceride, Sodium Hyaluronate, Bisabolol, Leontopodium Alpinum Meristem Cell Culture, Dimethyl Isosorbide, Panthenol, Tetrahexyldecyl Ascorbate, Amorphophallus Konjac Root Powder, Leuconostoc/Radish Root Ferment Filtrate, Commiphora Mukul Resin Extract, Tocopherol, Allantoin, Hydroxypinacolone Retinoate, Palmitoyl Tripeptide28, Disodium Edta, Carbomer, Trihydroxystearin, Aminomethyl Propanol, Phenoxyethanol, Xanthan Gum, Silica, Chlorphenesin, Benzoic Acid, Butylene Glycol, Sorbic Acid, Mica, Titanium Dioxide.",4,2079,1.0,0.0,https://www.sephora.com/product/the-nightly-retinol-peptide-anti-aging-serum-P438640?icid2=products%20grid:p438640,1.0,95.0
Pure Brightening Serum,Primera,facial-treatments,62.0,"Butylene Glycol, Squalane, Cyclopentasiloxane, Dimethicone, Niacinamide,Diphenylsiloxy Phenyl Trimethicone, 1,2Hexanediol, Dimethiconol, C1422 Alcohols, Hydroxyethyl Acrylate/Sodiumacryloyldimethyl Taurate Copolymer, Carbomer, Glyceryl Caprylate, 3OEthyl Ascorbic Acid, Fragrance / Parfum,Hydrogenated Lecithin, Tromethamine, C1220 Alkyl Glucoside, Ethylhexylglycerin, Glycerin, Sodium Hyaluronate, Disodium Edta, Polysorbate 60, Sorbitan Isostearate, Lavandula Angustifolia (Lavender) Oil, Lecithin, Glucose,Lepidium Sativum Sprout Extract, Tocopherol.",1,1333,1.0,0.0,https://www.sephora.com/product/primera-pure-brightening-serum-P447185?icid2=products%20grid:p447185,1.0,62.0
The Microdelivery Triple-Acid Brightening Peel,philosophy,facial-treatments,70.0,"Sd Alcohol 40b (Alcohol Denat.), Glycereth-7 Trimethyl Ether, Niacinamide, Mandelic Acid, Peg-8/Smdi Copolymer, Triethanolamine, Azelaic Acid, Phytic Acid, Bisabolol",203,5266,0.0,10.08,https://www.sephora.com/product/the-microdelivery-triple-acid-brightening-peel-P302800?icid2=products%20grid:p302800,10.08,6.944444444444445
WHITE Advanced Brightening Serum,Eve Lom,facial-treatments,150.0,"Niacinamide, Propanediol, Glycerin, Ascorbyl Tetraisopalmitate, Betaine, Xylitylglucoside, Methyl Methacrylate Crosspolymer, Phenoxyethanol, Dimethicone, Anhydroxylitol, BisPeg18 Methyl Ether Dimethyl Silane, Sodium Hydroxide, Cyclopentasiloxane, Xylitol, Carbomer, Inulin Lauryl Carbamate, Acrylates/C1030 Alkyl Acrylate Crosspolymer, Dimethicone Crosspolymer, Allantoin, Ethylhexylglycerin, Methoxy Peg18 , Algae Extract, Disodium Edta, Aloe Barbadensis Leaf Juice, Polymethylsilsesquioxane, Dipeptide Diaminobutyroyl Benzylamide Diacetate, Methyl Undecenoyl Leucinate, Potassium Sorbate, Sodium Benzoate, Rosa Damascena Flower Oil, Citronellol, Aesculus Hippocastanum (Horse Chestnut) Seed Extract, Geraniol, Bht.",11,1240,1.0,0.0,https://www.sephora.com/product/white-advanced-brightening-serum-P409628?icid2=products%20grid:p409628,1.0,150.0
Lifting Serum,Dr. Barbara Sturm,facial-treatments,300.0,"Butylene Glycol, Lactobacillus/Portulaca Oleracea Ferment Extract, Hydroxypropyl Methylcellulose, Pullulan, Phenoxyethanol, Carbomer, Ethylhexylglycerin, Magnesium Carboxymethyl BetaGlucan, Sodium Hyaluronate, Xanthan Gum, Porphyridium Cruentum Extract, Sodium Hydroxide, Leuconostoc/Radish Root Ferment Filtrate, Plankton Extract.",2,162,1.0,0.0,https://www.sephora.com/product/dr-barbara-sturm-lifting-serum-P454087?icid2=products%20grid:p454087,1.0,300.0
Stem Cell Serum,Indie Lee,facial-treatments,135.0,"Glycerin, Sodium Hyaluronate, Pyrus Malus Fruit Extract, Echinacea Angustifolia Meristem Cell Culture, Phyllostachys Edulis Shoot, Rhododendron Ferrugineum Flower Extract, Lysolecithin, Sclerotium Gum, Xanthan Gum, Pullulan, Gluconolactone, Sodium Benzoate, Calcium Gluconate, Citric Acid, Potassium Sorbate.",9,2558,1.0,0.0,https://www.sephora.com/product/stem-cell-serum-P439641?icid2=products%20grid:p439641,1.0,135.0
Kx Active Concentrates Ceramides + Omegas Serum,Kate Somerville,facial-treatments,98.0,"Glycerin, Hydrolyzed Yeast Protein, Butylene Glycol, Propanediol, Cucumis Sativus (Cucumber) Seed Oil, Ectoin, Hydroxyectoin, Ceramide NP, Ceramide AP, Ceramide EOP, Palmitoyl Tripeptide8, Tasmannia Lanceolata Fruit Extract, Hippophae Rhamnoides Oil, Tocopherol, Cholesterol, Ethylhexylglycerin, Carbomer, Aspergillus/Molasses Ferment Filtrate, Phytosphingosine, Adenosine, Caprylhydroxamic Acid, Xanthan Gum, 1,2Hexanediol, Glycine Soja (Soybean) Extract, Lecithin, Sclerotium Gum, Pullulan, Dextran, Pentylene Glycol, Sodium Lauroyl Lactylate, Disodium EDTA, Silica, Sodium Benzoate, Phenoxyethanol.",147,1470,1.0,0.0,https://www.sephora.com/product/kx-active-concentrates-ceramides-omegas-P442868?icid2=products%20grid:p442868,1.0,98.0
Tangerine Brightening & Pore-Refining Serum,innisfree,facial-treatments,37.0,"Citrus Unshiu Peel Extract, Propanediol, Glycerin, Alcohol, Arbutin, Phenoxyethanol, Titanium Dioxide (Ci 77891), Carbomer, Butylene Glycol, Peg60 Hydrogenated Castor Oil, Microcrystalline Cellulose, Tromethamine, Zea Mays (Corn) Starch, Mannitol, Xanthan Gum, Fragrance, Phenyl Trimethicone, Pentylene Glycol, Ethylhexylglycerin, Disodium EDTA, Camellia Japonica Leaf Extract, Camellia Sinensis Leaf Extract, Opuntia Coccinellifera Fruit Extract, Orchid Extract, Synthetic Fluorphlogopite, Ascorbyl Glucoside, Hydrogenated Lecithin, Dextrin, Theobroma Cacao (Cocoa) Extract, Achillea Millefolium Extract, Dipalmitoyl Hydroxyproline, Iron Oxides (Ci 77491), Iron Oxides (Ci 77492), Tin Oxide, Kadsura Coccinea Fruit Extract.",3,1831,1.69,0.0,https://www.sephora.com/product/tangerine-brightening-pore-refining-serum-P449859?icid2=products%20grid:p449859,1.69,21.893491124260354
Clarifying Acne Spot Treatment,Dr. Barbara Sturm,facial-treatments,55.0,"Propanediol, Butylene Glycol, Panthenol, Phenoxyethanol, Sodium Poly Acrylate, Melaleuca Alternifolia Ethylhexylglycerin, Carbomer, Maclura Cochinchinensis Leaf Prenylflavonoids, Sodium Hydroxide, Biosaccharide Gum1, Limonene, Pantolactone, Citric Acid.",0,382,0.5,0.0,https://www.sephora.com/product/dr-barbara-sturm-clarifying-acne-spot-treatment-P454375?icid2=products%20grid:p454375,0.5,110.0
Rapid Reveal Peel,Dermalogica,facial-treatments,85.0,"Propanediol, Butylene Glycol, Panthenol, Phenoxyethanol, Sodium Poly Acrylate, Melaleuca Alternifolia Ethylhexylglycerin, Carbomer, Maclura Cochinchinensis Leaf Prenylflavonoids, Sodium Hydroxide, Biosaccharide Gum1, Limonene, Pantolactone, Citric Acid.",5,965,0.0,0.0,https://www.sephora.com/product/rapid-reveal-peel-P443367?icid2=products%20grid:p443367,1.3220803357314155,64.29261346888984
Concentrated Ginseng Renewing Serum,Sulwhasoo,facial-treatments,205.0,"Water / Aqua / Eau, Butylene Glycol, Glycerin, Limnanthes Alba (Meadowfoam) Seed Oil, Methyl Gluceth 20, Betaine, Behenyl Alcohol, Methoxy Peg114/Polyepsilon Caprolactone, Carbomer, Jojoba Esters, Tromethamine, Hydrolyzed Ginseng Saponins (EnzymeTreated Red Ginseng Saponins), Fragrance / Parfum, Glyceryl Caprylate, Sucrose Polystearate, Phenoxyethanol, Honey / Mel / Miel, Ethylhexylglycerin, Nelumbo Nucifera Flower Extract, Polygonatum Officinale Rhizome/Root Extract, Rehmannia Glutinosa Root Extract, Paeonia Albiflora Root Extract, Lilium Candidum Bulb Extract, Dextrin, Theobroma Cacao (Cocoa) Extract, Disodium Edta, Hydrogenatedpolyisobutene, Panax Ginseng Seed Oil, Linalool, Panax Ginseng Leaf/Stem Extract, Benzyl Benzoate, 1,2Hexanediol, Panax Ginseng Flower Extract, Tocopherol, Hydrogenated Lecithin, Pentaerythrityl TetraDiTButylhydroxyhydrocinnamate, Panax Ginseng Root Extract, Phytosphingosine, Sodium Polyaspartate, Sodium Methylstearoyl Taurate.",0,296,1.69,0.0,https://www.sephora.com/product/concentrated-ginseng-renewing-serum-P448922?icid2=products%20grid:p448922,1.69,121.30177514792899
Umbrian Clay Mattifying Serum,Fresh,facial-treatments,38.0,"Aqua (Water), Isononyl Isononanoate, Butylene Glycol, Glycerin, Pentylene Glycol, Caprylic/Capric Triglyceride, Steareth2, Steareth21, Olea Europaea (Olive) Leaf Extract, Solum Fullonum (Fuller's Earth), Citrus Medica Limonum (Lemon) Fruit Extract, Rosa Damascena Flower Spiraea Ulmaria Extract, Sanguisorba Officinalis Root Extract, Cucumis Sativus (Cucumber) Fruit Extract, Lavandula Angustifolia (Lavender) Flower Cinnamomum Cassia Bark Extract, Zingiber Officinale (Ginger) Root Extract, Tocopheryl Acetate, Polymethyl Methacrylate, Silica, Polyacrylamide, Cetyl Alcohol, Stearyl Alcohol, Acrylates/C1030 Alkyl Acrylate Crosspolymer, C1314 Isoparaffin, Tetrasodium Edta, Ammonium Acryloyldimethyltaurate/Vp Copolymer, Laureth7, Sodium Hydroxide, Linalool, Limonene, Citronellol, Geraniol, Phenoxyethanol, BHT.",101,5845,1.0,0.0,https://www.sephora.com/product/umbrian-clay-mattifying-serum-P308602?icid2=products%20grid:p308602,1.0,38.0
Perfectionist Pro Instant Resurfacing Peel,Estée Lauder,facial-treatments,78.0,"Aqua (Water), Isononyl Isononanoate, Butylene Glycol, Glycerin, Pentylene Glycol, Caprylic/Capric Triglyceride, Steareth2, Steareth21, Olea Europaea (Olive) Leaf Extract, Solum Fullonum (Fuller's Earth), Citrus Medica Limonum (Lemon) Fruit Extract, Rosa Damascena Flower Spiraea Ulmaria Extract, Sanguisorba Officinalis Root Extract, Cucumis Sativus (Cucumber) Fruit Extract, Lavandula Angustifolia (Lavender) Flower Cinnamomum Cassia Bark Extract, Zingiber Officinale (Ginger) Root Extract, Tocopheryl Acetate, Polymethyl Methacrylate, Silica, Polyacrylamide, Cetyl Alcohol, Stearyl Alcohol, Acrylates/C1030 Alkyl Acrylate Crosspolymer, C1314 Isoparaffin, Tetrasodium Edta, Ammonium Acryloyldimethyltaurate/Vp Copolymer, Laureth7, Sodium Hydroxide, Linalool, Limonene, Citronellol, Geraniol, Phenoxyethanol, BHT.",4,681,0.0,0.0,https://www.sephora.com/product/perfectionist-pro-instant-resurfacing-peel-P440647?icid2=products%20grid:p440647,1.3220803357314155,58.997927653804794
Charcoal Spot Corrector,boscia,facial-treatments,28.0,"Isopropyl Alcohol, Glycerin, Talc, Titanium Dioxide, Charcoal Powder, Calamine, Zinc Oxide, Colloidal Sulfur, Zinc Stearate, Salicylic Acid, Acacia Senegal Gum, Butylene Glycol, Camphor, Simmondsia Chinesis (Jojoba) Seed Extract, Epilobium Angustifolium Flower/Leaf/Stem Extract, Cynara Scolymus (Artichoke) Leaf Extract, Iron Oxides (CI 77499)",19,4095,0.84,0.0,https://www.sephora.com/product/charcoal-spot-corrector-P428818?icid2=products%20grid:p428818,0.84,33.333333333333336
POETRY in Lotion®,DERMAdoctor,facial-treatments,75.0,"Caprylic/Capric Triglyceride, Cyclopentasiloxane, Glycerin, Allyl Methacrylates Crosspolymer, Glyceryl Stearate, Stearic Acid, Carthamus Tinctorius (Safflower) Seed Oil, Butyrospermum Parkii (Shea) Butter, Polysorbate 60, Stearyl Alcohol, Retinol, Cyclohexasiloxane, Sorbitol, Sodium Hyaluronate, Polysorbate 20, Dimethicone, Dimethicone/Vinyl Dimethicone Crosspolymer, Glyceryl Acrylate/ Acrylic Acid Copolymer, Butylene Glycol, Boswellia Serrata Extract, Carbomer, Dipotassium Glycyrrhizate, Triethanolamine, Bisabolol, Chamomilla Recutita (Matricaria) Flower Extract, Centella Asiatica Extract, Evodia Rutaecarpa Fruit Extract, Glycyrrhiza Glabra (Licorice) Root Extract, Hypericum Perforatum (St. John’s Wort) Flower/Leaf/Stem Extract, Leontopodium Alpinum (Edelweiss) Extract, Malva Sylvestris (Mallow) Flower Extract, Plantago Lanceolata Leaf Extract, Salvia Officinalis (Sage) Leaf Extract, Sambucus Nigra (Elderberry) Flower Extract, Spiraea Ulmaria (Meadowsweet) Flower Extract, Cucumis Sativus (Cucumber) Fruit Extract, Panax Ginseng Root Extract, Avena Sativa (Oat) Kernel Extract, Curcuma Longa (Turmeric) Root Extract, BetaGlucan, Caffeine, PEG40 Hydrogenated Castor Oil, PEG60 Almond Glycerides, Phytosphingosine, Propylene Glycol, Nordihydroguaiaretic Acid, Oleanolic Acid, Ceramides 2, Arginine, Leucine, Lysine, Taurine, Tyrosine, Valine, Phenoxyethanol, Caprylyl Glycol, Ethylhexylglycerin, BHT, Hexylene Glycol",184,2031,1.0,0.0,https://www.sephora.com/product/poetry-in-lotion-P230805?icid2=products%20grid:p230805,1.0,75.0
Daily Vitamin C,Omorovicza,facial-treatments,150.0,"Hungarian Thermal Glycerin, Propanediol, Sodium Ascorbyl Phosphate, Alcohol, Yeast Extract, Sclerotium Gum, Sodium Levulinate, Alcohol Denat., Niacinamide, Sodium Anisate, Xanthan Gum, Zinc Pca, Potassium Sorbate, Citric Acid, Caprylyl/Capryl Glucoside, Benzyl Alcohol, Parfum (Fragrance), Ci 77891 (Titanium Dioxide), Chlorella Vulgaris/Lupinus Albus Protein Ferment, Nasturtium Officinale Flower/Leaf Extract, Sodium Hyaluronate, Phospholipids, Leuconostoc/Radish Root Ferment Filtrate, Sodium Benzoate, Actinidia Arguta Fruit Extract, Limonene, Linalool, Benzyl Salicylate, Citronellol, Geraniol.",3,576,0.0,0.0,https://www.sephora.com/product/daily-vitamin-c-P441647?icid2=products%20grid:p441647,1.3220803357314155,113.45755318039383
Clinical Concentrate Radiance Booster™ ,Dr. Dennis Gross Skincare,facial-treatments,68.0,"Yucca Glauca Root ExtractGlycerin, Caprylic/Capric TriglyceridePolyacrylamide, Hydrolyzed CollagenCentella Asiatica Extract, QuercetiCaprylate, Pyruvic Acid, Tartaric AcidLinoleic Acid, Bisabolol, ResveratrolCucumis Sativus (Cucumber) FruiExtract, Citrullus Lanatus (WatermelonFruit Extract, Retinol, Salicylic Acid, SilicDimethyl Silylate, Camellia Sinensis LeaExtract, Ellagic Acid, Tocopheryl AcetateCeramide 2, Symphytum OfficinalExtract, Chamomilla Recutita (MatricariaFlower Extract, Glycine Soja (SoybeanExtract, Hydrolyzed Soy ProteinPotassium Azeloyl Diglycinate, SaccharidIsomerate, Salix Alba (Willow) BarExtract, Sodium Hyaluronate, FeruliAcid, Gallic Acid, Argania Spinosa KerneOil, Glycolic Acid, Lactic AcidCommiphora Myrrha Oil, Copper PCASodium PCA, Mandelic AcidTetrapeptide21, Hamamelis Virginian(Witch Hazel) Extract, Glyceryl OleateAcrylates/Carbamate Copolymer, ButylenGlycol, C1314 Isoparaffin, Zinc PCAUrea, Laureth7, Polysorbate 20Disodium EDTA, Phytic Acid, Octoxynol9Phenoxyethanol, Fragrance",45,4789,1.0,0.0,https://www.sephora.com/product/clinical-concentrate-radiance-booster-P385269?icid2=products%20grid:p385269,1.0,68.0
Pure Shots Lines Away Anti-Aging Serum,Yves Saint Laurent,facial-treatments,88.0,"Aqua / Butylene Glycol Glycerin, Rhamnose, Alcohol Denat., Hydroxypropyl Tetrahydropyrantriol, Propylene Glycol, Peg/Ppg/Polybutylene Glycol8/5/3 Glycerin, Dimethicone, Hydroxyethylpiperazine Ethane Sulfonic Acid, CocoGlucoside, Lactic Acid, Sodium Hydroxide, Sodium Lactate, Sodium Hyaluronate, Sodium Benzoate, Sodium Chloride, Phenoxyethanol, Adenosine, Acetyl Tetrapeptide9, Iris Florentina Root Extract, Chlorphenesin, Cellulose Acetate Butyrate, Polyphosphorylcholine Glycol Acrylate, Polyvinyl Alcohol, Ammonium Polyacryloyldimethyl Taurate, Dimethiconol, Benzyl Salicylate, Benzoic Acid, Linalool, Benzyl Alcohol, Caprylyl Glycol, Carbomer, Cereus Grandiflorus Flower Extract / Cactus Flower Extract, Carrageenan, Citric Acid, Potassium Sorbate, Glucose, Glycol Distearate, Glyceryl Oleate, Glyceryl, Stearate, Parfum / Fragrance.",89,319,1.0,0.0,https://www.sephora.com/product/yves-saint-laurent-pure-shots-lines-away-anti-aging-serum-P454070?icid2=products%20grid:p454070,1.0,88.0
Ain’t Misbehavin’ Medicated Acne Control Serum,DERMAdoctor,facial-treatments,48.0,"SD Alcohol 40B, Glycerin, Polyquaternium37, Propylene Glycol, Azelaic Acid, Cyclopentasiloxane, Propylene Glycol Dicaprylate/Dicaprate, Butylene Glycol, Camellia Sinensis (White Tea) Extract, Cyclohexasiloxane, Methyl Methacrylate/Glycol Dimethacrylate Crosspolymer, PEG60 Almond Glycerides, PPG1Trideceth6, Caprylyl Glycol, Melaleuca Alternifolia (Tea Tree) Leaf Oil, Chamomilla Recutita (Matricaria) Flower Extract, Superoxide Dismutase, Phospholipids, Carbomer, Nordihydroguaiaretic Acid, Oleanolic Acid.",262,3987,0.0,0.0,https://www.sephora.com/product/aint-misbehavin-medicated-acne-control-serum-P181705?icid2=products%20grid:p181705,1.3220803357314155,36.30641701772603
Picture Porefect,DERMAdoctor,facial-treatments,42.0,"Butylene Glycol, Glycolic Acid, Azelaic Acid, Polysorbate 20, Lactic Acid, Aluminum Zirconium Tetrachlorohydrex Glycine, Glycerin, Sodium Hydroxide, Retinol, Malic Acid, Camellia Oleifera (Green Tea) Leaf Extract, Salix Alba (Willow) Bark Extract, Citric Acid, Cyclohexasiloxane, Cyclopentasiloxane, Polyacrylamide, C1314 Isoparaffin, Laureth7, Glycine Soja (Soybean) Oil, Methyl Methacrylate/Glycol Dimethacrylate Crosspolymer, Hydroxyethylcellulose, Xanthan Gum, Phenoxyethanol, Methylparaben, Butylparaben, Ethylparaben, Propylparaben.",306,5010,1.0,0.0,https://www.sephora.com/product/picture-porefect-P73515?icid2=products%20grid:p73515,1.0,42.0
Lifting Primer Anti-Aging Serum,Natasha Denona,facial-treatments,60.0,"Glycerin, Butylene Glycol, Sorbitan Stearate, Stearic Acid, Acacia Senegal Gum, Dimethicone, Cyclopentasiloxane, Cetyl Alcohol, Caprylyl Glycol, Dimethicone/Vinyl Dimethicone Crosspolymer, Hydrolyzed Rhizobian Gum, Triethanolamine, Sodium Hyaluronate, Phenoxyethanol, Peg/ppg18/18 Dimethicone, Ethylhexylglycerin, Fragrance, Hexylene, Glycol, Methylisothiazolinone",11,1054,0.0,1.01,https://www.sephora.com/product/lifting-primer-anti-aging-serum-P411824?icid2=products%20grid:p411824,1.01,59.40594059405941
Phormula 3-9 Repair Cream,Erno Laszlo,facial-treatments,290.0,"C1220 Acid Peg8 Ester, Dimethiconol, Caprylic/Capric Triglyceride, Butylene Glycol, CocoCaprylate/Caprate, Ethylhexylglycerin, Hydrolyzed Glycosaminoglycans, Calophyllum Inophyllum Seed Oil, Butyrospermum Parkii (Shea Butter), Niacinamide, Glycerin, Cyclopentasiloxane, Saccharide Isomerate, Potassium Cetyl Phosphate, Carbomer, PEG8, Carrageenan, Aleurites Moluccana Seed Oil, Sclerocarya Birrea Oil, Buteth3, Citrus Aurantium Dulcis (Orange) Fruit Extract, Tocopheryl Acetate, Ascorbic Acid, Solanum Tuberosum (Potato) Extract, Sodium Hydroxide, Disodium Edta, Panthenol, Sodium Hyaluronate, Ascorbyl Tetraisopalmitate, Sodium Benzotriazolyl Butylphenol Sulfonate, Retinyl Palmitate, Ascorbyl Palmitate, Citric Acid, Sodium Citrate, Tocopherol, Rubus Idaeus (Raspberry) Leaf Extract, Tributyl Citrate, Fragrance, Phenoxyethanol, Cetyl Alcohol, CI 19140 (Yellow 5)",5,1728,1.7,0.0,https://www.sephora.com/product/phormula-3-9-repair-cream-P393060?icid2=products%20grid:p393060,1.7,170.58823529411765
Hyaluronic Ampoules,Dr. Barbara Sturm,facial-treatments,145.0,"Water (Aqua), Butylene Glycol, Lactobacillus/Portulaca Oleracea Ferment Extract, Phenoxyethanol, Sodium Hyaluronate, Ethylhexylglycerin, Potassium Sorbate, Leuconostoc/Radish Root Ferment Filtrate.",3,354,0.4375,0.0,https://www.sephora.com/product/dr-barbara-sturm-hyaluronic-ampoules-P448543?icid2=products%20grid:p448543,0.4375,331.42857142857144
Brightening Booster Drops,COVER FX,facial-treatments,45.0,"CocoCaprylate/ Caprate, Octyldodecanol, Caprylic/Capric Triglyceride, Isononyl Isononanoate, Ascorbyl Tetraisopalmitate, Tocopheryl Acetate, Squalane, Bisabolol, Pentaerythrityl TetraDiTButyl Hydroxyhydrocinnamate, Hoya Lacunosa Flower Extract.",7,1579,0.0,0.0,https://www.sephora.com/product/brightening-booster-drops-P442784?icid2=products%20grid:p442784,1.3220803357314155,34.03726595411815
Skin Clear Dietary Supplements,Perricone MD,facial-treatments,95.0,"Vitamin E (As Dalpha Tocopherol Plus Dbeta, Dgamma And Ddelta Tocopherols 200I IU), Gelatin, Glycerin, NonGMO Soybean Oil.",81,3047,0.0,0.0,https://www.sephora.com/product/skin-clear-dietary-supplements-P211621?icid2=products%20grid:p211621,1.3220803357314155,71.85645034758276
Gentle Comfort Concentrate for Sensitive Skin,Primera,facial-treatments,35.0,"Propanediol, Glycerin,1,2Hexanediol, Xanthan Gum, Ammonium Acryloyldimethyltaurate/Vp Copolymer, Glyceryl Caprylate, Prunus Mumefruit Extract, Butylene Glycol, Glycoproteins.",1,411,0.33,0.0,https://www.sephora.com/product/primera-gentle-comfort-concentrate-for-sensitive-skin-P447193?icid2=products%20grid:p447193,0.33,106.06060606060606
Pure Shots Light Up Brightening Serum,Yves Saint Laurent,facial-treatments,88.0,"Aqua / Caprylic/Capric Triglyceride, Limnanthes Alba Seed Oil / Meadowfoam Seed Oil, Isononyl Isononanoate, Glycolic Acid, Propylene Glycol, Alcohol Denat., GlycerinSodium Hydroxide, Hydroxyethylpiperazine Ethane Sulfonic Acid, Argania Spinosa Kernel Oil, Glucose, Calendula Officinalis Flower Extract, Cereus Grandiflorus Flower Extract / Cactus Flower Extract, Haematococcus Pluvialis Extract, Adenosine, Ascorbyl Glucoside, Hydrolyzed, Linseed Extract, Citric Acid, Lactic Acid, Xanthan Gum, Panthenol, Tocopherol, Potassium Sorbate, Sodium Benzoate, Salicylic Acid, Caramel, Limonene, Parfum / Fragrance.",100,228,1.0,0.0,https://www.sephora.com/product/yves-saint-laurent-pure-shots-light-up-brightening-serum-P454072?icid2=products%20grid:p454072,1.0,88.0
The Daily Vitamin C Day Serum with Antioxidant Complex,BeautyBio,facial-treatments,75.0,"Magnesium Ascorbyl Phosphate, Glycerin, Hydroxyethylcellulose, Urea, Arctostaphylos UvaUrsi Leaf Extract, Achillea Millefolium Extract, Alchemilla Vulgaris Extract, Alcohol, Malva Sylvestris (Mallow) Extract, Melissa Officinalis Leaf Extract, Mentha Piperita (Peppermint) Leaf Extract, Primula Veris Extract, Sodium Hydroxide, Veronica Officinalis Extract, Caprylyl Glycol, Phenoxyethanol, Chlorphenesin.",1,509,1.0,0.0,https://www.sephora.com/product/the-daily-vitamin-c-day-serum-with-antioxidant-complex-P443810?icid2=products%20grid:p443810,1.0,75.0
Cellufirm Drops,Mario Badescu,facial-treatments,25.0,"Zea Mays (Corn) Oil, Glycerin, Sclerotium Gum, Stearic Acid, Triethanolamine, Propylene Glycol, Tocopheryl Acetate, Urea, Hydrolyzed Elastin, RNA, Oligopeptide5, Retinyl Palmitate, Hydrolyzed Glycosaminoglycans, Collagen, Pollen Extract, Glycine Soja (Soybean) Seed Extract, Olea Europaea (Olive) Fruit Extract, Fucus Vesiculosus Extract, Sodium Hyaluronate, Triticum Vulgare (Wheat) Germ Extract, Carrageenan, Carbomer, Glyceryl Acrylate/Acrylic Acid Copolymer, Parfum (Fragrance), Sodium Chloride, Diazolidinyl Urea, Methylparaben, Propylparaben, Phenoxyethanol, Limonene, Linalool, CI 19140 (Yellow 5), CI 42090 (Blue 1).",4,1091,1.0,0.0,https://www.sephora.com/product/mario-badescu-cellufirm-drops-P440495?icid2=products%20grid:p440495,1.0,25.0
Bio-Performance Glow Revival Serum,Shiseido,facial-treatments,95.0,"Dipropylene Glycol, Glycerin, Dimethicone, Diphenylsiloxy Phenyl Trimethicone, Sd Alcohol 40B (Alcohol Denat.), Peg20, Trehalose, Pentaerythrityl Tetraethylhexanoate, Behenyl Alcohol, Silica, Isostearic Acid, Mica, Phytosteryl Macadamiate, Titanium Dioxide (Ci 77891), Stearyl Alcohol, Phenoxyethanol, Sodium Methyl Stearoyl Taurate, Lauryl Betaine, Methylparaben, Carbomer, Xylitol, Tocopheryl Acetate, Sodium Hyaluronate, Potassium Hydroxidw, Disodium Edta, Fragrance, Glycyl Glycine, 2OEthyl Ascorbic Acid, Sodium Metaphosphate, Butylene Glycol, Limonene, Sodium Metabisulfite, Dipotassium Glycyrrhizate, Oryzanol, Magnesium Ascorbyl Phosphate, Saccharomyces Ferment Lysate Filtrate, Alcohol, Hexyl Cinnamal, Benzyl Benzoate, Butylphenyl Methylpropional, Linalool, Sodium Acetylated Hyaluronate, Iron Oxides (Ci 77491), AlphaIsomethyl Ionone, Crataegus Monogyna Flower Extract, Citronellol, Geraniol, Sodium Benzoate, Tocopherol, Camellia Sinensis Leaf Extract, Cinnamomum Cassia Bark Extract.",37,3583,0.0,1.0,https://www.sephora.com/product/bio-performance-glow-revival-serum-P393014?icid2=products%20grid:p393014,1.0,95.0
No:Rinse Exfoliating Peel,Perricone MD,facial-treatments,45.0,"Carnitine, Urea, Maltodextrin, Phosphatidylcholine, Dimethyl MEA, Gluconolactone, Sodium Carboxymethyl BetaGlucan, Xanthan Gum, Hyaluronic Acid, Magnolia Officinalis Bark Extract, Pterocarpus Marsupium Bark Extract, Aloe Barbadensis Leaf Extract, Zinc Gluconate, Magnesium Aspartate, Subtilisin, Copper Gluconate, Disodium EDTA, Carrageenan/Chondrus Crispus, Citric Acid, Caprylyl Glycol, PEG7 Glyceryl Cocoate, Phenoxyethanol, Sorbic Acid, Menthyl Lactate, Blue 1 (CI 42090).",186,3221,2.0,0.0,https://www.sephora.com/product/blue-plasma-gentle-daily-peel-P412392?icid2=products%20grid:p412392,2.0,22.5
SPF 30 Booster Drops Broad Spectrum Sunscreen,COVER FX,facial-treatments,45.0,"Neopentyl Glycol Diheptanoate, Caprylic/Capric Triglyceride, Dimethicone, Butyloctyl Salicylate, Acrylates/Polytrimethylsiloxymethacrylate Copolymer, Acrylates/Dimethicone Copolymer, Cocos Nucifera (Coconut) Fruit Extract, Tocopheryl Acetate, Argania Spinosa Kernel Oil, Bisabolol, Salicornia Herbacea Extract.",6,1494,0.0,0.0,https://www.sephora.com/product/spf-30-booster-drops-broad-spectrum-suncreen-P442809?icid2=products%20grid:p442809,1.3220803357314155,34.03726595411815
Dynaspot,Eve Lom,facial-treatments,34.0,"Alcohol Denat., Cetearyl Alcohol, Magnesium Aluminum Silicate, Zinc Carbonate Hydroxide, C1215 Alkyl Benzoate, 4Terpineol, Hydrogenated Polydecene, Cetearyl Glucoside, Phenoxyethanol, Fragrance, Glycerin, Salicylic Acid, Ethylhexylglycerin, Chamomilla Recutita (Matricaria) Flower Extract, Achillea Millefolium (Yarrow) Extract, Foeniculum Vulgare (Fennel) Seed Extract, Talc, Ci 77947 (Zinc Oxide), Ci 77491 (Iron Oxides).",12,2209,0.3,0.0,https://www.sephora.com/product/dynaspot-P381439?icid2=products%20grid:p381439,0.3,113.33333333333334
Radiance Resurfacing Foam,Dr. Brandt Skincare,facial-treatments,72.0,"Hydrogenated Polyisobutene, Methyl Nonafluorobutyl Ether, Methyl Nonfluoroisobutyl Ether, Glycerin, Caprylic/Capric Triglyceride, Methylpropanediol, Butylene Glycol Dicaprylate/Dicaprate, 1,2Hexanediol, Saccharomyces Ferment Filtrate, Saccharide Isomarate, Glyceryl Stearate, Peg100 Stearate, Cetearyl Alcohol, Stearic Acid, Betaine, Hydroxyacetophenone, Butylene Glycol, Dipropylne Glycol, Sodium Stearoyl Glutamate, Maltodextrin, Saccharide Hydrolyase, Sodium Polyacrylate, Carbomer, Ethylhexyl Stearate, Tromethamine, Sodium Palmitoyl Proline, Algae Extract, Eclipta Prostrata Leaf Extract, Ammonium Acryloyldimethyltaurate/Vp Copolymer, C1214 Pareth12, Nymphaea Alba Flower Extract, Disodium Edta, Glyceryl Acrylate/Acrylic Acid Copolymer, Lavendula Augustifolia (Lavender) Oil, Vaccinium Myrtillus Fruit/Leaf Extract, Fructooligosaccharides, Trideceth6, Saccharum Officianrum (Sugarcane) Extract, Amaranthus Caudatus Seed Extract, BetaGlucan, Lecithin, Sodium Hyaluronate, Ulmus Davidiana Root Extract, Dimethicone, Squalane, Alcohol Denat., Citrus Aurantium Dulcis (Orange) Fruit Extract, Citrus Limon (Lemon) Fruit Extract, Polysorbate 20, Argania Spinosa Kernel Oil, Hydrogenated Lecithin, Isononyl Isononanoate, Polyglyceryl10 Stearate, Hydrolyzed Hyaluronic Acid, Acer Saccharum (Sugar Maple) Extract, Anemarrhena Asphodeloides Root Extract, Butyrospermum Parkii (Shea) Butter, Polyglyceryl2 Dipolyhydroxystearate, Anthemis Nobilis Flower Oil, Inulin Lauryl Carbamate, Palmitoyl Pentapeptide4, Disodium Stearoyl Glutamate.",296,1260,1.7,0.0,https://www.sephora.com/product/radiance-resurfacing-foam-P435209?icid2=products%20grid:p435209,1.7,42.35294117647059
Pure Shots Lines Away Anti-Aging Serum Refill,Yves Saint Laurent,facial-treatments,70.0,"Aqua / Butylene Glycol Glycerin, Rhamnose, Alcohol Denat., Hydroxypropyl Tetrahydropyrantriol, Propylene Glycol, Peg/Ppg/Polybutylene Glycol8/5/3 Glycerin, Dimethicone, Hydroxyethylpiperazine Ethane Sulfonic Acid, CocoGlucoside, Lactic Acid, Sodium Hydroxide, Sodium Lactate, Sodium Hyaluronate, Sodium Benzoate, Sodium Chloride, Phenoxyethanol, Adenosine, Acetyl Tetrapeptide9, Iris Florentina Root Extract, Chlorphenesin, Cellulose Acetate Butyrate, Polyphosphorylcholine Glycol Acrylate, Polyvinyl Alcohol, Ammonium Polyacryloyldimethyl Taurate, Dimethiconol, Benzyl Salicylate, Benzoic Acid, Linalool, Benzyl Alcohol, Caprylyl Glycol, Carbomer, Cereus Grandiflorus Flower Extract / Cactus Flower Extract, Carrageenan, Citric Acid, Potassium Sorbate, Glucose, Glycol Distearate, Glyceryl Oleate, Glyceryl, Stearate, Parfum / Fragrance.",1,61,1.0,0.0,https://www.sephora.com/product/yves-saint-laurent-pure-shots-lines-away-anti-aging-serum-refill-P454071?icid2=products%20grid:p454071,1.0,70.0
Bio-Performance LiftDynamic Serum,Shiseido,facial-treatments,100.0,"Dimethicone, Butylene Glycol, Glycerin, Dimethicone Crosspolymer, Dipropylene Glycol, Xylitol, Polysorbate 20, Ammonium Acryloyldimethyltaurate/Vp Copolymer, Peg10 Dimethicone, Talc, Phenoxyethanol, Peg150, Polyvinyl Alcohol, Silica, Alumina, Titanium Dioxide (CI 77891), Mica, Trisodium Edta, Tocopheryl Acetate, Sodium Citrate, Fragrance, Sodium Metaphosphate, Potassium Hydroxide, Citric Acid, Sodium Metabisulfite, Limonene, Inositol, Hexyl Cinnamal, Iron Oxides (CI 77492), Benzyl Benzoate, Butylphenyl Methylpropional, Linalool, Saccharomyces Ferment Lysate Filtrate, Sodium Acetylated Hyaluronate, AlphaIsomethyl Ionone, Thymus Serpillum Extract, Iron Oxides (Ci 77491), Citronellol, Geraniol, Carthamus Tinctorius (Safflower) Flower Extract, Rosmarinus Officinalis (Rosemary) Leaf Extract (Rosmarinus Officinalis Leaf Extract), Tocopherol",8,1830,0.0,1.0,https://www.sephora.com/product/bio-performance-liftdynamic-serum-P405945?icid2=products%20grid:p405945,1.0,100.0
Super Power Antioxidant Booster Drops,COVER FX,facial-treatments,45.0,"Vitis Vinifera (Grape) Seed Oil, Camellia Oleifera Seed Oil, Simmondsia Chinensis (Jojoba) Seed Oil, Sclerocarya Birrea Seed Oil, Rosa Canina Fruit Oil, Oenothera Biennis (Evening Primrose) Oil, Vaccinium Macrocarpon (Cranberry) Seed Oil, Citrus Reticulata (Tangerine) Peel Oil, Eucalyptus Globulus Leaf Oil, Citrus Limon (Lemon) Peel Oil, Aniba Rosodora (Rosewood) Wood Oil, Cananga Odorata (Ylang Ylang) Flower Oil, Citrus Aurantium Dulcis (Orange) Peel Oil, Lavandula Angustifolia (Lavender) Oil, Helianthus Annuus (Sunflower) Seed Oil, Camellia Japonica Seed Oil, Hippophae Rhamnoides (Seabuckthorn) Fruit Oil, Persea Gratissima (Avocado) Oil, Punica Granatum Seed Oil, Rubus Idaeus (Raspberry) Seed Oil, Euterpe Oleracea (Açaí) Fruit Oil, Rosmarinus Officinalis (Rosemary) Leaf Extract, Lycium Barbarum (Goji) Fruit Extract, Astaxanthin, Tocopherol, Benzyl Alcohol, Citral, Benzyl Salicylate, Geraniol, Farnesol, Linalool, Benzyl Benzoate, Limonene.",7,1285,0.0,0.0,https://www.sephora.com/product/super-power-anitoxidant-booster-drops-P442783?icid2=products%20grid:p442783,1.3220803357314155,34.03726595411815
Tassie Anti-Pollution Serum,Dr Roebuck's,facial-treatments,60.0,"Propanediol, Niacinamide, Aloe Barbadensis Leaf Juice, CocoCaprylate, Ascorbyl Glucoside, Benzyl Alcohol, Myrothamnus Flabellifolia Leaf/Stem Extract, Retinol, Hyaluronic Acid, Santalum Spicatum (Sandalwood), Carnosine, Vaccinium Angustifolium (Blueberry) Fruit Extract, Rosa Canina Fruit Extract, Panax Ginseng Root Extract, Plukenetia Volubilis Seed Oil, Borago Officinalis Seed Oil, Helianthus Annuus (Sunflower) Seed Oil, Squalane,Creatine, Lecithin, Tocopheryl Acetate, Ascorbic Acid, Potassium Phosphate, Hydroxyethyl Acrylate/Sodium Acryloyldimethyl Taurate Copolymer, Sodium Polyacrylate, Pentylene Glycol, Polysorbate 60, Sorbitan.",4,1075,1.0,0.0,https://www.sephora.com/product/tassie-anti-pollution-serum-P430838?icid2=products%20grid:p430838,1.0,60.0
Mini Pore Blur Perfector,LANEIGE,facial-treatments,32.0,"Cyclopentasiloxane, Dimethicone, Butylene Glycol, Cyclohexasiloxane, Glycerin, Polysilicone11, PEG10 Dimethicone, Silica, Vinyl Dimethicone / Methicone Silsesquioxane Crosspolymer, Sodium Chloride, Boron Nitride, Pinus Sylvestris Bud Extract, Mentha Piperita (Peppermint) Extract, Phytosphingosine, Polymethylsilsesquioxane, Trimethylsiloxysilicate, Dimethicone / PEG10 / 15 Crosspolymer, Alcohol, Ethylhexylglycerin, Adenosine, Lecithin, Hydrogenated Polydecene, Pentylene Glycol, Stearyl Alcohol, Ceteareth20, Cetyl Alcohol, Disodium EDTA, Phenoxyethanol, Fragrance.",47,5073,1.3,0.0,https://www.sephora.com/product/mini-pore-blur-perfector-P420659?icid2=products%20grid:p420659,1.3,24.615384615384613
The Microdelivery Dream Peel 6% AHA/BHA Refining Gel,philosophy,facial-treatments,60.0,"Glycerin, Glycolic Acid, Sodium Hydroxide, Lactic Acid, Pentylene Glycol, Tocopheryl Acetate, Xanthan Gum, Chondrus Crispus (Carrageenan) Extract, AlphaGlucan Oligosaccharide, Cetyl Ethylhexanoate, Maltodextrin, Niacinamide, Hibiscus Sabdariffa Flower Extract, 1,2Hexanediol, Caprylyl Glycol, Hamamelis Virginiana (Witch Hazel) Cetearyl Olivate, Panthenol, Salicylic Acid, Sorbitan Olivate, Polysorbate 20, Polymnia Sonchifolia Root Juice, Sodium Magnesium Silicate, Citric Acid, Punica Granatum Seed Oil, Disodium Edta, Salvia Hispanica Seed Oil, Alcohol, Aloe Barbadensis Leaf Juice, Glucose, Butylene Glycol, Sodium Hyaluronate, Centella Asiatica Leaf Extract, Citrus Aurantium Dulcis (Orange) Peel Extract, Limonene, Chamomilla Recutita (Matricaria) Flower Extract, Magnesium Hydroxide, Vanillyl Butyl Ether, Phenoxyethanol, Lactobacillus, Lactococcus Ferment Extract, Pantolactone, Hyaluronic Acid, Silanetriol, Sodium Benzoate, Sorbic Acid, Potassium Sorbate, Polyglyceryl3 Diisostearate, Ascorbic Acid, D&amp;C Red No. 33 (Ci 17200), Fd&amp;C Red No. 4 (Ci 14700).",116,224,1.7,0.0,https://www.sephora.com/product/philosophy-the-microdelivery-dream-peel-6-aha-bha-refining-gel-P452701?icid2=products%20grid:p452701,1.7,35.294117647058826
Capture Youth Age-Delay Progressive Peeling Crème,Dior,facial-treatments,95.0,"Glycerin, Glycolic Acid, Sodium Hydroxide, Lactic Acid, Pentylene Glycol, Tocopheryl Acetate, Xanthan Gum, Chondrus Crispus (Carrageenan) Extract, AlphaGlucan Oligosaccharide, Cetyl Ethylhexanoate, Maltodextrin, Niacinamide, Hibiscus Sabdariffa Flower Extract, 1,2Hexanediol, Caprylyl Glycol, Hamamelis Virginiana (Witch Hazel) Cetearyl Olivate, Panthenol, Salicylic Acid, Sorbitan Olivate, Polysorbate 20, Polymnia Sonchifolia Root Juice, Sodium Magnesium Silicate, Citric Acid, Punica Granatum Seed Oil, Disodium Edta, Salvia Hispanica Seed Oil, Alcohol, Aloe Barbadensis Leaf Juice, Glucose, Butylene Glycol, Sodium Hyaluronate, Centella Asiatica Leaf Extract, Citrus Aurantium Dulcis (Orange) Peel Extract, Limonene, Chamomilla Recutita (Matricaria) Flower Extract, Magnesium Hydroxide, Vanillyl Butyl Ether, Phenoxyethanol, Lactobacillus, Lactococcus Ferment Extract, Pantolactone, Hyaluronic Acid, Silanetriol, Sodium Benzoate, Sorbic Acid, Potassium Sorbate, Polyglyceryl3 Diisostearate, Ascorbic Acid, D&amp;C Red No. 33 (Ci 17200), Fd&amp;C Red No. 4 (Ci 14700).",5,479,0.0,0.0,https://www.sephora.com/product/capture-youth-age-delay-progressive-peeling-creme-P444987?icid2=products%20grid:p444987,1.3220803357314155,71.85645034758276
Maskimizer™ Skin-Optimizing Mask Primer,Origins,facial-treatments,24.0,"Butylene Glycol, Glycerin, Ectoin, Gellidiela Acerosa (Algae) Extract, Camellia Sinensis (Green Tea) Leaf Extract, Chamomilla Recutita (Matricaria) Extract, Hypnea Musciformis (Algae) Extract, Chamomilla Recutita (Matricaria) Flower Oil*, Cucumis Sativus (Cucumber) Fruit Extract, Caffeine, Trehalose, Sodium Pca, Urea, Tocopheryl Acetate, Panthenol, Sodium Hyaluronate, Peg40 Hydrogenated Castor Oil, Ppg26Buteth26, Caprylyl Glycol, Polyquaternium51, Hexylene Glycol, Disodium Edta, Phenoxyethanol. *Essential Oil",136,7016,3.2,0.0,https://www.sephora.com/product/maskimizer-tm-skin-optimizing-mask-primer-P405016?icid2=products%20grid:p405016,3.2,7.5
Probiotic Radiance Tonic  Serum Calm and Restore,Edible Beauty,facial-treatments,39.0,"Organic Aloe Barbadensis Leaf, Glycerin, Acacia Senegal, Xanthan, Simmondsia Chinensis (Jojoba) Milk, Lactobacillus Bulgaricus Ferment Filtrate, Organic Betula Alba (Birch Leaf), Organic Eremophila Longifolia (Emu Bush), Organic Achillea Millefolium (Yarrow), pAnisic acid, Glyceryl Caprylate.",23,2335,1.0,0.0,https://www.sephora.com/product/probiotic-radiance-tonic-serum-calm-restore-P443541?icid2=products%20grid:p443541,1.0,39.0
Mega-C™ Dual Radiance Serum,Kate Somerville,facial-treatments,90.0,"Isododecane, Ascorbic Acid, Ethylhexyl Hydroxystearate, Polysilicone11",32,1985,1.0,0.0,https://www.sephora.com/product/mega-c-dual-radiance-serum-P387137?icid2=products%20grid:p387137,1.0,90.0
Perfectionist Pro Rapid Renewal Retinol Treatment,Estée Lauder,facial-treatments,85.0,"Isododecane, Ascorbic Acid, Ethylhexyl Hydroxystearate, Polysilicone11",1,366,1.0,0.0,https://www.sephora.com/product/perfectionist-pro-rapid-renewal-retinol-treatment-P440648?icid2=products%20grid:p440648,1.0,85.0
Acne-Clear Invisible Dots,Peter Thomas Roth,facial-treatments,32.0,"Acrylates Copolymer, Alcohol Denat., Butylene Glycol, Epilobium Angustifolium Flower/Leaf/Stem Extract, Melaleuca Alternifolia (Tea Tree) Leaf Oil, Phenoxyethanol, Phytosphingosine, Polysorbate 80, Pvp, Sodium Hyaluronate, Sodium Metabisulfite, Vinyl Caprolactam/Vp/Dimethylaminoethyl Methacrylate Copolymer, Vitis Vinifera (Grape) Seed Extract, Volcanic Ash, Water.",481,20977,0.0,0.0,https://www.sephora.com/product/acne-clear-invisible-dots-P399932?icid2=products%20grid:p399932,1.3220803357314155,24.20427801181735
Pure Shots Y Shape Firming Serum Refill,Yves Saint Laurent,facial-treatments,70.0,"Aqua / Butylene Glycol, Glycerin, BisPeg18 Methyl Ether Dimethyl Silane, Methyl Gluceth10, Polyglyceryl5 Laurate, Ppg6Decyltetradeceth30, Isopropyl Lauroyl, Sarcosinate, Ethylhexyl Palmitate, Chlorphenesin, Phenoxyethanol, Sodium Methyl Stearoyl, Taurate, Salicylic Acid, Xanthan Gum, Acetyl Trifluoromethylphenyl Valylglycine, Pentylene, Glycol, Sodium Hyaluronate, Tetrasodium Glutamate Diacetate, Faex Extract / Yeast Extract, Adenosine, Hydrolyzed Opuntia FicusIndica Flower Extract, Sodium Hydroxide, Benzyl, Salicylate, Benzyl Alcohol, Tocopherol, Ethylhexylglycerin, Sodium Chloride, Hydrolyzed, Rhodophyceae Extract, Acetyl Tetrapeptide9, Parfum / Fragrance.",0,24,1.0,0.0,https://www.sephora.com/product/yves-saint-laurent-pure-shots-y-shape-firming-serum-refill-P454075?icid2=products%20grid:p454075,1.0,70.0
Granactive Retinoid* 2% Emulsion,The Ordinary,facial-treatments,9.8,"Glycerin, Ethyl Linoleate, Propanediol, Caprylic/Capric Triglyceride, Dimethyl Isosorbide, Cetearyl Isononanoate, Bisabolol, Hydroxypinacolone Retinoate, Retinol, Tasmannia Lanceolata Fruit/Leaf Extract, Inulin Lauryl Carbamate, Glyceryl Stearate, Ceteareth12, Ceteareth20, Cetearyl Alcohol, Carrageenan, Xanthan gum, Acacia Senegal Gum, Cetyl Palmitate, Sucrose Laurate, Polysorbate 20, Isoceteth20, Behentrimonium Chloride, Trisodium Ethylenediamine Disuccinate, Disodium EDTA, Dehydroacetic Acid, Benzoic Acid, Ethylhexylglycerin, Phenoxyethanol, Chlorphenesin.",496,100997,1.0,0.0,https://www.sephora.com/product/the-ordinary-deciem-granactive-retinoid-2-emulsion-P427418?icid2=products%20grid:p427418,1.0,9.8
Eucalyptus Stretch Mark Minimizer,Volition Beauty,facial-treatments,48.0,"Dimethicone, Dimethicone/Vinyl Dimethicone Crosspolymer, Polysilicone11,Caprylic/Capric Triglyceride, Lauryl PEG10 Tris(Trimethylsiloxy)silylethyl Dimethicone, Menthol, Silica, Isohexadecane, Eucalyptus Globulus Leaf Oil, Citrus Nobilis (Mandarin Orange) Oil, TocopherylAcetate, Butylene Glycol, Cedrus Atlantica Bark Oil, Glycine Soja (Soybean) Oil, Helianthus Annuus (Sunflower) Seed Oil, Myristica Fragrans (Nutmeg) Kernel Oil, Prunus Amygdalus Dulcis (Sweet Almond) Oil, Rosa Canina Fruit Oil, Simmondsia Chinensis (Jojoba) Seed Oil, Ammonium Polyacryloyldimethyl Taurate, Caprylyl Glycol, Phenoxyethanol, Polysorbate 80, Hexylene Glycol, Silica Dimethyl Silylate, Polysorbate 20, Thymol.",9,3100,3.6,0.0,https://www.sephora.com/product/eucalyptus-stretch-mark-minimizer-P430333?icid2=products%20grid:p430333,3.6,13.333333333333332
Vitamin B3+ Niacinamide Serum RESCUE TROUBLED SKIN,Skin Inc Supplement Bar,facial-treatments,35.0,"Butylene Glycol, Glycerin, Niacinamide, Pentylene Glycol, Panthenol, Carbomer, Alcaligenes Polysaccharides, Polysorbate 80, Algin, Phenoxyethanol, Potassium Hydroxide, Glucosyl Hesperidin, Sodium Hyaluronate, Titanium Dioxide, Sodium Acetylated Hyaluronate, Hydrolyzed Hyaluronic Acid, Caramel.",22,7174,0.34,0.0,https://www.sephora.com/product/vitamin-b3-niacinamide-serum-rescue-troubled-skin-P411358?icid2=products%20grid:p411358,0.34,102.94117647058823
Turmeric Beauty Latte Serum Clear and Brighten,Edible Beauty,facial-treatments,39.0,"Organic Glycerin, Acacia Senegal, Curcuma Longa (Turmeric) Root Extract, Organic Calitris Glaucophylla (White Cypress) Leaf, Organic Tremella Fuciformis, (Snow Mushroom), Rumex Occidentalis Extract, Organic Glycyrrhiza Glabra (Licorice) Root, Ascorbic Acid (Vitamin C), Acacia Senegal, pAnisic acid, Curcuma Longa (Turmeric) Root Oil, Glyceryl Caprylate.",17,4269,1.0,0.0,https://www.sephora.com/product/turmeric-beauty-latte-serum-clear-brighten-P443542?icid2=products%20grid:p443542,1.0,39.0
EGF Activating Serum,StackedSkincare,facial-treatments,150.0,"Aqua, Aloe Barbadensis Leaf Extract, Glycerin, Yeast Extract, Saccharomyces Lysate Extract, Sodium Chondroitin Sulfate, Sorbitol, Camellia Sinensis Leaf Extract, ChlorophyllinCopper Complex, Glucuronic Acid, Squalane, Xanthan Gum, Caprylhydroxamic Acid, Glyceryl Caprylate, Tocopheryl Acetate, Melissa Officinalis Leaf Extract, Santalum Album (Sandalwood) Extract, and shOligopeptide 1.",37,878,1.0,0.0,https://www.sephora.com/product/egf-activating-serum-P441051?icid2=products%20grid:p441051,1.0,150.0
Soothe & Hydrate Serum with Hyaluronic Acid,LANCER Skincare,facial-treatments,75.0,"Propanediol, Butylene Glycol, Sodium Acrylates Copolymer, Glycerin, Aloe Barbadensis Leaf Juice, Glycine Soja (Soybean) Extract, Chondrus Crispus Extract, Boswellia Serrata Extract, Honey Extract / Mel Extract / Extrait de Miel, Sea Whip Extract, Camellia Sinensis Leaf Extract, Aspalathus Linearis Extract, Sodium Hyaluronate, Tetrapeptide14, Hyaluronic Acid, Lecithin, Dextran, Palmitoyl Tripeptide8, Rosmarinyl Glucoside, Caffeyl Glucoside, Gallyl Glucoside, Gluconolactone, Caprylic/Capric Triglyceride, Caprylhydroxamic Acid, Disodium EDTA, 1,2Hexanediol, Mica, Tin Oxide, Sodium Benzoate, Phenoxyethanol, Blue 1 (CI 42090), Titanium Dioxide (CI 77891).",218,433,0.5,0.0,https://www.sephora.com/product/soothe-hydrate-serum-with-hyaluronic-acid-P449179?icid2=products%20grid:p449179,0.5,150.0
GENIUS Ultimate Anti-Aging Bi-Phase Peel,Algenist,facial-treatments,85.0,"Isohexadecane, Glycolic Acid, Chlorella Protothecoides Oil, Olea Europaea (Olive) Fruit Oil, Sodium Hydroxide, Butylene Glycol, Glycerin, Algae Exopolysaccharides, Shikimic Acid, Menthyl Ethylamido Oxalate, Salicylic Acid, Plukenetia Volubilis Seed Oil, Niacinamide, Pentylene Glycol, Dextrin, Polydextrose, Algae Extract, Sorbitol, Oleyl Alcohol, Propanediol, Crithmum Maritimum Extract, Amylopectin, Phenoxyethanol, Benzyl Alcohol, Disodium EDTACopper, Haematococcus Pluvialis Extract, Potassium Sorbate, Zanthoxylum Bungeanum Fruit Extract, Disodium EDTA, Caprylic/Capric Triglyceride, Hydrogenated Vegetable Oil, Passiflora Incarnata Flower Extract, Oenothera Rosea Extract, Sea Water Extract, Tocopherol, Sodium Benzoate, Fragrance",97,9133,1.69,0.0,https://www.sephora.com/product/genius-ultimate-anti-aging-bi-phase-peel-P395113?icid2=products%20grid:p395113,1.69,50.29585798816568
Granactive Retinoid 2% in Squalane,The Ordinary,facial-treatments,9.6,"Squalane, C1215 Alkyl Benzoate, Bisabolol, Dimethyl Isosorbide, Hydroxypinacolone Retinoate, Solanum Lycopersicum (Tomato) Fruit Extract, Simmondsia Chinensis (Jojoba) Seed Oil.",64,23094,1.0,0.0,https://www.sephora.com/product/granactive-retinoid-2-in-squalane-P442832?icid2=products%20grid:p442832,1.0,9.6
Alpha Lipoic Acid 5%,The Ordinary,facial-treatments,6.8,"Propanediol, Thioctic Acid.",87,19474,1.0,0.0,https://www.sephora.com/product/alpha-lipoic-acid-5-P442834?icid2=products%20grid:p442834,1.0,6.8
Pure Shots Y Shape Firming Serum,Yves Saint Laurent,facial-treatments,88.0,"Aqua / Butylene Glycol, Glycerin, BisPeg18 Methyl Ether Dimethyl Silane, Methyl Gluceth10, Polyglyceryl5 Laurate, Ppg6Decyltetradeceth30, Isopropyl Lauroyl, Sarcosinate, Ethylhexyl Palmitate, Chlorphenesin, Phenoxyethanol, Sodium Methyl Stearoyl, Taurate, Salicylic Acid, Xanthan Gum, Acetyl Trifluoromethylphenyl Valylglycine, Pentylene, Glycol, Sodium Hyaluronate, Tetrasodium Glutamate Diacetate, Faex Extract / Yeast Extract, Adenosine, Hydrolyzed Opuntia FicusIndica Flower Extract, Sodium Hydroxide, Benzyl, Salicylate, Benzyl Alcohol, Tocopherol, Ethylhexylglycerin, Sodium Chloride, Hydrolyzed, Rhodophyceae Extract, Acetyl Tetrapeptide9, Parfum / Fragrance.",83,207,1.0,0.0,https://www.sephora.com/product/yves-saint-laurent-pure-shots-y-shape-firming-serum-P454074?icid2=products%20grid:p454074,1.0,88.0
PSC Peptide Serum,StackedSkincare,facial-treatments,150.0,"Aqua, Aloe Barbadensis Juice, Hamaaellis Virginia (Witch Hazel) Extract, Glycerin, Niacinimide, Pryus Malus (apple) Fruit Extract, Hyaluronic Acid, Sodium PCA, Tocopherol Acetate, Methlycellulose, Fructose, Glycosaminoglycans, Squalene, Allantoin, Capryylhydroxamic Acid, Glyceryl Caprylate, Ascorbic Acid.",3,644,1.0,0.0,https://www.sephora.com/product/psc-peptide-serum-P441052?icid2=products%20grid:p441052,1.0,150.0
My Daily Dose Custom-Blended Serum Set,Skin Inc Supplement Bar,facial-treatments,84.0,"Butylene Glycol, Glycerin, Pentylene Glycol, Potassium Hydroxide, Polysorbate 80, Carbomer, Phenoxyethanol, Ceramide EOP, Ceramide NG, Ceramide NP, Ceramide AP, Alcaligenes Polysaccharides, Xanthan Gum, Algin, Titanium Dioxide, Phytosphingosine, Cholesterol, Ethylhexylglycerin, Sodium Lauroyl Lactylate, Iron Oxides, Chromium Hydroxide Green.",123,6495,0.0,0.0,https://www.sephora.com/product/my-daily-dose-custom-blended-serum-set-P394357?icid2=products%20grid:p394357,1.3220803357314155,63.536229781020545
Intensive Skin Supplement Serum,Bobbi Brown,facial-treatments,77.0,"Butylene Glycol, Peg8 Dimethicone, Methyl Gluceth20, Glycerin, Polymethylsilsesquioxane, Sucrose, Peg60 Hydrogenated Castor Oil, Tocopheryl Acetate, Vitis Vinifera (Grape) Fruit Extract, Acetyl Glucosamine, Scutellaria Baicalensis Root Extract, Magnesium Ascorbyl Phosphate, Morus Bombycis (Mulberry) Root Extract, Camellia Sinensis (Green Tea) Leaf Extract, Caffeine, Sodium Hyaluronate, Acetyl Hexapeptide8, Ceramide 2, Linoleic Acid, Betula Alba (Birch) Extract, Cholesterol, Isopentyldiol, Caprylyl Glycol, Xanthan Gum, Oryzanol, 1,2Hexanediol, Sodium Sulfite, Sodium Metabisulfite, Edta, Disodium Edta, Sodium Dehydroacetate, Phenoxyethanol <iln38012></iln38012>",52,3608,1.0,0.0,https://www.sephora.com/product/intensive-skin-supplement-P270591?icid2=products%20grid:p270591,1.0,77.0
EradiKate™ Mask Foam-Activated Acne Treatment,Kate Somerville,facial-treatments,54.0,"Sodium C1416 Olefin Sulfonate, CocoGlucoside, Sodium Cocoamphoacetate, Acrylates Copolymer, Coconut Alcohol, Glycereth18 Ethylhexanoate, Propanediol, Glycereth18, Ethyl Perfluorobutyl Ether, Ethyl Perfluoroisobutyl Ether, Stearyl Alcohol, Titanium Dioxide (CI 77891), Phenoxyethanol, Cocamidopropyl Hydroxysultaine, Behenyl Alcohol, Butylene Glycol, Fragrance, Sodium Chloride, Citric Acid, Glycerin, Sodium Hydroxide, Linalool, Xanthan Gum, Disodium EDTA, Ethylhexylglycerin, Iron Oxides (CI 77491), Sodium Benzoate, Avena Sativa (Oat) Kernel Extract, Boswellia Serrata Extract, Honey Extract, Oryza Sativa (Rice) Bran Extract, Limonene, Disodium Carboxyethyl Siliconate, Potassium Sorbate, Oligopeptide10.",167,12909,2.0,0.0,https://www.sephora.com/product/eradikate-mask-foam-activated-acne-treatment-P393675?icid2=products%20grid:p393675,2.0,27.0
Wrinkle Revenge® Ultimate Hyaluronic Serum,DERMAdoctor,facial-treatments,68.0,"Sodium Hyaluronate Crosspolymer, Glycerin, Aloe Barbadensis Leaf Juice, Butylene Glycol, Methyl Gluceth10, Panthenol, Alcohol, Lecithin, Calcium Ketogluconate, Phenoxyethanol, Polysorbate 20, Sodium Hyaluronate, Acrylates/C1030 Alkyl Acrylate Crosspolymer, Triethanolamine, Caprylyl Glycol, Ethylhexylglycerin, Hexylene Glycol, Potassium Phosphate. Disodium EDTA, Propylene Glycol, Camellia Oleifera Leaf Extract, Camellia Sinensis Leaf Extract, Laminaria Saccharina Extract, Punica Granatum Extract",77,2131,0.0,0.0,https://www.sephora.com/product/wrinkle-revenge-ultimate-hyaluronic-serum-P302932?icid2=products%20grid:p302932,1.3220803357314155,51.43409077511187
Belle de Jour White Lotus Serum,KENZOKI,facial-treatments,105.0,"Sodium Hyaluronate Crosspolymer, Glycerin, Aloe Barbadensis Leaf Juice, Butylene Glycol, Methyl Gluceth10, Panthenol, Alcohol, Lecithin, Calcium Ketogluconate, Phenoxyethanol, Polysorbate 20, Sodium Hyaluronate, Acrylates/C1030 Alkyl Acrylate Crosspolymer, Triethanolamine, Caprylyl Glycol, Ethylhexylglycerin, Hexylene Glycol, Potassium Phosphate. Disodium EDTA, Propylene Glycol, Camellia Oleifera Leaf Extract, Camellia Sinensis Leaf Extract, Laminaria Saccharina Extract, Punica Granatum Extract",2,316,1.0,0.0,https://www.sephora.com/product/belle-de-jour-white-lotus-serum-P399726?icid2=products%20grid:p399726,1.0,105.0
Diorsnow Essence of Light Pure Concentrate of Light Brightening Milk Serum,Dior,facial-treatments,140.0,"Aqua (Water), Glycerin, Dimethicone, Propanediol, Butylene Glycol, Ascorbyl Glucoside, Pentylene Glycol, Polyglyceryl10 Myristate, Polymethylsilsesquioxane, Alcohol, Tromethamine, Phenoxyethanol, Acrylates/C1030 Alkyl Acrylate Crosspolymer, Cellulose, Maltitol, Silica, Sodium Citrate, Dipotassium Glycyrrhizate, Peg7 Glyceryl Cocoate, Ci 77891 (Titanium Dioxide), Parfum (Fragrance), Citrus Unshiu Peel Extract, Ectoin, Sapindus Mukurossi Peel Extract, Citrus Medica Limonum (Lemon) Fruit Extract, Synthetic Fluorphlogopite, Alcaligenes Polysaccharides, Biosaccharide Gum1, Citric Acid, Aluminum Hydroxide, Leontopodium Alpinum Extract, Tremella Fuciformis Polysaccharide, Limonene, Potassium Sorbate, Stearic Acid, AlphaIsomethyl Ionone, Kluyveromyces Extract, Linalool, Citronellol, Poria Cocos Sclerotium Extract, Sodium Benzoate, Sodium Chloride, Bht, Sodium Dna, Disodium Phosphate, Ergothioneine, Potassium Chloride, Potassium Phosphate.",17,3372,1.0,0.0,https://www.sephora.com/product/diorsnow-essence-light-pure-concentrate-light-brightening-milk-serum-P429677?icid2=products%20grid:p429677,1.0,140.0
Younger® Pure Youth Serum with MIMIXYL™,LANCER Skincare,facial-treatments,275.0,"Aloe Barbadensis Leaf Extract, Dimethyl Isosorbide, Glycolic Acid, Glyceryl Stearate, PEG100 Stearate, Neopentyl Glycol Diethylhexanoate, Sodium Hydroxide, Caprylic/Capric Triglyceride, Propanediol, Cetyl Alcohol Polymethylsilsesquioxane, HDI/Trimethylol Hexyllactone Crosspolymer, Hydroxyethylacrylate / Sodium Acryloyldimethyl Taurate Copolymer, Glycerin, Butylene Glycol, Cyclopentasiloxane, Cyclohexasiloxanehydroxyethylacrylate / Sodium Acryloyldimethyl Taurate, Copolymer, Cyclopentasiloxane, Cyclohexasiloxane, Glycolic Acid, Sodium Hydroxide, Hydroxypinacolone Retinoate, Bakuchiol, Tetrahexydecyl Ascorbate, Capryloyl Pentapeptide26, Bidens Pilosa Extract, Saccharomyces Lysate Extract, Methyl Glucoside Phosphate Proline Lysine Copper Complex, Glycine (Soybean) Soja Extract, Tuber Aestivum Extract (White Truffle), Orchis Mascula Extract (Purple Orchid), Sodium Hyaluronate, Alpha Bisabolol, Allantoin, Chondrus Crispus Extract, Elaeis Guineensis (Palm) Oil, Gossypium Herbaceum (Cotton) Seed Oil, Linum Usitatissimum (Linseed) Seed Oil, Dimethicone, Vinyl Dimethicone Crosspolymer, Tocopheryl Acetate, PPG12 SMDI Copolymer, Vitis Vinifera (Grape) Seed Oil, Hydrolyzed Chondrus Crispus Extract, Menthoxypropanediol, Vanillyl Butyl Ether, Magnesium Aluminum Silcate, Sodium Dihydroacetate, Citric Acid, Potassium Sorbate, Xanthan Gum, Disodium EDTA, Ethylhexylglycerin, Phenoxyethanol.",7,1944,1.0,0.0,https://www.sephora.com/product/younger-pure-youth-serum-with-mimixyl-P406610?icid2=products%20grid:p406610,1.0,275.0
Surf Chaser Reverse Aging Serum,Dr Roebuck's,facial-treatments,60.0,"Purified Glycerin, Aloe Barbadenis Leaf Juice, Caprylic/Capric Triglyceride, Biosaccharide gum1, Carnosine, CocoCaprylate, Sodium Hyaluronate, Ascorbyl Tetraisopalmitate, Creatine, Spilanthes Acmella Flower Extract, Niacinamide, Tocopheryl Acetate, Citrus Aurantium (Bergamia) Peel Oil, Borago Officinalis Seed Oil, Caprylyl Glycol, Sodium Stearoyl Glutamate, Sodium Polyacrylate, Xanthan Gum, Dehydroacetic Acid, Benzyl Alcohol, Bakuchiol.",16,762,1.0,0.0,https://www.sephora.com/product/surf-chaser-reverse-aging-serum-P430836?icid2=products%20grid:p430836,1.0,60.0
Future Solution LX Superior Radiance Serum,Shiseido,facial-treatments,225.0,"Alcohol Denat., Glycerin, Butylene Glycol, Dimethicone, BisDiglyceryl Polyacyladipate2, Hydrogenated Polydecene, Peg75, Pentaerythrityl Tetraethylhexanoate, Potassium Methoxysalicylate, Peg6, Phenoxyethanol, Ammonium Acryloyldimethyltaurate/Beheneth25 Methacrylate Crosspolymer, Sodium Hyaluronate, Peg60 Glyceryl Isostearate, Ppg8Ceteth20, 4Isobutylresorcinol, Mica, Sodium Citrate, Succinoglycan, Sodium Metaphosphate, Piperidinepropionic Acid, Tocopheryl Acetate, Fragrance (Parfum), Acrylates/C1030 Alkyl Acrylate Crosspolymer, Titanium Dioxide (Ci 77891), Potassium Hydroxide, Sodium Metabisulfite, Xanthan Gum, Citric Acid, Disodium Edta, 2OEthyl Ascorbic Acid, Alcohol, Linalool, Butylphenyl Methylpropional, Saccharomyces Ferment Lysate Filtrate, Limonene, AlphaIsomethyl Ionone, Citronellol, Geraniol, Benzyl Benzoate, Sodium Acetylated Hyaluronate, Ononis Spinosa Root Extract, Averrhoa Carambola Leaf Extract, Iron Oxides (Ci 77492), Hibiscus Esculentus Fruit Extract, Camellia Sinensis Leaf Extract, Tocopherol, Iron Oxides (Ci 77491), Hydrolyzed Conchiolin Protein",5,927,1.0,0.0,https://www.sephora.com/product/future-solution-lx-superior-radiance-serum-P384790?icid2=products%20grid:p384790,1.0,225.0
Ultimate Miracle Worker Fix Facial Serum Roller,philosophy,facial-treatments,76.0,"Aqua/Dimethicone, BisPeg18 Methyl Ether Dimethyl Silane, Glycerin, Peg8, Propanediol, Pullulan, Butylene Glycol, Phenoxyethanol, Hydroxyethyl Acrylate/Sodium Acryloyldimethyl Taurate Copolymer, Squalane, Glycine Soja (Soybean) Oil, Polysilicone11, Acrylates/C1030 Alkyl Acrylate Crosspolymer, Caprylyl Glycol, 1,2Hexanediol, Leontopodium Alpinum Callus Culture Extract, Disodium Edta, Sodium Hydroxide, Alcohol, Polysorbate 60, Lecithin, Adenosine, Polysorbate 20, Retinol, Parfum/Fragrance, Bht, Laureth3, Cellulose Gum, Chitosan (Derived From Shellfish), Ethylhexylglycerin, Glycolic Acid, Sorbitan Oleate, Kigelia Africana Fruit Extract, Sorbitan Isostearate, Hydrolyzed Soybean Extract, Pisum Sativum (Pea) Extract, Carbomer, Hydroxyethylcellulose, Behentrimonium Chloride, Decyl Glucoside, Acetyl Dipeptide1 Cetyl Ester, Sodium Benzoate, Sodium Citrate, Citric Acid, Potassium Phosphate, Limonene, Xanthan Gum, Hyaluronic Acid, Hexylene Glycol, Isopropyl Alcohol, Potassium Sorbate, Silanetriol, Sorbic Acid, Ascorbyl Palmitate, Bha, Tocopherol, Palmitoyl Tripeptide1, Palmitoyl Tetrapeptide.",221,159,1.0,0.0,https://www.sephora.com/product/ultimate-miracle-worker-fix-facial-serum-roller-P449825?icid2=products%20grid:p449825,1.0,76.0
Licorice Serum CALM IRRITATED SKIN,Skin Inc Supplement Bar,facial-treatments,35.0,"Butylene Glycol, Glycerin, Pentylene Glycol, Potassium Hydroxide, Carbomer, Polysorbate 80, Phenoxyethanol, Dipotassium Glycyrrhizate, Alcaligenes Polysaccharides, Glycyrrhiza Glabra (Licorice) Root Extract, Camellia Sinensis Catechins, Algin, Titanium Dioxide, Iron Oxides, Cobalt Aluminum Oxide.",26,4793,0.34,0.0,https://www.sephora.com/product/licorice-serum-calm-irritated-skin-P391618?icid2=products%20grid:p391618,0.34,102.94117647058823
Concentrated Brightening Serum,Tata Harper,facial-treatments,295.0,**Clinical Grade Essential Oils Blend.,2,306,1.0,0.0,https://www.sephora.com/product/concentrated-brightening-serum-P449407?icid2=products%20grid:p449407,1.0,295.0
Pure Shots Light Up Brightening Serum Refill,Yves Saint Laurent,facial-treatments,70.0,"Aqua / Caprylic/Capric Triglyceride, Limnanthes Alba Seed Oil / Meadowfoam Seed Oil, Isononyl Isononanoate, Glycolic Acid, Propylene Glycol, Alcohol Denat., GlycerinSodium Hydroxide, Hydroxyethylpiperazine Ethane Sulfonic Acid, Argania Spinosa Kernel Oil, Glucose, Calendula Officinalis Flower Extract, Cereus Grandiflorus Flower Extract / Cactus Flower Extract, Haematococcus Pluvialis Extract, Adenosine, Ascorbyl Glucoside, Hydrolyzed, Linseed Extract, Citric Acid, Lactic Acid, Xanthan Gum, Panthenol, Tocopherol, Potassium Sorbate, Sodium Benzoate, Salicylic Acid, Caramel, Limonene, Parfum / Fragrance.",0,37,1.0,0.0,https://www.sephora.com/product/yves-saint-laurent-pure-shots-light-up-brightening-serum-refill-P454073?icid2=products%20grid:p454073,1.0,70.0
Pure Shots Night Reboot Resurfacing Serum Refill,Yves Saint Laurent,facial-treatments,70.0,"Aqua / Caprylic/Capric Triglyceride, Limnanthes Alba Seed Oil / Meadowfoam, Seed Oil, Isononyl Isononanoate, Glycolic Acid, Propylene Glycol, Alcohol Denat., Glycerin, Sodium Hydroxide, Hydroxyethylpiperazine Ethane Sulfonic Acid, Argania Spinosa Kernel Oil, Glucose, Calendula Officinalis Flower Extract, Cereus Grandiflorus Flower Extract / Cactus  Flower Extract, Haematococcus Pluvialis Extract, Adenosine, Ascorbyl Glucoside, Hydrolyzed Linseed Extract, Citric Acid, Lactic Acid, Xanthan Gum, Panthenol, Tocopherol, Potassium Sorbate, Sodium Benzoate, Salicylic Acid, Caramel, Limonene, Parfum / Fragrance.",0,102,1.0,0.0,https://www.sephora.com/product/yves-saint-laurent-pure-shots-night-reboot-resurfacing-serum-refill-P454077?icid2=products%20grid:p454077,1.0,70.0
Banana Bright Eye Crème,OLEHENRIKSEN,eye-treatment-dark-circle-treatment,39.0,"Simmondsia Chinensis (Jojoba) Seed Oil, Butyrospermum Parkii (Shea) Butter, Isododecane, Coconut Alkanes, Tetrahexyldecyl Ascorbate, Polyglyceryl3 Rice Branate, Polyglyceryl3 Beeswax, Cetearyl Alcohol, 30Ethyl Ascorbic Acid, Glycerin, Dilinoleic Acid/Propanediol Copolymer, Polymethylsilsesquioxane, Cocoyl Proline, Pentaerythrityl Tetraisostearate, Dimethicone Crosspolymer, HDI/Trimethylol Hexyllactone Crosspolymer, Polyacrylate13, Mica, Polysorbate 20, Caprylyl Glycol, Titanium Dioxide (CI 77891), Polyglyceryl6 Ricinoleate, Polyglyceryl6 Caprylate, Polyglyceryl4 Caprate, Polyglyceryl3 Cocoate, Phenoxyethanol, CocoCaprylate/Caprate, Polyisobutene, Acrylates/C1030 Alkyl Acrylate Crosspolymer, Parfum/Fragrance, Tamarindus Indica Seed Polysaccharide, Tocopheryl Acetate, Rosa Canina Fruit Extract, Lycium Barbarum Fruit Extract, Hippophae Rhamnoides Extract, Citrus Limon (Lemon) Fruit Extract, Citrus Aurantium Dulcis (Orange) Fruit Extract, Sodium Hydroxide, Sorbic Acid, Iron Oxides (CI 77491), Leuconostoc/Radish Root Ferment Filtrate, Sorbitan Isostearate, Silica, Sodium Benzoate, Propanediol, Vegetable Collagen, Aroma/Flavor, Ascorbic Acid, Linoleic Acid, Pullulan, Nannochloropsis Oculata Extract, Linolenic Acid, Citric Acid, Potassium Sorbate, Tocopherol, Citral, Limonene, Linalool.",3000,176011,0.5,0.0,https://www.sephora.com/product/banana-bright-eye-creme-P426339?icid2=products%20grid:p426339,0.5,78.0
C-Tango™ Multivitamin Eye Cream,Drunk Elephant,eye-treatment-dark-circle-treatment,64.0,"Glycerin, Dicaprylyl Carbonate, Cetearyl Alcohol, Caprylic/Capric Triglyceride, Hydroxyethyl Acrylate/Sodium Acryloyldimethyl Taurate Copolymer, Sodium Ascorbyl Phosphate, Cetearyl Olivate, Sorbitan Olivate, Sclerocarya Birrea Seed Oil, Persea Gratissima (Avocado) Oil, Plukenetia Volubilis Seed Oil, Magnesium Ascorbyl Phosphate, Ceteareth6 Olivate, Tetrahexyldecyl Ascorbate, Ascorbyl Glucoside, Ascorbyl Palmitate, Palmitoyl Tripeptide1, Glycine Soja (Soybean) Sterols, Linoleic Acid, Phospholipids, Ceramide NP, Glycine Soja (Soybean) Protein, Ceramide AP, Phytosphingosine, Cholesterol, Ceramide EOP, Cucumis Sativus (Cucumber) Fruit Extract, Camellia Sinensis Leaf Extract, Palmitoyl Dipeptide5 Diaminobutyroyl Hydroxythreonine, Palmitoyl Dipeptide5 Diaminohydroxybutyrate, Dipeptide Diaminobutyroyl Benzylamide Diacetate, Sodium Hyaluronate Crosspolymer, C1215 Alkyl Benzoate, Panthenol, Dipotassium Glycyrrhizate, Hesperidin Methyl Chalcone, Dipeptide2, Palmitoyl Tetrapeptide7, Fragaria Ananassa (Strawberry) Seed Extract, Medicago Sativa (Alfalfa) Extract, Morus Alba Leaf Extract, Hydrolyzed Rice Protein, Spilanthes Acmella Flower Extract, Aloe Barbadensis Leaf Juice, Ubiquinone, Superoxide Dismutase, Palmitoyl Tripeptide38, Acetyl Hexapeptide8, Pyrus Malus (Apple) Fruit Extract, Phytic Acid, Actinidia Chinensis (Kiwi) Fruit Extract, Vaccinium Myrtillus Leaf Extract, Tocopherol, Thioctic Acid, NHydroxysuccinimide, Chrysin, Mica, Ethylhexyl Palmitate, Phenoxyethanol, Pentylene Glycol, Sodium Lauroyl Lactylate, Titanium Dioxide, Hydroxypropyl Cyclodextrin, Sodium Benzoate, Xanthan Gum, Carbomer, Tocopheryl Acetate, Sodium Dextran Sulfate, Sorbitan Isostearate, Caprylyl Glycol, Steareth20, Chlorhexidine Digluconate, Citric Acid, Chlorphenesin, Polysorbate 60, Potassium Sorbate, Ethylhexylglycerin.",1000,78893,0.5,0.0,https://www.sephora.com/product/c-tango-multivitamin-eye-cream-P429515?icid2=products%20grid:p429515,0.5,128.0
Creamy Eye Treatment with Avocado,Kiehl's Since 1851,eye-treatment-dark-circle-treatment,32.0,"Water,Butyrospermum Parkii Butter / Shea Butter,Butylene Glycol,Tridecyl Stearate,Isodecyl Salicylate,Peg30 Dipolyhydroxystearate,Tridecyl Trimellitate,Persea Gratissima Oil / Avocado Oil,Isocetyl Stearoyl Stearate,Propylene Glycol,Dipentaerythrityl Hexacaprylate/Hexacaprate,Sorbitan Sesquioleate,Magnesium Sulfate,Phenoxyethanol,Hydrogenated Castor Oil,Sodium Pca,Ozokerite,Methylparaben,Tocopheryl Acetate,Isopropyl Palmitate,Disodium Edta,Copper Pca,Butylparaben,Ethylparaben,Propylparaben,Zea Mays Oil / Corn Oil,BetaCarotene.",892,40291,0.0,0.5,https://www.sephora.com/product/creamy-eye-treatment-with-avocado-P422000?icid2=products%20grid:p422000,0.5,64.0
GinZing™ Refreshing Eye Cream to Brighten and Depuff,Origins,eye-treatment-dark-circle-treatment,32.0,"Methyl Trimethicone, Butylene Glycol, Peg100 Stearate, Dimethicone, Cetyl Ricinoleate, Silica, Olea Europaea (Olive) Fruit Oil, Glycerin, Behenyl Alcohol, Cucumis Sativus (Cucumber) Fruit Extract, Panax Ginseng (Ginseng) Root Extract, Castanea Sativa (Chestnut) Seed Extract, Camellia Sinensis (Green Tea) Leaf Extract, Cordyceps Sinensis Extract, Magnolia Officinalis Bark Extract, Pyrus Malus (Apple) Fruit Extract, Scutellaria Baicalensis Root Extract, Pantethine, Panthenol, Caprylic/Capric Triglyceride, Butyrospermum Parkii (Shea Butter), Caffeine, Coleus Barbatus Extract, Yeast Extract\Faex\Extrait De Levure, Folic Acid, Hydrogenated Lecithin, Jojoba Wax Peg120 Esters, Biotin, Tribehenin, Myristyl Alcohol, Palmitoyl Tetrapeptide7, Trehalose, Sodium Hyaluronate, Ascorbyl Tocopheryl Maleate, Hesperidin Methyl Chalcone, Sodium Sulfite, Sodium Metabisulfite, Steareth20, Dipeptide2, Ethylhexylglycerin, Carbomer, Tromethamine, Sorbic Acid, Chlorphenesin, Phenoxyethanol, Mica, Titanium Dioxide (Ci 77891), Iron Oxides (Ci 77491, Ci 77492, Ci 77499).",4000,111574,0.0,0.5,https://www.sephora.com/product/ginzing-refreshing-eye-cream-P297511?icid2=products%20grid:p297511,0.5,64.0
The Silk Peony Melting Eye Cream,Tatcha,eye-treatment-dark-circle-treatment,60.0,"Methyl Trimethicone, Butylene Glycol, Peg100 Stearate, Dimethicone, Cetyl Ricinoleate, Silica, Olea Europaea (Olive) Fruit Oil, Glycerin, Behenyl Alcohol, Cucumis Sativus (Cucumber) Fruit Extract, Panax Ginseng (Ginseng) Root Extract, Castanea Sativa (Chestnut) Seed Extract, Camellia Sinensis (Green Tea) Leaf Extract, Cordyceps Sinensis Extract, Magnolia Officinalis Bark Extract, Pyrus Malus (Apple) Fruit Extract, Scutellaria Baicalensis Root Extract, Pantethine, Panthenol, Caprylic/Capric Triglyceride, Butyrospermum Parkii (Shea Butter), Caffeine, Coleus Barbatus Extract, Yeast Extract\Faex\Extrait De Levure, Folic Acid, Hydrogenated Lecithin, Jojoba Wax Peg120 Esters, Biotin, Tribehenin, Myristyl Alcohol, Palmitoyl Tetrapeptide7, Trehalose, Sodium Hyaluronate, Ascorbyl Tocopheryl Maleate, Hesperidin Methyl Chalcone, Sodium Sulfite, Sodium Metabisulfite, Steareth20, Dipeptide2, Ethylhexylglycerin, Carbomer, Tromethamine, Sorbic Acid, Chlorphenesin, Phenoxyethanol, Mica, Titanium Dioxide (Ci 77891), Iron Oxides (Ci 77491, Ci 77492, Ci 77499).",1000,40171,0.5,0.0,https://www.sephora.com/product/the-silk-peony-melting-eye-cream-P447780?icid2=products%20grid:p447780,0.5,120.0
Advanced Night Repair Eye Supercharged Complex,Estée Lauder,eye-treatment-dark-circle-treatment,64.0,"Advanced Night Repr Eye Sync Cmpii   Division: El (Estee Lauder)Ingredients: Methyl Trimethicone, Bifida Ferment Lysate, Dimethicone, Dimethicone/Vinyl Dimethicone Crosspolymer, Propanediol, Sucrose, Petrolatum, Polysorbate 40, Trehalose, Algae Extract, Morus Bombycis (Mulberry) Root Extract, Scutellaria Baicalensis Root Extract, Lactobacillus Ferment, Triticum Vulgare (Wheat) Germ Extract, Acrylamide/Sodium Acryloyldimethyltaurate Copolymer, Betula Alba (Birch) Extract, Hydrolyzed Algin, Poria Cocos Sclerotium Extract, Jojoba  Alcohol, Ethylhexylglycerin, Glycine Soja (Soybean) Seed Extract, Isopropyl Jojobate, Jojoba Esters, Isohexadecane, Yeast Extract/Faex/Extrait De Levure, Hydrogenated Lecithin, Hordeum Vulgare (Barley) Extract/Extrait D'Orge, Peg/Ppg18/18 Dimethicone, Cholesterol, Anthemis Nobilis (Chamomile), Tocopheryl Acetate, Sodium Rna, Caffeine, Polysorbate 80, Caprylyl Glycol, Phytosphingosine, Squalane, Potassium Sulfate, Sodium Hyaluronate, Acrylates/C1030 Alkyl Acrylate Crosspolymer, Tripeptide32, Butylene Glycol, Tromethamine, Disodium Edta, Bht, Phenoxyethanol, Iron Oxides (Ci 77491, Ci 77492, Ci 77499) <iln40412>",258,26245,0.5,0.0,https://www.sephora.com/product/advanced-night-repair-eye-supercharged-complex-P433885?icid2=products%20grid:p433885,0.5,128.0
Cheer Up Brightening Vitamin C Eye Cream with Acerola Cherry,Farmacy,eye-treatment-dark-circle-treatment,45.0,"Diisostearyl Malate, Pentaerythrityl Tetraisostearate, Pentylene Glycol, Ascorbyl Tetraisopalmitate, Orbignya Oleifera Seed Oil, Phytosterols, Caprylic/Capric Triglyceride, 3Glyceryl Ascorbate, Glycerin, Acrylates/C1030 Alkyl Acrylate Crosspolymer, Malpighia Punicifolia (Acerola) Fruit Extract, Caffeine, Sodium Hyaluronate, Hydrolyzed Sodium Hyaluronate, Sodium Acetylated Hyaluronate, Sodium Hyaluronate Crosspolymer, Hydrolyzed Plukenetia Volubilis Seed Extract, Linoleic Acid, Phospholipids, Bisabolol, Helianthus Annuus (Sunflower) Extract, Physalis Angulata Extract, BisDiglyceryl Polyacyladipate1, Oryza Sativa (Rice) Bran Extract, Tocopherol, Hexamidine Diisethionate, Sodium Phytate, Melia Azadirachta Extract, Moringa Oleifera Seed Oil, Ethylhexylglycerin, Potassium Hydroxide, Rosmarinus Officinalis (Rosemary) Leaf Extract, Butylene Glycol, Citric Acid, Sodium Benzoate.",154,15677,0.5,0.0,https://www.sephora.com/product/farmacy-cheer-up-brightening-vitamin-c-eye-cream-with-acerola-cherry-P453229?icid2=products%20grid:p453229,0.5,90.0
Squalane + Marine Algae Eye Cream,Biossance,eye-treatment-dark-circle-treatment,54.0,"Caprylic/Capric Triglyceride, Squalane, Glycerin, Sorbitan Olivate, Cetearyl Olivate, Jojoba Esters, Glyceryl Stearate SE, Panthenol, Hydroxyethyl Acrylate/Sodium Acryloyldimethyl Taurate Copolymer, Cetyl Palmitate, Spilanthes Acmella Flower Extract, Palmitoyl Tripeptide5, Sorbitan Palmitate, Dunaliella Salina Extract, Astaxanthin, Sodium Hyaluronate, Phenoxyethanol, Ethylhexylglycerin, Tocopherol, Citric Acid.",449,25257,0.5,0.0,https://www.sephora.com/product/squalane-marine-algae-eye-cream-P447210?icid2=products%20grid:p447210,0.5,108.0
The Eye Concentrate,La Mer,eye-treatment-dark-circle-treatment,225.0,"Algae (Seaweed) Extract, Water\Aqua\Eau, Cyclopentasiloxane, Glycerin, Dimethicone, Vinyl Dimethicone/Methicone Silsesquioxane Crosspolymer, Caprylic/Capric Triglyceride, Caprylic/Capric/Myristic/Stearic Triglyceride, Yeast Extract\Faex\Extrait De Levure, Sea Salt\Maris Sal\Sel Marin, Saccharomyces/Copper Ferment, Helichrysum Arenarium (Everlasting) Extract, Polysilicone11, Gelidium Cartilagineum Extract, Tourmaline, Polygonum Fagopyrum Seed Extract, Saccharomyces Lysate Extract, Sesamum Indicum (Sesame) Seed Oil, Medicago Sativa (Alfalfa) Seed Powder, Helianthus Annuus (Sunflower) Seedcake, Prunus Amygdalus Dulcis (Sweet Almond) Seed Meal, Eucalyptus Globulus (Eucalyptus) Leaf Oil, Sodium Gluconate, Calcium Gluconate, Copper Gluconate, Magnesium Gluconate, Zinc Gluconate, Tocopheryl Succinate, Niacin, Sesamum Indicum (Sesame) Seed Powder, Corallina Officinalis Extract, Ferrous Gluconate, Glyceryl Triacetyl Ricinoleate, Hydrogenated Vegetable Oil, Macadamia Integrifolia Seed Oil, Palmitoyl Tetrapeptide7, Acetyl Hexapeptide8, Whey Protein\Lactis Protein\Proteine Du PetitLait, Hesperidin Methyl Chalcone, Cyclohexasiloxane, Linoleic Acid, Caffeine, Cholesterol, Tetraacetylphytosphingosine, Sigesbeckia Orientalis (St. Paul's Wort) Extract, Butylene Glycol, Crithmum Maritimum Extract, Acetyl Glucosamine, Steareth20, Aminopropyl Ascorbyl Phosphate, Nylon12, Triethylhexanoin, Avena Sativa (Oat) Kernel Extract, Prunus Amygdalus Dulcis (Sweet Almond) Seed Extract, Isononyl Isononanoate, Glycine Soja (Soybean) Protein, Cetyl Peg/Ppg10/1 Dimethicone, Phytosphingosine, Hydrogenated Polyisobutene, Propylene Glycol Dioctanoate, Calcium Chloride, Sucrose, Dipeptide2, Dimethicone Crosspolymer, Triethoxycaprylylsilane, Caprylyl Glycol, Trimethylsiloxysilicate, Isododecane, Peg/Ppg18/18 Dimethicone, Silica, Alumina, Fragrance (Parfum), Phenoxyethanol, Mica, Titanium Dioxide (Ci 77891).",135,20469,0.5,0.0,https://www.sephora.com/product/the-eye-concentrate-P416343?icid2=products%20grid:p416343,0.5,450.0
Moisturizing Eye Bomb,belif,eye-treatment-dark-circle-treatment,48.0,"Comfrey Leaf: Detoxifies skin, leaving it smooth, soft, and clear.",1000,59920,0.0,0.0,https://www.sephora.com/product/moisturizing-eye-bomb-P422905?icid2=products%20grid:p422905,0.5181621621621623,92.63509284373042
Shaba Complex™ Firming Eye Serum,Drunk Elephant,eye-treatment-dark-circle-treatment,60.0,"Octyldodecanol, Glycerin, Boron Nitride, Saccharomyces/Xylinum/Black Tea Ferment, Coconut Alkanes, Cetyl Alcohol, Cetearyl Olivate, Sorbitan Olivate, Niacinamide, Copper Tripeptide1, Leontopodium Alpinum Meristem Cell Culture, Dipeptide2, Palmitoyl Tripeptide1, Palmitoyl Tetrapeptide7, Copper Lysinate/Prolinate, Hesperidin Methyl Chalcone, Chondrus Crispus (Carrageenan), Mangifera Indica (Mango) Seed Butter, Glycine Soja (Soybean) Oil, Hippophae Rhamnoides Oil, Sclerocarya Birrea Seed Oil, Sodium Hyaluronate Crosspolymer, Hydroxyethylcellulose, CocoCaprylate/Caprate, Steareth20, Lecithin, Panthenol, NHydroxysuccinimide, Ubiquinone, Citric Acid, Thioctic Acid, Tocopherol, Chrysin, Sclerotium Gum, Methylglucoside Phosphate, Xanthan Gum, Potassium Sorbate, Sodium Benzoate, Chlorphenesin, Caprylyl Glycol, Sodium Hydroxide, Phenoxyethanol, Pentylene Glycol / Ethylhexylglycerin.",895,52546,0.5,0.0,https://www.sephora.com/product/shaba-complex-eye-serum-P419223?icid2=products%20grid:p419223,0.5,120.0
Benefiance WrinkleResist24 Pure Retinol Express Smoothing Eye Mask,Shiseido,eye-treatment-dark-circle-treatment,70.0,"Butylene Glycol, Pentaerythrityl Tetraoctanoate, Phenyl Trimethicone Glycerin Dipropylene Glycol, Alcohol Denat., Betaine, Peg60 Hydrogenated Castor Oil, Tocopheryl Acetate, Squalane, Xanthan Gum, Arginine HCL, Magnesium Ascorbyl Phosphate, Glucosyl Hesperidin, Ginseng Extract, Sodium Acetylated Hyaluronate, Hydroxyproline, Raspberry Extract, Sodium Citrate, Carbomer, BHT, Potassium Hydroxide, Retinol, Polysorbate 20, Citric Acid, Alcohol, Trisodium EDTA, Phenoxyethanol, Methylparaben, Fragrance, BetaCarotene.",417,50680,0.0,0.0,https://www.sephora.com/product/benefiance-wrinkleresist24-pure-retinol-express-soothing-eye-mask-P173619?icid2=products%20grid:p173619,0.5181621621621623,135.0928437304402
Benefiance Wrinkle Smoothing Eye Cream,Shiseido,eye-treatment-dark-circle-treatment,70.0,"Hydrogenated Polydecene,Glycerin,Mineral Oil (Paraffinum Liquidum/Huile Minerale),Petrolatum,Butylene Glycol,Paraffin,Polyglyceryl2 Diisostearate,Squalane, Glyceryl Oleate,Sodium Pca,Glutamic Acid,Dipropylene Glycol,Carnosine,Beeswax(Cera Alba/Cire D'abeille),Microcrystalline Wax(Cera Microcristallina/Cire Microcristalline), Sodium Hydroxide,Alcohol,Polyethylene,Methylparaben,Tocopheryl Acetate, Ethylparaben,Phytosteryl/Octyldodecyl Lauroyl Glutamate,Fragrance,Trisodium Edta,Tocopherol,Sodium Metabisulfite,Caffeine,Iron Oxides (Ci 77492),Peg/Ppg14/7 Dimethyl Ether,Ppg3 Dipivalate,Linalool,Limonene,Sapindus Mukorossi Peel Extract,Citronellol,Uncaria Gambir Extract,Geraniol,Angelica Keiskei Leaf/Stem Extract,AlphaIsomethyl Ionone,Sanguisorba Officinalis Root Extract,Crataegus Monogyna Flower Extract,Camellia Sinensis Leaf Extract,Sodium Acetylated Hyaluronate,Hydroxyproline,Iron Oxides (Ci 77491),Citrus Junos Seed Extract,Cinnamomum Cassia Bark Extract,Ziziphus Jujuba Fruit Extract,Chlorella Vulgaris Extract,Eucheuma Serra/Grateloupia Sparsa/Saccharina Angustata/Ulva Linza/Undaria Pinnatifida Extract,Carbomer,Sodium Lactate,Bht,Curcuma Longa (Turmeric) Rhizome Extract,Polysorbate 20,Saccharina Angustata/Undaria Pinnatifida Extract,Palmitoyl Tripeptide1,Palmitoyl Tetrapeptide7.",216,10037,0.51,0.0,https://www.sephora.com/product/benefiance-wrinkle-smoothing-eye-cream-P448203?icid2=products%20grid:p448203,0.51,137.2549019607843
Biolumin-C Vitamin C Eye Serum,Dermalogica,eye-treatment-dark-circle-treatment,70.0,"Butylene Glycol, Propanediol, Glycerin, C1519 Alkane, Salvia Hispanica Seed Oil, Sodium PCA, Trehalose, Poria Cocos Polysaccharide, Papain, Dunaliella Salina Extract, Aminopropyl Ascorbyl Phosphate, Terminalia Arjuna Extract, Tremella Fuciformis Sporocarp Extract, Ascorbyl Methylsilanol Pectinate, Palmitoyl Tripeptide5, Sodium Hyaluronate, Phytosterols, Algin, Citrus Grandis (Grapefruit) Peel Oil, Phytosteryl Oleate, Tocopherol, Serine, Oleic Acid, Inositol, Helianthus Annuus (Sunflower) Seed Oil, Betaine, Carrageenan, Panthenol, Dipotassium Glycyrrhizate, Methylpropanediol, Proline, Xylitol, Calcium Gluconate, Pantolactone, Lecithin, Xanthan Gum, Pentylene Glycol, Aminomethyl Propanol, Caprylyl Glycol, Polyacrylate13, Acrylates/C1030 Alkyl Acrylate Crosspolymer, Tetrasodium Glutamate Diacetate, Polyisobutene, Ethylhexylglycerin, Sodium Benzoate, Citric Acid, Gluconolactone, Polysorbate 20, Potassium Sorbate, Carbomer, 1,2Hexanediol, Sodium Hydroxide, Limonene, Phenoxyethanol.",283,3223,0.5,0.0,https://www.sephora.com/product/dermalogica-biolumin-c-vitamin-c-eye-serum-P453930?icid2=products%20grid:p453930,0.5,140.0
All About Eyes™ Rich Eye Cream,CLINIQUE,eye-treatment-dark-circle-treatment,33.0,"Water\Aqua\Eau , Butyrospermum Parkii (Shea Butter) , Cetearyl Alcohol , Butylene Glycol , Hydrogenated Polyisobutene , Phenyl Trimethicone , Polyglyceryl3 Beeswax , Polybutene , Sucrose , Cetyl Esters , Polymethyl Methacrylate , Isostearyl Neopentanoate , Glycerin , Cetearyl Glucoside , Tocopheryl Acetate , Triticum Vulgare (Wheat) Germ Extract , Hordeum Vulgare (Barley) Extract\Extrait D'Orge , Sigesbeckia Orientalis (St. Paul'S Wort) Extract , Peg100 Stearate , Coleus Barbatus Extract , Betula Alba (Birch) Extract , Polysilicone11 , Methyl Glucose Sesquistearate , Camellia Sinensis (Green Tea) Leaf Extract , Salvia Officinalis (Sage) Leaf , Glyceryl Polymethacrylate , yeast Extract\Faex\Extrait De Levure , Gentiana Lutea (Gentian) Root Extract , Stearic Acid , Milk Protein\Lactis Proteinum\Protéine Du Lait , Whey Protein\Lactis Protein\Protéine Du PetitLait , Palmitoyl Oligopeptide , Squalane , Magnesium Ascorbyl Phosphate , Cholesterol , Caffeine , Peg8 , Phytosphingosine , Acrylates/C1030 Alkyl Acrylate Crosspolymer , Aminomethyl Propanol , Dimethicone , Isomerized Linoleic Acid , Linoleic Acid , Sodium Hyaluronate , 1,2 Hexanediol , Decarboxy Carnosine Hcl , Potassium Sulfate , Caprylyl Glycol , Disodium Edta , Sodium Dehydroacetate , Phenoxyethanol , yellow 5 (Ci 19140) , Mica , Iron Oxides (Ci 77491, Ci 77492, Ci 77499) , Titanium Dioxide (Ci 77891).",1000,53471,0.0,0.5,https://www.sephora.com/product/all-about-eyes-rich-P174502?icid2=products%20grid:p174502,0.5,66.0
Black Tea Firming and De-Puffing Eye Cream,Fresh,eye-treatment-dark-circle-treatment,68.0,"Glycerin, Butylene Glycol, Squalane, Propylene Glycol Dicaprylate/Dicaprate, Caprylic/Capric Triglyceride, Methyl Methacrylate Crosspolymer, Pentylene Glycol, Steareth21, Cetyl Alcohol, Stearyl Alcohol, C1018 Triglycerides, Limnanthes Alba (Meadowfoam) Seed Oil, Saccharomyces Ferment Filtrate, Camellia Sinensis Leaf Extract, Avena Sativa (Oat) Kernel Extract, Morinda Citrifolia Fruit Juice, Saccharomyces Cerevisiae Extract, Litchi Chinensis Seed Extract, Rubus Fruticosus (Blackberry) Leaf Extract, Tocopheryl Acetate, Ascorbyl Tetraisopalmitate, Tocopherol, Biotin, Glyceryl Hydroxystearate, Steareth2, Stearalkonium Hectorite, Sodium Polyacrylate, Fragrance, Dimethicone, Silica, Propylene Carbonate, Acrylates/C1030 Alkyl Acrylate Crosspolymer, Sodium Hyaluronate, Maltodextrin, Tromethamine, Adenosine, CI 77891 (Titanium Dioxide), Biosaccharide Gum2, Caramel, Hydroxyethylcellulose, Algin, BHT, Sodium Citrate, Tin Oxide, Acacia Senegal Gum, Citric Acid, Ethylhexylglycerin, Potassium Sorbate, Serine, Phenoxyethanol, Linalool.",474,41308,0.5,0.0,https://www.sephora.com/product/black-tea-age-delay-eye-concentrate-P384778?icid2=products%20grid:p384778,0.5,136.0
Baggage Claim Gold Eye Masks,Wander Beauty,eye-treatment-dark-circle-treatment,25.0,"Glycerin, Butylene Glycol, 1,2Hexanediol, Aloe Barbadensis Leaf Juice, Xanthan Gum, Polyglyceryl4 Caprate, Panthenol, Hydroxyethylcellulose, Portulaca Oleracea Extract, Calendula Officinalis Flower Extract, Myrciaria Dubia Fruit Extract, Butyrospermum Parkii (Shea) Butter, Ethylhexylglycerin, Disodium EDTA, Scutellaria Baicalensis Root Extract, Glyceryl Caprylate, Sodium hyaluronate, Tocopheryl Acetate, Simmondsia Chinensis (Jojoba) Seed Oil, Lavandula Angustifolia (Lavender) Oil , Lecithin, Cyclopentasiloxane, Hydrogenated Lecithin, Natto Gum, Glycine, Serine, Glutamic Acid, Betaglucan, Aspartic Acid, Leucine, Alanine, Lysine, Arginine, Tyrosine, Phenylalanine, Threonine, Proline, Valine, Isoleucine, Histidine, Methionine, Cysteine, Acetyl Hexapeptide8, Copper Tripeptide1.",356,24931,0.0,0.0,https://www.sephora.com/product/baggage-claim-gold-eye-masks-P428668?skuId=2156925&icid2=products%20grid:p428668,0.5181621621621623,48.24744418944293
BRIGHTEYES™ Illuminating Anti-Fatigue Eye Cream,GLAMGLOW,eye-treatment-dark-circle-treatment,39.0,"Water\Aqua\Eau, Butyrospermum Parkii (Shea) Butter, Butylene Glycol, Dimethicone, Glycerin, Cetearyl Alcohol, Cetyl Esters, Isostearyl Neopentanoate, Cetyl Alcohol, Polybutene, Sodium Hyaluronate, Caffeine, Tocopheryl Acetate, Narcissus Tazetta Bulb Extract, Aminopropyl Ascorbyl Phosphate, Linoleic Acid, Acetyl Hexapeptide8, Artemia Extract, Hibiscus Sabdariffa Flower Extract, Trifluoroacetyl Tripeptide2, Anthemis Nobilis (Chamomile) Flower Extract, Laminaria Digitata Extract, Cucumis Melo (Melon) Fruit Extract, Cetearyl Glucoside, Cholesterol, Persea Gratissima (Avocado) Oil, Pyrus Malus (Apple) Fruit Extract, Lens Esculenta (Lentil) Fruit Extract, Citrullus Lanatus (Watermelon) Fruit Extract, Algae Extract, Lauryl Pca, Whey Protein\Lactis Protein\Proteine Du PetitLait, Yeast Extract\Faex\Extrait De Levure, Sodium Lactate, Sorbitol, Trehalose, Zinc Pca, Glucose, Acetyl Glucosamine, Neopentyl Glycol Diheptanoate, Carbomer, Sodium Hydroxide, Propylene Glycol Dicaprylate, Polymethyl Methacrylate, Sodium Pca, Dextran, Acrylates/C1030 Alkyl Acrylate Crosspolymer, Polyethylene, Decarboxy Carnosine Hcl, Potassium Sulfate, Caprylyl Glycol, 1,2Hexanediol, Tetradecyl Aminobutyroylvalylaminobutyric Urea Trifluoroacetate, Methyl Glucose Sesquistearate, Bht, Disodium Edta, Phenoxyethanol, Potassium Sorbate, Sodium Benzoate, Mica, Titanium Dioxide (Ci 77891), Iron Oxides (Ci 77491).",244,27567,0.5,0.0,https://www.sephora.com/product/brighteyes-illuminating-anti-fatigue-eye-cream-P448208?icid2=products%20grid:p448208,0.5,78.0
Hypoallergenic Firming Eye Cream,Perricone MD,eye-treatment-dark-circle-treatment,72.0,"Water\Aqua\Eau, Butyrospermum Parkii (Shea) Butter, Butylene Glycol, Dimethicone, Glycerin, Cetearyl Alcohol, Cetyl Esters, Isostearyl Neopentanoate, Cetyl Alcohol, Polybutene, Sodium Hyaluronate, Caffeine, Tocopheryl Acetate, Narcissus Tazetta Bulb Extract, Aminopropyl Ascorbyl Phosphate, Linoleic Acid, Acetyl Hexapeptide8, Artemia Extract, Hibiscus Sabdariffa Flower Extract, Trifluoroacetyl Tripeptide2, Anthemis Nobilis (Chamomile) Flower Extract, Laminaria Digitata Extract, Cucumis Melo (Melon) Fruit Extract, Cetearyl Glucoside, Cholesterol, Persea Gratissima (Avocado) Oil, Pyrus Malus (Apple) Fruit Extract, Lens Esculenta (Lentil) Fruit Extract, Citrullus Lanatus (Watermelon) Fruit Extract, Algae Extract, Lauryl Pca, Whey Protein\Lactis Protein\Proteine Du PetitLait, Yeast Extract\Faex\Extrait De Levure, Sodium Lactate, Sorbitol, Trehalose, Zinc Pca, Glucose, Acetyl Glucosamine, Neopentyl Glycol Diheptanoate, Carbomer, Sodium Hydroxide, Propylene Glycol Dicaprylate, Polymethyl Methacrylate, Sodium Pca, Dextran, Acrylates/C1030 Alkyl Acrylate Crosspolymer, Polyethylene, Decarboxy Carnosine Hcl, Potassium Sulfate, Caprylyl Glycol, 1,2Hexanediol, Tetradecyl Aminobutyroylvalylaminobutyric Urea Trifluoroacetate, Methyl Glucose Sesquistearate, Bht, Disodium Edta, Phenoxyethanol, Potassium Sorbate, Sodium Benzoate, Mica, Titanium Dioxide (Ci 77891), Iron Oxides (Ci 77491).",440,11293,0.5,0.0,https://www.sephora.com/product/hypoallergenic-gentle-firming-eye-cream-P294204?icid2=products%20grid:p294204,0.5,144.0
Ferulic + Retinol Triple Correction Eye Serum,Dr. Dennis Gross Skincare,eye-treatment-dark-circle-treatment,69.0,"Propylene Glycol, Ethoxydiglycol, Centella Asiatica Extract, Glycyrrhiza Glabra (Licorice) Root Extract, Ferulic Acid, Retinol, Potassium Azeloyl Diglycinate, Arctostaphylos Uva Ursi Leaf Extract, Morus Nigra Fruit Extract, Salix Alba (Willow) Bark Extract, Quercetin, Caffeine, Ubiquinone, Sodium Hyaluronate, Salicylic Acid, Glycolic Acid, Mandelic Acid, Panthenol, Butylene Glycol, Glycerin, Disodium Lauriminodipropionate Tocopheryl Phosphates, Lecithin, Tetrapeptide21, Acrylates/Carbamate Copolymer, Disodium EDTA, PVM/MA Decadiene Crosspolymer, Urea, Polysorbate 20, BHT, Potassium Hydroxide, Phenoxyethanol, Iron Oxides (CI 77491, CI 77492, CI77499)",383,33230,0.5,0.0,https://www.sephora.com/product/ferulic-retinol-triple-correction-eye-serum-P377531?icid2=products%20grid:p377531,0.5,138.0
Bye Bye Under Eye Brightening Eye Cream,IT Cosmetics,eye-treatment-dark-circle-treatment,48.0,"Cyclopentasiloxane, Butylene Glycol, Butyrospermum Parkii (Shea) Butter, Dimethicone, Niacinamide, Cetearyl Alcohol, Peg40 Stearate, Palmitic Acid, Stearic Acid, Polysorbate 60, Macadamia Ternifolia Seed Oil, Cetyl Ethylhexanoate, Glyceryl Stearate, Glycerin, Acrylates/C1030 Alkyl Acrylate Crosspolymer, Carbomer, Sodium Hyaluronate, Acetyl Hexapeptide8, Copper Gluconate, Collagen, TeaCocoyl Glutamate, Palmitoyl Pentapeptide4, Copper Tripeptide1, Biotin, Caffeine, Magnesium Aspartate, Zinc Gluconate, Sodium Ascorbyl Phosphate, Sodium Lauroyl Lactylate, Ceramide Np, Ceramide Ap, Phytosphingosine, Cholesterol, Xanthan Gum, Ceramide Eop, Retinol, Tocopheryl Acetate, Ascorbic Acid, Aloe Barbadensis Leaf Extract, Anthemis Nobilis Flower Extract, Curcuma Longa (Turmeric) Root Extract, Squalane, Spirulina Platensis Extract, Algae Extract, Cucumis Sativus (Cucumber) Fruit Extract, Colloidal Oatmeal, Propylene Glycol, Glycyrrhiza Glabra (Licorice) Root Extract, Camellia Sinensis Leaf Extract, Lecithin, Caprylic/Capric Triglyceride, Creatine, Simmondsia Chinensis (Jojoba) Seed Oil, Vaccinium Angustifolium (Blueberry) Fruit Extract, Sea Panthenol, Polyglutamic Acid, Methionine, Lysine, Leucine, Histidine, Isoleucine, Arginine, Disodium EDTA, Polyacrylate13, Polyisobutene, Polysorbate 20, Sorbitan Isostearate, Tromethamine, Sorbitan Stearate, Benzophenone5, Cholesteryl Nonanoate, Cholesteryl Isostearate, Cholesteryl Chloride, Phenylalanine, Threonine, Valine, Saccharide Isomerate, Tryptophan, Elaeis Guineensis (Palm) Butter, Sorbitol, Polysilicone11, Dimethicone/Vinyl Dimethicone Crosspolymer, Phenyl Trimethicone, Citric Acid, Alcohol, Phenoxyethanol, Caprylyl Glycol, Ethylhexylglycerin, Chlorphenesin, Potassium Sorbate, Blue No. 1 (Ci 42090).",877,50853,0.5,0.0,https://www.sephora.com/product/bye-bye-under-eye-eye-cream-smooths-brightens-depuffs-P411401?icid2=products%20grid:p411401,0.5,96.0
Vital-E™ Microbiome Age Defense Eye Cream,Peter Thomas Roth,eye-treatment-dark-circle-treatment,55.0,"Glycerin, Dimethicone, Methyl Trimethicone, Butylene Glycol, Caprylyl Methicone, Ceresin, Dimethicone/Peg10/15 Crosspolymer, Lauryl Peg9 Polydimethylsiloxyethyl Dimethicone, Astrocaryum Tucuma Seed Butter, Microcrystalline Wax, Caffeine, Dimethylmethoxy Chromanol, Tocopherol, Bacillus, Yeast BetaGlucan, Palmitoyl Tripeptide5, Silybum Marianum Seed Extract, Acetyl Heptapeptide4, Ceramide NP, Sodium Hyaluronate, Hedychium Coronarium Root Extract, Sodium PCA, Eclipta Prostrata Extract, Dunaliella Salina Extract, Panthenol, Melia Azadirachta Leaf Extract, Undaria Pinnatifida Extract, Inulin, Moringa Oleifera Seed Oil, Phenoxyethanol, Paraffin, Potassium Sorbate, Mannitol, Cellulose, Dipropylene Glycol, Sodium Benzoate, Sodium Citrate, Hydroxypropyl Methylcellulose, Citric Acid, Ethylhexylglycerin, Pantolactone, Caprylyl Glycol, Mica.",501,1936,0.5,0.0,https://www.sephora.com/product/peter-thomas-roth-vital-e-microbiome-age-defense-eye-cream-P453823?icid2=products%20grid:p453823,0.5,110.0
Brightening Eye Cream – Hydrate & Depuff,SEPHORA COLLECTION,eye-treatment-dark-circle-treatment,17.0,Mudar Plant Bark Extract: Antiaging properties.,454,41380,0.0,0.0,https://www.sephora.com/product/brightening-eye-cream-hydrate-depuff-P438619?icid2=products%20grid:p438619,0.5181621621621623,32.80826204882119
Eye Mask,SEPHORA COLLECTION,eye-treatment-dark-circle-treatment,5.0,"Butylene Glycol,   Glycerin,  Aloe Barbadensis Leaf Juice,   1,2Hexanediol,  Hydroxyacetophenone,  Glycosyl Trehalose,   Xanthan Gum,  Hydrolyzed Sclerotium Gum,  Dipotassium Glycyrrhizate,   (Fragrance), Phosphatidylcholine,   Phenoxyethano,   Polysorbate 80,  Vitis Vinifera (Grape) Fruit Extract,  Mesembryanthemum Crystallinum Callus Extract,  Ascorbyl Palmitate,  Citric Acid,  Potassium Sorbate,  Tocopheryl Acetate,  Sodium Benzoate, Astaxanthin.",813,53431,0.0,0.0,https://www.sephora.com/product/eye-mask-P429721?icid2=products%20grid:p429721,0.5181621621621623,9.649488837888585
24K Gold Pure Luxury Lift & Firm Hydra-Gel Eye Patches,Peter Thomas Roth,eye-treatment-dark-circle-treatment,75.0,"Glycerin, Carrageenan, Butylene Glycol, Ceratonia Siliqua (Carob) Gum, Colloidal Gold, Sodium Hyaluronate, Hydrolyzed Collagen, Caffeine, Niacinamide, Aloe Barbadensis Leaf Juice Powder, Tocopheryl Acetate, Allantoin, Jania Rubens Extract, Adenosine, Lavandula Angustifolia (Lavender) Oil, Ricinus Communis (Castor) Seed Oil, Calcium Lactate, Xanthan Gum, Disodium EDTA, Peg60 Hydrogenated Castor Oil, Synthetic Fluorphlogopite, Mica, Tin Oxide, Chlorphenesin, Phenoxyethanol, Gold (Ci 77480), Iron Oxides (Ci 77491), Titanium Dioxide (Ci 77891).",250,30536,0.0,0.0,https://www.sephora.com/product/24k-gold-pure-luxury-lift-firm-hydra-gel-eye-patches-P406104?icid2=products%20grid:p406104,0.5181621621621623,144.74233256832878
The Pearl Tinted Eye Illuminating Treatment,Tatcha,eye-treatment-dark-circle-treatment,48.0,"Glycerin, Carrageenan, Butylene Glycol, Ceratonia Siliqua (Carob) Gum, Colloidal Gold, Sodium Hyaluronate, Hydrolyzed Collagen, Caffeine, Niacinamide, Aloe Barbadensis Leaf Juice Powder, Tocopheryl Acetate, Allantoin, Jania Rubens Extract, Adenosine, Lavandula Angustifolia (Lavender) Oil, Ricinus Communis (Castor) Seed Oil, Calcium Lactate, Xanthan Gum, Disodium EDTA, Peg60 Hydrogenated Castor Oil, Synthetic Fluorphlogopite, Mica, Tin Oxide, Chlorphenesin, Phenoxyethanol, Gold (Ci 77480), Iron Oxides (Ci 77491), Titanium Dioxide (Ci 77891).",923,58695,0.4,0.0,https://www.sephora.com/product/the-pearl-tinted-eye-illuminating-treatment-P431423?icid2=products%20grid:p431423,0.4,120.0
Squalane + Peptide Eye Gel,Biossance,eye-treatment-dark-circle-treatment,54.0,"Water/Aqua, Aloe Barbadensis Leaf Juice*, Squalane, Niacinamide, Glycerin, Panthenol, Chondrus Crispus Extract, Malus Domestica Fruit Cell Culture Extract, Acetyl Tetrapeptide5, Acetyl Hexapeptide8, Tocopherol, Pentylene Glycol, Cucumis Sativus (Cucumber) Fruit Extract, Tetrahexyldecyl Ascorbate, Camellia Sinensis Leaf Extract, Lycium Barbarum (Goji) Fruit Extract, Lycopene, Vitis Vinifera (Grape) Skin Extract, Sodium Hyaluronate, Caffeine, Acacia Senegal Gum, Dimethicone Crosspolymer, Xanthan Gum, Carbomer, Ethyl Lauroyl Arginate HCL, Lecithin, Ammonium Acryloyldimethyltaurate/VP Copolymer, Silica, Phenoxyethanol, Potassium Sorbate, Citric Acid, Caprylyl Glycol.",454,39595,0.5,0.0,https://www.sephora.com/product/squalane-peptide-eye-gel-P416562?icid2=products%20grid:p416562,0.5,108.0
needles no more® NO MORE BAGGAGE™ eye de-puffing gel,Dr. Brandt Skincare,eye-treatment-dark-circle-treatment,42.0,"Sodium Magnesium Silicate, Propanediol, Magnesium Aluminum Silicate, Phenoxyethanol, Lecithin, Kappaphycus Alvarezii Extract, Caffeine, Synthetic, Fluorphlogopite, Acetyl Glutamine, Hesperidin Methyl Chalcone, Caesalpinia Spinosa Fruit Extract, Titanium Dioxide, Caprylyl Glycol, Ethylhexylglycerin, Hexylene Glycol, Steareth20, ShOligopeptide1, Sh Oligopeptide2, Dipeptide2, Sodium Hyaluronate, ShPolypeptide1, Sh Polypeptide9, ShPolypeptide11, Bacillus/Soybean/Folic Acid Ferment, Boswellia Serrata Extract, Centella Asiatica Extract, Palmitoyl Tetrapeptide7, Butylene Glycol, Betula Alba Bark Extract, Chlorhexidine Digluconate, Tin Oxide, 1,2 Hexanediol, Potassium Sorbate, Polygonum Cuspidatum Root Extract, Peg12 Dimethicone, Camellia Sinensis Leaf Extract, Sodium Benzoate, Iron Oxides (Ci 77491, Ci 77492).",1000,22671,0.5,0.0,https://www.sephora.com/product/no-more-baggage-eye-de-puffing-gel-P421759?icid2=products%20grid:p421759,0.5,84.0
Water Drench Hyaluronic Cloud Hydra-Gel Eye Patches,Peter Thomas Roth,eye-treatment-dark-circle-treatment,55.0,"Glycerin, Butylene Glycol, Sodium Hyaluronate, Hydrolyzed Collagen, Caffeine, Ceramide Np, Arnica Montana Flower Extract, Althaea Officinalis Root Extract, Allantoin, Tocopherol, Hydrolyzed Sodium Hyaluronate,  Butyrospermum Parkii (Shea) Butter, Glycyrrhiza Glabra (Licorice) Root Extract, Scutellaria Baicalensis Root Extract, Angelica Gigas Root Extract, Cimicifuga Racemosa Root Extract, Morus Alba Bark Extract, Paeonia Lactiflora Root Extract, Phellinus Linteus Extract, Polygonum Multiflorum Root Extract, Sesamum Indicum (Sesame) Seed Extract, Sophora Angustifolia Root Extract, Aloe Barbadensis Leaf Juice, Ricinus Communis (Castor) Seed Oil, Amorphophallus Konjac Root Powder, Carrageenan, Hydroxyacetophenone, Hexylene Glycol, Propanediol, Xylitylglucoside, Sucrose, Anhydroxylitol, Glyceryl Caprylate, Xylitol, Betaine, Ethylhexylglycerin, Glucose, Lecithin, Maltodextrin, Magnesium Aspartate, Zinc Gluconate, Aluminum Hydroxide, Copper Gluconate, PEG60 Hydrogenated Castor Oil, Gellan Gum, Cyamopsis Tetragonoloba (Guar) Gum, Ceratonia Siliqua Gum, Calcium Chloride, Tin Oxide, Synthetic Fluorphlogopite, Bis(Glycidoxyphenyl)Propane/Bisaminomethylnorbornane Copolymer, Caprylhydroxamic Acid, Disodium EDTA, 1,2Hexanediol, Ethyl Hexanediol Chlorphenesin, Phenoxyethanol, Mica, Blue 1 (Ci 42090), Titanium Dioxide (Ci 77891), Iron Oxides (Ci 77491).",183,27148,0.0,0.0,https://www.sephora.com/product/water-drench-hyaluronic-cloud-hydra-gel-eye-patches-P423254?icid2=products%20grid:p423254,0.5181621621621623,106.14437721677444
Magic Eye Rescue Cream,Charlotte Tilbury,eye-treatment-dark-circle-treatment,60.0,"Caprylic/Capric Triglyceride, Butylene Glycol, Polysorbate 60, Olus Oil (Vegetable Oil)/Huile Végétale, Peg7 Glyceryl Cocoate, Glycerin, Butyrospermum Parkii (Shea Butter), Peg8, Ethylhexyl Stearate, Dicaprylyl Ether, Sorbitan Stearate, Hydroxyethyl Acrylate/Sodium Acryloyldimethyl Taurate Copolymer, Olive Oil Peg7 Esters, Phenoxyethanol, Saccharide Isomerate, C1216 Alcohols, Cera Alba (Beeswax)/Cire D'abeille, Glyceryl Stearate, Hydrogenated Castor Oil, Squalane, Ethylhexylglycerin, Chlorphenesin, Hydrogenated Lecithin, Hydrolyzed Rice Protein, Palmitic Acid, Xanthan Gum, Chondrus Crispus Extract, Disodium Edta, Helianthus Annuus (Sunflower) Seed Oil, Polysorbate 20, Sorbitan Isostearate, Sodium Hydroxide, Glycine Soja (Soybean) Protein, Superoxide Dismutase, Citric Acid, Hydroxypropyl Cyclodextrin, Tocopherol, Sodium Citrate, Sodium Benzoate, Sodium Pca, Ascorbyl Palmitate, Daphne Odora Callus Extract, Sodium Dextran Sulfate, Nicotiana Sylvestris Leaf Cell Culture, Aluminum Hydroxide, Retinol, Plumeria Rubra Flower Extract, Borago Officinalis Seed Oil, Tocopheryl Acetate, Ascorbic Acid, Lecithin, Potassium Sorbate, Retinyl Palmitate, Ascorbyl Tetraisopalmitate, Titanium Dioxide (Ci 77891), Iron Oxides (Ci 77491, Ci 77492).",449,7676,0.51,0.0,https://www.sephora.com/product/magic-eye-rescue-cream-P433521?icid2=products%20grid:p433521,0.51,117.6470588235294
Bright-Eyed 100% Mineral Eye Cream SPF 40,Supergoop!,eye-treatment-dark-circle-treatment,36.0,"Caprylic/Capric Triglyceride, Glycerin, Propanediol, Butyloctyl Salicylate, Glyceryl Stearate Citrate, Lauroyl Lysine, Cetyl Esters, Inulin Lauryl Carbamate, Polyhydroxystearic Acid, Cetearyl Alcohol, Potassium Cetyl Phosphate, Griffonia Simplicifolia Seed Extract,Titanium Dioxide, Olive Oil Polyglyceryl6 Esters, Mica, Triethoxycaprylylsilane, Microcrystalline Cellulose, Glyceryl Glucoside, Hydroxyacetophenone, Polyurethane79, Diethylhexyl Syringylidenemalonate, Sodium Stearoyl Lactylate, 1,2Hexanediol, Caprylyl Glycol, Sodium Citrate, Trisodium Ethylenediamine Disuccinate, Camellia Sinensis Leaf Extract,Lactobacillus Ferment Lysate, Punica Granatum Extract, Sodium Stearoyl Glutamate, Xanthan Gum, Cellulose Gum, Iron Oxides, Hedychium Coronarium Root Extract.",182,10478,0.5,0.0,https://www.sephora.com/product/supergoop-bright-eyed-100-mineral-eye-cream-spf-40-P453226?icid2=products%20grid:p453226,0.5,72.0
All About Eyes,CLINIQUE,eye-treatment-dark-circle-treatment,33.0,"Cyclopentasiloxane , Isostearyl Palmitate , Polyethylene , Butylene Glycol , Polysilicone11 , Ethylene/Acrylic Acid Copolymer , Morus Bombycis (Mulberry) Root Extract , Caffeine , Phytosphingosine , Triticum Vulgare (Wheat) Bran Extract , Scutellaria Baicalensis Root Extract , Whey Protein/Lactis Protein/Proteine Du PetitLait , Olea Europaea (Olive) Fruit Extract , Camellia Sinensis (Green Tea) Leaf Extract , Cholesterol , Linoleic Acid , Tocopheryl Acetate , Magnesium Ascorbyl Phosphate , Pyridoxine Dipalmitate , Sucrose , Glycerin , Dimethicone , Glyceryl Laurate , Peg/Ppg18/18 Dimethicone , Petrolatum , Cetyl Peg/Ppg10/1 Dimethicone , Propylene Carbonate , Sodium Chloride , Quaternium90 Bentonite , Disodium Edta , Phenoxyethanol , Iron Oxides (Ci 77491, Ci 77492, Ci 77499) <iln41964></iln41964>",1000,25932,0.0,0.5,https://www.sephora.com/product/all-about-eyes-P122774?icid2=products%20grid:p122774,0.5,66.0
Puffy Under-Eye Patches,Peace Out,eye-treatment-dark-circle-treatment,25.0,"Butylene Glycol, Glycerin, Hydroxyacetophenone, 1,2Hexanediol, Betaine, Caffeine, Peg40 Hydrogenated Castor Oil, Pvp, Niacinamide, Tetrahydroxypropyl Ethylenediamine, Carbomer, Sodium Pca, Xanthan Gum, Cocos Nucifera (Coconut) Oil, Prunus Amygdalus Dulcis (Sweet Almond) Seed Extract, Tocopheryl Acetate, Fragrance, Passiflora Edulis Fruit Extract, Phenoxyethanol, Gardenia Taitensis Flower, Mesembryanthemum Crystallinum Callus Extract, Tocopherol.",248,21083,0.0,0.0,https://www.sephora.com/product/puffy-under-eye-patches-P433613?icid2=products%20grid:p433613,0.5181621621621623,48.24744418944293
R.N.A. POWER Anti-Aging Eye Cream,SK-II,eye-treatment-dark-circle-treatment,139.0,"Glycerin, Galactomyces Ferment Filtrate*, Niacinamide, Isohexadecane, Butylene Glycol Pentylene Glycol, Isopropyl Isostearate, Petrolatum, Dimethicone, Caprylic/Capric Triglyceride, Vinyl Dimethicone/ Methicone Silsesquioxane Crosspolymer, Polyacrylamide, Phytosteryl/Behenyl/ Octyldodecyl Lauroyl Glutamate, Stearyl Alcohol, Cetyl Alcohol, C1314 Isoparaffin, Behenyl Alcohol Tocopheryl Acetate, Polymethylsilsesquioxane, Panthenol, Nylon 12, Benzyl Alcohol, Dimenthiconol, Methylparaben, Peg100 Stearate, Laureth 7, Cetearyl Glucoside, Cetearyl Alcohol, Stearic Acid, Mica, Disodium Edta, Propylparaben, Sodium Peg7 Olive Oil Carboxylate, Ethylparaben, Peg7 Glyceryl Cocoate, Chlorella Vulgaris Extract, Sodium Hydroxide, Hydrolyzed Lupine Protein, Decyl Glucoside, Medicago Sativa Extract/ Medicago Sativa (Alfalfa) Extract, Phenoxyethanol, Lactic Acid, Sodium Benzoate, Hydrolyzed Soy Protein, Polyquaternium7, Tin Oxide, Ethylhexylglycerin, Palmitoyl Dipeptide 7, Hydrolyzed Yeast Protein, Acanthopanax Senticosus Root Extract/ Acanthopanax Senticosus (Eleuthero) Root Extract, Palmitoyl Pentapeptide4, Methylsilanol TriPeg8 Glyceryl Cocoate, Ammonium Polyacrylate, Methicone, Tocopherol, Cynara Scolymus Leaf Extract/ Cynara Scolymus (Artichoke) Leaf Extract, Bht, Parfum (Fragance), Limonene, Linalool, Ci 77891 (Titanium Dioxide, Cl 77492 (Iron Oxides). *Pitera™.",155,11027,0.4,0.0,https://www.sephora.com/product/r-n-a-power-eye-cream-radical-new-age-P416813?icid2=products%20grid:p416813,0.4,347.5
Lotus Youth Preserve Eye Cream,Fresh,eye-treatment-dark-circle-treatment,45.0,"Aqua (Water), Glycerin, Isostearyl Isostearate, Propanediol, Squalane, Cetyl Alcohol, Potassium Cetyl Phosphate, Pentylene Glycol, C1018 Triglycerides, Boron Nitride, Glyceryl Stearate, Polyglycerin3, Nelumbo Nucifera Extract, Aesculus Hippocastanum (Horse Chestnut) Extract, Citrus Limon (Lemon) Peel Oil, Cucumis Sativus (Cucumber) Fruit Extract, Tocopherol, Fructose, Ethylene/Acrylic Acid Copolymer, BisDiglyceryl Polyacyladipate2, Behenyl Alcohol, Dimethicone, Carbomer, Sodium Polyacrylate, Xanthan Gum, Sodium Citrate, Caprylic/Capric Triglyceride, Sodium Hyaluronate, Citric Acid, Sodium Hydroxide, Adenosine, Biosaccharide Gum2, Sodium Metabisulfite, Poloxamer 338, Silica, Tetrasodium EDTA, Chlorphenesin, Potassium Sorbate, Sodium Benzoate, Limonene, Citral.",690,2288,0.5,0.0,https://www.sephora.com/product/fresh-lotus-youth-preserve-eye-cream-P454396?icid2=products%20grid:p454396,0.5,90.0
Retinol Youth Renewal Eye Serum,Murad,eye-treatment-dark-circle-treatment,85.0,"Glycerin, Butylene Glycol, Imperata Cylindrica Root Extract, Dimethyl Isosorbide, Meadowfoam DeltaLactone, Retinyl Propionate, Retinol, Swertia Chirata Leaf Extract, Urea, Yeast Amino Acids, Trehalose, Inositol, Taurine, Betaine, Fucus Vesiculosus Extract, Glycine Soja (Soybean) Extract, Macrocystis Pyrifera (Kelp) Extract, Isopropyl Palmitate, Lecithin, PVP, Hexylene Glycol, Capryl Glycol, Punica Granatum Seed Oil, Caprylic/Capric Triglyceride, PVM/MA Decadiene Crosspolymer, PEG8, Carbomer, Sodium Bisulfite, Silica, Sodium Hydroxide, Chlorphenesin, Phenoxyethanol, Fragrance (Parfum), Titanium Dioxide (CI 77891), Synthetic Fluorphlogopite, Red 4 (CI 14700), Yellow 5 (CI 19140).",107,2679,0.5,0.0,https://www.sephora.com/product/murad-retinol-youth-renewal-eye-serum-P453928?icid2=products%20grid:p453928,0.5,170.0
Complete Eye Renewal Balm,Algenist,eye-treatment-dark-circle-treatment,68.0,"Water (Aqua, Eau),  Isopropyl Isostearate, Glycerin, Dimethicone, Palmitic Acid, Pentylene Glycol, Glyceryl Stearate SE, Stearic Acid, Dimethicone Crosspolymer, Butyrospermum Parkii (Shea) Butter, Cetearyl Alcohol, Undaria Pinnatifida Extract, Limnanthes Alba (Meadowfoam) Seed Oil, Parachlorella Beijerinckii Exopolysaccharides, Alaria Esculenta Extract, Bambusa Vulgaris Leaf/Stem Extract, Aloe Barbadensis Leaf Juice, Aloe Barbadensis Leaf Juice Powder, Camellia Sinensis Leaf Extract, Cucumis Sativus (Cucumber) Fruit Extract, Tocopheryl Acetate, Caffeine, Tetrapeptide21, Dipeptide2, Palmitoyl Tetrapeptide7, Palmitoyl Tripeptide1, Magnesium Ascorbyl Phosphate, Malus Domestica Fruit Cell Culture Extract, Rubus Idaeus (Raspberry) Leaf Extract, Glucosamine HCl, Pisum Sativum (Pea) Extract, Inula Crithmoide Extract, Phospholipids, Biotin, NHydroxysuccinimide, Chrysin, Hesperidin Methyl Chalcone, Lecithin, Caprylic/Capric Triglyceride, Leuconostoc/Radish Root Ferment Filtrate, Vinyl Dimethicone/Methicone Silsesquioxane Crosspolymer, Acrylates/C1030 Alkyl Acrylate Crosspolymer, Steareth20, Ceteareth20, Butylene Glycol, Xanthan Gum, Sodium Citrate, Citric Acid, Disodium EDTA, Aminomethyl Propanol, Potassium Sorbate, Chlorhexidine Digluconate, Caprylyl Glycol, Hexylene Glycol, Ethylhexylglycerin, Sodium Benzoate, Phenoxyethanol.",862,27025,0.5,0.0,https://www.sephora.com/product/complete-eye-renewal-balm-P282938?icid2=products%20grid:p282938,0.5,136.0
Auto Correct Brightening and Depuffing Eye Contour Cream,SUNDAY RILEY,eye-treatment-dark-circle-treatment,65.0,"Water/Eau/Aqua, PEG8 Beeswax, Caprylyl Caprylate/Caprate, Polyglyceryl6 Distearate, Dimethicone, C1018 Triglycerides, Glycerin, Polypropylsilsesquioxane, Phenyl Trimethicone, Hydroxyethyl Acrylate/Sodium Acryloyldimethyl Taurate Copolymer, Trimethylsiloxysilicate, Anthemis Nobilis (Roman Chamomile) Flower Oil, Boron Nitride, Fructose, Jojoba Esters, Sodium Phytate, Theobroma Cacao (Cocoa) Seed Butter, Polyglyceryl3 Beeswax, Butyrospermum Parkii (Shea) Butter, Propanediol, Aesculus Hippocastanum (Horse Chestnut) Extract, Coffea Arabica (Coffee) Seed Extract, Methylpropanediol, Acmella Oleracea (Spilanthes) Extract, Polysilicone11, Caprylyl Glycol, Caffeine, Citrullus lanatus (Watermelon) Fruit Extract, Pyrus Malus (Apple) Fruit Extract, Lens Escuelenta (Lentil) Fruit Extract, Sodium PCA, Sodium Lactate, Ptychopetalum Olacoides Bark/Stem Extract, Pfaffia Paniculata (Brazilian Ginseng) Root Extract, Lilium Candidum (Madonna Lilly) Flower Extract, Phenoxyethanol, Glycolic Acid, Synthetic Fluorphlogopite, Silica, Mica, Titanium Dioxide, Carthamus Tinctorius (Safflower) Seed Oil, Tagetes Erecta (Marigold) Flower Extract, Triethyl Citrate, Cetyl Alcohol, Caprylyl/Capryl Glucoside, Benzoic Acid,  Lecithin,  Polysorbate 60, Sorbitan Isostearate,  Potassium Sorbate,  Benzyl Alcohol, Sodium Benzoate, Citric Acid, Linalool, Limonene.",382,19464,0.5,0.0,https://www.sephora.com/product/auto-correct-brightening-depuffing-eye-contour-cream-P424948?icid2=products%20grid:p424948,0.5,130.0
Caffeine Eye Cream,The INKEY List,eye-treatment-dark-circle-treatment,9.99,"Glycerin, Dicaprylyl Carbonate, Propanediol, Polyglyceryl6 Distearate, Cetyl Alcohol, Hydroxyethyl Acrylate/sodium Acryloyldimethyl Taurate Copolymer, Jojoba Esters, Glyceryl Dibehenate, Albizia Julibrissin Bark Extract, Squalane, Caffeine, Polyglyceryl3 Beeswax, Phospholipids, Tribehenin, Ethylhexylglycerin, Xanthan Gum, Glycine Soja (Soybean) Extract, Polysorbate 60, Disodium Edta, Glyceryl Behenate, Glycolipids, ButyleneGlycol, Glycine Soja (Soybean) Sterol, Leuconostoc/radish Root Ferment Filtrate, Hyaluronic Acid, Carbomer, Darutoside, Polysorbate 20, Palmitoyl Tetrapeptide7, Palmitoyl Tripeptide1, Phenoxyethanol.",359,31707,0.5,0.0,https://www.sephora.com/product/caffeine-eye-cream-P443840?icid2=products%20grid:p443840,0.5,19.98
Brighten-i Eye Cream,The INKEY List,eye-treatment-dark-circle-treatment,9.99,"Glycerin, Cyclopentasiloxane, CocoCaprylate/Caprate, Caprylic/Capric Triglyceride, Glyceryl Stearate, Candelilla/Jojoba/Rice Bran Polyglyceryl3 Esters, Trichilia Emetica (Mafura) Seed Butter, Ethylhexyl Palmitate, Mica, Sodium Levulinate, Cetearyl Alcohol, Sodium Stearoyl Lactylate, Hydroxyacetophenone, Tocopheryl Acetate, Phenoxyethanol,Polysilicone11, Benzyl Alcohol, Aminobutyric Acid, Barium Sulfate, Sodium Anisate, Acrylates/C1030 Alkyl Acrylate Crosspolymer, Sodium Stearoyl Glutamate, Sodium Gluconate, Silica, Centella Asiatica, Ethylhexylglycerin, Panax Ginseng Root Extract, Portulaca Oleracea Extract, Diglucosyl Gallic Acid, Dehydroacetic Acid, Trihydroxystearin, Tin Oxide, Sodium Benzoate, Sodium Hyaluronate, Glucomannan, CI 77891 (Titanium Dioxide).",443,11180,0.5,0.0,https://www.sephora.com/product/brighten-i-eye-cream-P448802?icid2=products%20grid:p448802,0.5,19.98
Eye Sleeping Mask,LANEIGE,eye-treatment-dark-circle-treatment,34.0,"Butylene Glycol, Glycerin, Dimethicone, 1,2Hexanediol, Hesperidin, Caffeine, BetaGlucan, Saccharomyces Cerevisiae Extract, Chenopodium Quinoa Seed Extract, Magnesium Sulfate, Calcium Chloride, Manganese Sulfate, Zinc Sulfate, Ascorbyl Glucoside, Adenosine, Triethylhexanoin, Acrylates/C1030 Alkyl Acrylate Crosspolymer, Ammonium Acryloyldimethyltaurate/Beheneth25 Methacrylate Crosspolymer, Glyceryl Caprylate, Propanediol, Ethylhexylglycerin, Potassium Hydroxide, Peg14m, Disodium Edta, Fragrance.",255,41528,0.8,0.0,https://www.sephora.com/product/eye-sleeping-mask-P429237?icid2=products%20grid:p429237,0.8,42.5
Cucumber De-Tox™ Hydra-Gel Eye Patches,Peter Thomas Roth,eye-treatment-dark-circle-treatment,52.0,"Glycerin, Carrageenan, Dipropylene Glycol, Ceratonia Siliqua (Carob) Gum, Cucumis Sativus (Cucumber) Fruit Extract, Aloe Barbadensis Leaf Juice Powder, Caffeine, Arnica Montana Flower Extract, Sodium Hyaluronate,  Ydrolyzed Collagen, Chamomilla Recutita (Matricaria) Flower Extract, Camellia Sinensis Leaf Extract, Tocopheryl Acetate, Niacinamide, Adenosine, Allantoin, Maltodextrin, Ethylhexylglycerin, Butylene Glycol, Calcium Lactate, Ricinus Communis (Castor) Seed Oil, Xanthan Gum, Dextrin, Potassium Chloride, Disodium EDTA, Peg60 Hydrogenated Castor Oil, Chlorphenesin, Phenoxyethanol, Mica, Fragrance, Yellow 5 (Ci 19140), Blue 1 (Ci 42090).",305,34140,0.0,0.0,https://www.sephora.com/product/cucumber-de-tox-hydra-gel-eye-patches-P412025?icid2=products%20grid:p412025,0.5181621621621623,100.35468391404129
Barrier+ Triple Lipid-Boost 360° Eye,Skinfix,eye-treatment-dark-circle-treatment,40.0,"Glycerin, C1018 Triglycerides, Caprylyl Caprylate/Caprate, Propanediol, Jojoba Oil/Macadamia Seed Oil Esters, Cetearyl Olivate, Stearyl Alcohol, Octyldodecanol, Caprylic/Capric Triglyceride, Sorbitan Olivate, Behenyl Alcohol, Saccharomyces Cerevisiae Extract, Oryza Sativa (Rice) Bran Extract, Rosmarinus Officinalis (Rosemary) Leaf Extract, Helianthus Annuus (Sunflower) Extract, Medicago Sativa (Alfalfa) Seed Extract, Phytosteryl Macadamiate, Trisodium Ethylenediamine Disuccinate, Aloe Barbadensis Leaf Juice, Hydrolyzed Lupine Protein, Gluconolactone, Phytosterols, Chondrus Crispus Extract, Squalene, Phytosteryl Canola Glycerides, Hydrogenated Vegetable Oil, Ethylhexylglycerin, Dilinoleic Acid/Propanediol Copolymer, Myristyl Myristate, Xanthan Gum, Citric Acid, Sodium Benzoate, Phenoxyethanol, Potassium Sorbate.",297,16524,0.5,0.0,https://www.sephora.com/product/barrier-lipid-boost-360-eye-P442838?icid2=products%20grid:p442838,0.5,80.0
Luminous Deep Hydration Firming Eye Serum,Tatcha,eye-treatment-dark-circle-treatment,85.0,"Glycerin, Propanediol, Peg400, Squalane (Olive Origin), Sericin (Silk Extract), Camellia Sinensis (Green Tea) Leaf Extract, Origanum Majorana Leaf Extract, Panax Ginseng Root Extract, Lonicera Japonica (Honeysuckle) Leaf Extract, Stearyl Glycyrrhetinate (Licorice), Caffeine, Royal Jelly Extract, Thymus Serpillum Extract, Gold, Algae Extract, Hydrolyzed Hyaluronic Acid, Persea Gratissima (Avocado) Oil, Prunus Armeniaca (Apricot) Kernel Oil, Rosa Canina Fruit Oil, Inositol (Rice Extract), Helianthus Annuus (Sunflower) Seed Oil, Hydrogenated Lecithin, Sodium Hyaluronate Crosspolymer, Glycosyl Trehalose, Hydrogenated Starch Hydrolysate, Potassium Hydroxide, Sodium Dilauramidoglutamide Lysine, Natto Gum, Xanthan Gum, Disodium Edta, Sorbitan Stearate, Dimethicone, Dipentaerythrityl Hexahydroxystearate, Carbomer, Mica, Tin Oxide, Titanium Dioxide, Butylene Glycol, Pentylene Glycol, Sodium Chloride, Ethylhexylglycerin, Behenyl Alcohol, Alcohol, Phenoxyethanol.",121,28462,0.5,0.0,https://www.sephora.com/product/luminous-deep-hydration-firming-eye-serum-P403821?icid2=products%20grid:p403821,0.5,170.0
Essential Fx Acyl-Glutathione Eyelid Lift Serum,Perricone MD,eye-treatment-dark-circle-treatment,122.0,"Propanediol, Pantethine, Glycerin, Tetrahexyldecyl Ascorbate, SPalmitoylglutathione, Dimethyl MEA, Palmitoyl Tripeptide38, Acetyl Tyrosine, Avena Sativa (Oat) Kernel Extract, Xanthan Gum, Macadamia Ternifolia Seed Oil, Linum Usitatissimum (Linseed) Seed Oil, Salvia Hispanica Seed Oil, Silica Cetyl Silylate, Ethylhexylglycerin, Sodium Hyaluronate, Helianthus Annuus (Sunflower) Seed Oil, Rosmarinus Officinalis (Rosemary) Leaf Extract, Tetrasodium Glutamate Diacetate, Acrylates/C1030 Alkyl Acrylate Crosspolymer, Caprylyl Glycol, Hydroxypropyl Cyclodextrin, Phenoxyethanol, Silica, Titanium Dioxide (Ci 77891), Iron Oxides (Ci 77491).",144,2936,0.5,0.0,https://www.sephora.com/product/essential-fx-acyl-glutathione-eyelid-lift-serum-P433950?icid2=products%20grid:p433950,0.5,244.0
"Eye Duty Triple Remedy: Brighten, Depuff and Smooth",First Aid Beauty,eye-treatment-dark-circle-treatment,36.0,"Titanium Dioxide, Glycerin, Cyclopentasiloxane, Dimethicone, Pentylene Glycol, Isononyl Isononanoate, Polyglyceryl3 Polydimethylsiloxyethyl Dimethicone, Hydroxyethyl Acrylate/Sodium Acryloyldimethyl Taurate Copolymer, Silica, Palmitoyl Hexapeptide12, Palmitoyl Tetrapeptide7, Caffeine, Glycyrrhiza Glabra (Licorice) Root Extract, Chrysanthemum Parthenium (Feverfew) Extract, Camellia Sinensis Leaf Extract,  Diethylhexyl Syringylidenemalonate, Isopropyl Titanium Triisostearate, Sorbitan Isostearate, Stearalkonium Hectorite, Hydrogenated Phosphatidylcholine, Corallina Officinalis Extract, Aminobutyric Acid, Ethylhexyl Methoxycrylene, Isopropyl Myristate, Isohexadecane, Hydrogenated Lecithin, Propylene Carbonate, Polyhydroxystearic Acid, Sodium Lactate, Stearic Acid, Aluminum Hydroxide, Polyester8, Butylene Glycol, Sodium Polymethacrylate, Carbomer, Polysorbate 20, Polysorbate 60, Phenoxyethanol, Polysilicone11, Xanthan Gum, Sodium Benzoate, Potassium Sorbate, CI 77491/77492 (Iron Oxides).",721,49888,0.34,0.0,https://www.sephora.com/product/eye-duty-triple-remedy-brighten-depuff-smooth-P385329?icid2=products%20grid:p385329,0.34,105.88235294117646
Extra Eye Repair Cream,Bobbi Brown,eye-treatment-dark-circle-treatment,79.0,"Petrolatum, Dimethicone, Butyrospermum Parkii (Shea Butter), Glycerin, Ceresin, Phenyl Trimethicone, Acetyl Glucosamine, Pentylene Glycol, Lauryl Peg9 Polydimethylsiloxyethyl Dimethicone, Lanolin Alcohol, Camellia Sinensis (Green Tea) Leaf Extract, Olea Europaea (Olive) Fruit Extract, Triticum Vulgare (Wheat Bran) Extract, Scutellaria Baicalensis Root Extract, Ascophyllum Nodosum Extract, Asparagopsis Armata Extract, Pyrus Malus (Apple) Fruit Extract, Morus Bombycis (Mulberry) Root Extract, Salvia Sclarea (Clary) Extract, Oenothera Biennis (Evening Primrose) Oil, Limnanthes Alba (Meadowfoam) Seed Oil, Vitis Vinifera (Grape) Seed Oil, Tocopheryl Acetate, Caffeine, Sucrose, Silica, Cholesterol, Sorbitol, DiC1215 Alkyl Fumarate, Peg30 Dipolyhydroxystearate, Behenyl Alcohol, Hydroxystearic Acid, Micrococcus Lysate, Peg8 Distearate, Acetyl Hexapeptide8, Trehalose, Linoleic Acid, Butylene Glycol, Sodium Hyaluronate, Lecithin, Potassium Stearate, Potassium Palmitate, Fragrance, Sodium Chloride, Trisodium Edta, Limonene, Benzyl Salicylate, Chlorphenesin, Phenoxyethanol <iln35827></iln35827>",143,10574,0.5,0.0,https://www.sephora.com/product/extra-eye-repair-cream-P270600?icid2=products%20grid:p270600,0.5,158.0
FAB Skin Lab Retinol Eye Cream with Triple Hyaluronic Acid,First Aid Beauty,eye-treatment-dark-circle-treatment,42.0,"Caprylic/Capric Triglyceride, Polymethyl Methacrylate, Glycerin, Squalane, Glyceryl Stearate, Butylene Glycol, Vinyl Dimethicone/Methicone Silsesquioxane Crosspolymer, Polysorbate 20, Glyceryl Stearate Citrate, Butyrospermum Parkii (Shea) Butter, Magnesium Ascorbyl Phosphate, Retinol, Caffeine, Ceramide NG, Palmitoyl Tripeptide1, Tocopherol, Allantoin, Sodium Hyaluronate, Atelocollagen, Avena Sativa (Oat) Kernel Extract, Sodium Chondroitin Sulfate, Hydroxypropyl Cyclodextrin, Aloe Barbadensis Leaf Juice Powder, Linoleic Acid, Phytosteryl Canola Glycerides, Palmitic Acid, Oleic Acid, Stearic Acid, Triolein, Cholesterol, Sodium Acrylates Copolymer, Hydrogenated Lecithin, Lecithin, Sodium Polyacrylate, Polysilicone11, Xanthan Gum, Caprylyl Glycol, Mica, Ethylhexylglycerin, Polyglyceryl3 Stearate, Hydrogenated Poly(C612 Olefin), Stearyl Alcohol, Cetyl Alcohol, Polyethylene, Ethylene/Propylene/Styrene Copolymer, Butylene/Ethylene/Styrene Copolymer, Pentaerythrityl Tetraditbutyl Hydroxyhydrocinnamate, Steareth30, Dipropylene Glycol, Phenoxyethanol, Chlorphenesin, Tin Oxide, Citric Acid, CI 77891 (Titanium Dioxide).",63,15633,0.5,0.0,https://www.sephora.com/product/fab-skin-labe-retinol-eye-cream-triple-hyaluronic-acid-P442713?icid2=products%20grid:p442713,0.5,84.0
Advanced Génifique Eye Cream,Lancôme,eye-treatment-dark-circle-treatment,67.0,"Cyclohexasiloxane, Bifida ferment lysate, Glycerin, Propanediol, Alcohol denat, Polysilicone11, Dimethicone, Polymethylsilsesquioxane, Dic1213 alkyl malate, Ammonium polyacryloyldimethyl taurate, Ci 77891 / titanium dioxide, Ascorbyl glucoside, Mica, Lactobacillus ferment, Hydrogenated vegetable oil, Sodium hyaluronate, Sodium benzoate, Hydrolyzed wheat protein, Sodium dehydroacetate, Sodium succinate, Phenoxyethanol, Adenosine, Faex extract / yeast extract, Ptfe, Peg10 dimethicone, Arginine, TriethanolamineChlorphenesin, Chlorhexidine digluconate, Polygonum fagopyrum seed extract / buckwheat seed extract, Silica, Salicyloyl phytosphingosine, Chlorella vulgaris extract, Dimethiconol, Limonene, Pentylene glycol, Synthetic fluorphlogopite, Linalool, Pentaerythrityl tetraditbutyl hydroxyhydrocinnamate, Biosaccharide gum1, Caprylic/capric triglyceride, Carbomer, Boron nitride, Acrylates/c1030 alkyl acrylate crosspolymer, Geraniol, Bispeg/ppg16/16 peg/ppg16/16 dimethicone, Disodium edta, Ceteareth20, Potassium cetyl phosphate, Citronellol, Methionine, Potassium sorbate, Glycine, Fragrance.",271,13362,0.0,0.5,https://www.sephora.com/product/genifique-eye-youth-activating-eye-concentrate-P247905?icid2=products%20grid:p247905,0.5,134.0
Eye Contour Lifting Cream with Diamond Powder,LANCER Skincare,eye-treatment-dark-circle-treatment,95.0,"Isopropyl Isostearate, Synthetic Fluorphlogopite, Stearic Acid, Butyrospermum Parkii (Shea) Butter, BisDiglyceryl Polyacyladipate2, Caprylic/Capric/Myristic/Stearic Triglyceride, Glycerin, Propanediol, Pentaerythrityl Tetraisostearate, Glyceryl Stearate, Dimethcone, Polymethylsilsesquioxane, Cetearyl Alcohol, Squalane, Polydimethylsiloxane/Polymethylsilsesquioxane Copolymer, Phospholipids, Hyaluronic Acid, Hexapeptide48HCL, Saccharomyces Cerevisiae Extract, Medicago Sativa (Alfalfa) Seed Extract, Hydrolyzed Lupine Protein, Glycine Soja (Soybean) Extract, Steareth20, NHydroxysuccinimide, Palmitoyl Oligopeptide, Chrysin, Palmitoyl Tetrapeptide7, Diamond Powder, Cyclopentasiloxane, Cyclohexasiloxane, Panthenol, Sodium PCA, Caffeine, PEG100 Sterarate, Beeswax, Disodium EDTA, Ethylhexylglycerin, Aminomethyl Propanol, Acrylates/C1030 Alkyl Acrylate Crosspolymer, Xanthan Gum, Phenoxyethanol, Chlorphenesin, Caprylyl Glycol.",178,6763,0.5,0.0,https://www.sephora.com/product/eye-contour-lifting-cream-diamond-powder-P399748?icid2=products%20grid:p399748,0.5,190.0
Water Bank Eye Gel,LANEIGE,eye-treatment-dark-circle-treatment,39.0,"Glycerin, Butylene Glycol, Cyclopentasiloxane, Cyclohexasiloxane, Chenopodium Quinoa Seed Extract, Magnesium Sulfate, Zinc Sulfate, Manganese Sulfate, Calcium Chloride, Ascorbyl Glucoside, Vaccinium Myrtillus Fruit / Leaf Extract, Saccharum Officinarum (Sugar Cane) Extract, Citrus Medica Limonum (Lemon) Fruit Extract, Citrus Aurantium Dulcis (Orange) Fruit Extract, Acer Saccharum (Sugar Maple) Extract, Hydroxyethyl Acrylate / Sodium Acryloyldimethyl Taurate Copolymer, Dimethicone Crosspolymer, Polyacrylate13, Pentaerythrityl Tetraethylhexanoate, Hydrogenated Vegetable Oil, PCA Dimethicone, PEG100 Stearate, Cyclomethicone, Glyceryl Stearate, Polyisobutene, Dimethiconol, Dimethicone, Phenyl Trimethicone, Ethylhexylglycerin, Polysorbate 20, Acrylates / C1030 Alkyl Acrylate Crosspolymer, Tromethamine, Disodium EDTA, Fragrance.",181,24269,0.8,0.0,https://www.sephora.com/product/water-bank-eye-gel-P420657?icid2=products%20grid:p420657,0.8,48.75
Maracuja C-Brighter™ Eye Treatment,tarte,eye-treatment-dark-circle-treatment,38.0,"Glycerin, Butylene Glycol, Mangifera Indica (Mango) Seed Butter, Dimethicone, Hydrogenated Castor Oil Isostearate, Polyglyceryl10 Pentastearate, Behenyl Alcohol, Cocos Nucifera (Coconut) Oil, Pentaerythrityl Tetraethylhexanoate, Tetrahexyldecyl Ascorbate, Caprylyl Methicone, Cetearyl Alcohol, Glyceryl Stearate, Sodium Stearoyl Lactylate, Panthenol, Caprylyl Glycol, Alcohol, Squalane, Polysorbate 80, Sodium Polyacrylate, Hydroxyethyl Acrylate/Sodium Acryloyldimethyl Taurate Copolymer, Cyclopentasiloxane, Mica, Dipropylene Glycol, Sodium Acrylate/Sodium Acryloyldimethyl Taurate Copolymer, Glycosphingolipids, Hordeum Vulgare Extract, Tocotrienols, Isohexadecane, Elaeis Guineensis (Palm) Oil, Tocopheryl Acetate, Dimethiconol, Dipotassium Glycyrrhizate, Chlorella Vulgaris Extract, Phospholipids, Adenosine, Tocopherol, Polysorbate 60, Sodium Hyaluronate, Sorbitan Isostearate, Disodium EDTA, 1,2Hexanediol, BetaGlucan, Passiflora Edulis Seed Oil, Ascorbyl Palmitate, Retinyl Palmitate, Phenoxyethanol, Sodium Benzoate, Titanium Dioxide (CI 77891).",846,42378,0.35,0.0,https://www.sephora.com/product/maracuja-c-brighter-eye-treatment-P377545?icid2=products%20grid:p377545,0.35,108.57142857142858
Resveratrol Lift Hyaluronic Acid Eye Lifting Balm,Caudalie,eye-treatment-dark-circle-treatment,62.0,"Glycerin*, Butylene Glycol*, CocoCaprylate*, Isoamyl Laurate*, Albizia Julibrissin Bark Extract*, Polyacrylate Crosspolymer6, Sodium Polyacrylate, Ethylhexylglycerin, Glycol Palmitate, Palmitoyl Grapevine Shoot Extract*, Tocopherol*, Caprylyl Glycol, Sorbitan Laurate*, Xanthan Gum, Picea Abies Wood Extract*, Benzyl Alcohol, Hydrolyzed Hyaluronic Acid, Carbomer, Hydroxyethylcellulose*, Acetyl Dipeptide1 Cetyl Ester, Sodium Phytate*, Acrylates/C1030 Alkyl Acrylate Crosspolymer, Hyaluronic Acid, Sodium Benzoate, Darutoside*. *Plant Origin",219,17512,0.5,0.0,https://www.sephora.com/product/resveratrol-lift-eye-lifting-balm-P400610?icid2=products%20grid:p400610,0.5,124.0
The Eye Balm Intense,La Mer,eye-treatment-dark-circle-treatment,225.0,"Water\Aqua\Eau, Seaweed (Algae) Extract, Butyrospermum Parkii (Shea Butter), Butylene Glycol, Polyethylene, Hydrogenated Polyisobutene, Dimethicone, Cetyl Esters, Cetearyl Alcohol, Malachite, Polybutene, Isostearyl Neopentanoate, Silica, Trisiloxane, Yeast Extract\Faex\Extrait De Levure, Caffeine, Cholesterol, Ascophyllum Nodosum Extract, Asparagopsis Armata Extract, Gelidium Cartilagineum Extract, Saccharomyces Lysate Extract, Sesamum Indicum (Sesame) Seed Oil, Eucalyptus Globulus (Eucalyptus) Leaf Oil, Sesamum Indicum (Sesame) Seed, Medicago Sativa (Alfalfa) Seed Powder, Helianthus Annuus (Sunflower) Seedcake, Prunus Amygdalus Dulcis (Sweet Almond) Seed Meal, Sodium Gluconate, Potassium Gluconate, Copper Gluconate, Calcium Gluconate, Magnesium Gluconate, Zinc Gluconate, Tocopheryl Succinate, Niacin, Sigesbeckia Orientalis (St. Paul's Wort) Extract, Whey Protein\Lactis Protein\Proteine Du PetitLait, Sucrose, Elaeis Guineensis (Palm) Oil, Methyl Glucose Sesquistearate, Cetearyl Glucoside, Glycerin, Aminomethyl Propanol, Glyceryl Distearate, Tetraacetylphytosphingosine, Linoleic Acid, Sorbitol, Acrylates/C1030 Alkyl Acrylate Crosspolymer, Steareth10, Magnesium Ascorbyl Phosphate, Vinyl Dimethicone/Methicone Silsesquioxane Crosspolymer, Sodium Hyaluronate, Tocotrienols, Hexylene Glycol, Phytosphingosine, Isododecane, Tocopherol, Squalene, Propylene Glycol Dioctanoate, Phytosterols, Trimethylsiloxysilicate, Caprylyl Glycol, Acetyl Hexapeptide8, Carbomer, Fragrance (Parfum), Tourmaline, Disodium Edta, Sodium Dehydroacetate, Phenoxyethanol, Linalool, Limonene, Benzyl Salicylate, Blue 1 (Ci 42090), Yellow 5 (Ci 19140), Titanium Dioxide (Ci 77891), Green 5 (Ci 61570).",35,7312,0.5,0.0,https://www.sephora.com/product/the-eye-balm-intense-P417111?icid2=products%20grid:p417111,0.5,450.0
SEA Pack Your Bags Undereye Patches,tarte,eye-treatment-dark-circle-treatment,22.0,"Glycerin, Butylene Glycol, Mannitol, Sodium Polyglutamate, Algin, Chondrus Crispus Powder, Laureth21, Polyglyceryl10 Laurate, Cocos Nucifera (Coconut) Oil, Carbomer, Sodium Lactate, Polysorbate 20, Hydroxypropyl Cyclodextrin, Algae Extract, Gardenia Taitensis Flower Extract, Palmaria Palmata Extract, Palmitoyl Pentapeptide4, Tocopherol, Phenoxyethanol, Iodopropynyl Butylcarbamate",257,43846,0.0,0.0,https://www.sephora.com/product/sea-pack-your-bags-undereye-patches-P409630?icid2=products%20grid:p409630,0.5181621621621623,42.457750886709775
Stress SOS Eye Cream™ with Niacinamide,Dr. Dennis Gross Skincare,eye-treatment-dark-circle-treatment,65.0,"B3Adaptive SuperFoods™ Microcapsule Complex*, Glycerin*, C1215 Alkyl Benzoate, Pentylene Glycol, Caprylic/Capric Triglyceride, Niacinamide*, Aminobutyric Acid, Glyceryl Stearate, Lepidium Meyenii (Maca) Root Extract*, Lycium Barbarum (Goji Berry) Fruit Extract*, Cordyceps Sinensis (Mushroom) Extract*, Euterpe Oleracea (Açaí) Fruit Extract*,  Cucumis Sativus (Cucumber) Fruit Extract*, Glycyrrhiza Glabra (Licorice) Root Extract*, Rhodiola Rosea Root Extract*, Asparagus Racemosus (Shatavari) Root Extract*, Trametes Versicolor (Mushroom) Extract*, Coffea Arabica (Coffee) Seed Extract*,  Echinacea Angustifolia Extract*, Phyllanthus Emblica Fruit Extract*, Arnica Montana Flower Extract*, Squalane*, Biotin*, Lecithin*, Hydrogenated Phosphatidylcholine*, Lysolecithin*, BetaSitosterol*, Ethylhexyl Palmitate*, Adenosine, Chrysin, Hesperidin Methyl Chalcone, NHydroxysuccinimide, Dipeptide2, Palmitoyl Tetrapeptide7, Palmitoyl Tripeptide1, Palmitoyl Hexapeptide12, Arginine, Hydrolyzed Soy Protein, Ceramide NG, Porphyridium Cruentum Extract, Ascorbic Acid, Tocopherol, Citric Acid, Lactic Acid, Tribehenin, Maltodextrin, Hydroxypropyl Methylcellulose, Pullulan, Trisodium Ethylenediamine Disuccinate, Sodium Citrate, Phytic Acid, Polysorbate 60, PEG10 Phytosterol, Acrylates/C1030 Alkyl Acrylate Crosspolymer, Hydroxyethyl Acrylate/Sodium Acryloyldimethyl Taurate Copolymer, Glyceryl Polyacrylate, PEG40 Stearate, Steareth20, Butylene Glycol, Phenoxyethanol, Potassium Sorbate, Sodium Benzoate, Mica (CI 77019), Titanium Dioxide (CI 77891).",186,1423,0.5,0.0,https://www.sephora.com/product/dr-dennis-gross-skincare-sos-eye-cream-with-niacinamide-P453820?icid2=products%20grid:p453820,0.5,130.0
Super Restorative Total Eye Concentrate,Clarins,eye-treatment-dark-circle-treatment,85.0,"Glycerin, Caprylic/Capric Triglyceride, Cetearyl Alcohol, Betaine, Hydrogenated CocoGlycerides, Pentylene Glycol, Panthenol, Glyceryl Stearate, Peg100 Stearate, Theobroma Grandiflorum Seed Butter, Cetearyl Glucoside, Albizia Julibrissin Bark Extract, Acacia Farnesiana Flower Wax, Caffeine, Steareth21, Dimethicone, Phenoxyethanol, Carbomer, Ethylhexylglycerin, Tocopheryl Acetate, Mica, Polymethyl Methacrylate, Disodium Edta, Escin, Parfum/Fragrance, Ci 77891/Titanium Dioxide, Butylene Glycol, Dimethiconol, Sodium Hydroxide, Alcohol, Harungana Madagascariensis Extract, Olea Europaea (Olive) Fruit Extract, Paullinia Cupana Seed Extract, Sodium Benzoate, Acetyl Tetrapeptide2, Dextran.",204,9125,0.5,0.0,https://www.sephora.com/product/super-restorative-total-eye-concentrate-P95040?icid2=products%20grid:p95040,0.5,170.0
The Lifting Eye Serum,La Mer,eye-treatment-dark-circle-treatment,260.0,"Declustered Water ()\Aqua\Eau DeStructuree (), Declustered Water (+)\Aqua\Eau DeStructuree (+), Propanediol, Glycerin, Algae (Seaweed) Extract, Prunus Amygdalus Dulcis (Sweet Almond) Seed Extract, Sesamum Indicum (Sesame) Seed Oil, Medicago Sativa (Alfalfa) Seed Powder, Helianthus Annuus (Sunflower) Seedcake, Prunus Amygdalus Dulcis (Sweet Almond) Seed Meal, Eucalyptus Globulus (Eucalyptus) Leaf Oil, Sodium Gluconate, Copper Gluconate, Calcium Gluconate, Magnesium Gluconate, Zinc Gluconate, Tocopheryl Succinate, Niacin, Sesamum Indicum (Sesame) Seed Powder, Sucrose, Pyrus Malus (Apple) Fruit Extract, Citrullus Vulgaris (Watermelon) Fruit Extract, Porphyridium Cruentum Extract, Lens Esculenta (Lentil) Fruit Extract, Laminaria Digitata Extract, Saccharomyces Lysate Extract, Ascophyllum Nodosum Extract, Plankton Extract, Helichrysum Arenarium (Everlasting) Extract, Citrus Aurantifolia (Lime) Peel Extract, Tourmaline, Sigesbeckia Orientalis (St. Paul's Wort) Extract, Asparagopsis Armata Extract, Acetyl Hexapeptide8, Caffeine, Pullulan, Trehalose, Sodium Lactate, Sorbitol, Sodium Pca, Styrene/Vp Copolymer, Hydroxypropyl Methylcellulose, Sodium Hyaluronate, Hexylene Glycol, Butylene Glycol, Vinyl Dimethicone/Methicone Silsesquioxane Crosspolymer, Alcohol Denat., Xanthan Gum, Isododecane, Fragrance (Parfum), Ethylhexylglycerin, Caprylyl Glycol, Trimethylsiloxysilicate, Disodium Edta, Phenoxyethanol, Green 5 (Ci 61570), Blue 1 (Ci 42090).",9,5449,0.5,0.0,https://www.sephora.com/product/the-lifting-eye-serum-P417110?icid2=products%20grid:p417110,0.5,520.0
Rose Hydrating Eye Gel Cream,Fresh,eye-treatment-dark-circle-treatment,41.0,"MethylTrimethicone, Glycerin, Propanediol, Polyglycerin3,Squalane, Butylene Glycol, Dimethicone/Vinyl Dimethicone Crosspolymer, Hydroxyethyl Acrylate/Sodium Acryloyldimethyl Taurate Copolymer, GlycerylOleate Citrate, Dimethicone, Rosa DamascenaFlower Chlorella Vulgaris Extract, Rosa Damascena Extract, Cucumis Sativus (Cucumber) FruitExtract, Voandzeia Subterranea Seed Extract, Rhodiola Crenulata Root Extract, Rosa Damascena FlowerOil, Tocopheryl Acetate, Diphenylsiloxy PhenylTrimethicone, Caprylic/Capric Triglyceride, Poloxamer 407, Dimethicone/Phenyl Vinyl DimethiconeCrosspolymer, PEG6, Polysorbate 60, SorbitanIsostearate, Xanthan Gum, Sodium Hyaluronate,Sodium Citrate, Citric Acid, Disodium Phosphate,Biosaccharide Gum2, C1214 Pareth12, SodiumBenzoate, Potassium Sorbate, Phenoxyethanol,Caramel, Citronellol, Geraniol.",507,36389,0.5,0.0,https://www.sephora.com/product/rose-hydrating-eye-gel-cream-P386741?icid2=products%20grid:p386741,0.5,82.0
Renewing Eye Cream,Murad,eye-treatment-dark-circle-treatment,82.0,"Butylene Glycol, Tricaprylyl Citrate, Pentylene Glycol, BisDiglyceryl Polyacyladipate2, Jojoba Esters, Glycerin, Boron Nitride, Caprylic/Capric/Myristic/Stearic Triglyceride, Cetyl Alcohol, Stearic Acid, Glyceryl Stearate, PEG100 Stearate, Citrus Unshiu Peel Extract, Mangifera Indica (Mango) Seed Butter, Dimethicone, Cetyl Phosphate, Urea, Yeast Amino Acids, Trehalose, Inositol, Taurine, Betaine, Glycine Soja (Soybean) Seed Extract, Iris Florentina Root Extract, Dioscorea Villosa (Wild Yam) Root Extract, Glycine Soja (Soybean) Sterols, Trifolium Pratense (Clover) Flower Extract, Palmitoyl Oligopeptide, Palmitoyl Tetrapeptide7, Retinol, Sodium Hyaluronate, Serenoa Serrulata Fruit Extract, Oenothera Biennis (Evening Primrose) Oil, Tocopherol, Ascorbyl Palmitate, Borago Officinalis Seed Oil, Dipeptide2, Hesperidin Methyl Chalcone, Caprylic/Capric Triglyceride, Sodium PCA, Panthenol, Oleyl Alcohol, Steareth20, Lecithin, Carbomer, Polysorbate 20, Sodium Potassium Aluminum Silicate, Aminomethyl Propanol, Disodium EDTA, Silica, Phenoxyethanol, Caprylyl Glycol, Chlorphenesin, Titanium Dioxide (CI 77891).",218,9726,0.5,0.0,https://www.sephora.com/product/renewing-eye-cream-P107306?icid2=products%20grid:p107306,0.5,164.0
5 in 1 Eye Cream,First Aid Beauty,eye-treatment-dark-circle-treatment,32.0,"Glycerin, Dimethicone, C1215 Alkyl Benzoate, Sodium Polyacrylate, Ethylhexyl Palmitate, Silica, Palmitoyl Hexapeptide12, Palmitoyl Tetrapeptide7, Enteromorpha Compressa Extract, AlphaArbutin, Niacinamide, Caesalpinia Spinosa Gum, Sodium Lactate, Bisabolol, Camellia Sinensis Leaf Extract, Chrysanthemum Parthenium (Feverfew) Extract, Glycyrrhiza Glabra (Licorice) Root Extract, Hydrogenated Lecithin, Caprylyl Methicone, Sodium PCA, Hydrogenated Phosphatidylcholine, Polysorbate 60, Sodium Isostearate, Carbomer, Polysorbate 20, Butylene Glycol, Hydroxyethyl Acrylate/Sodium Acryloyldimethyltaurate Copolymer, Phenyl Methicone, Polysilicone11, Glyceryl Polyacrylate,  Xanthan Gum, Phenoxyethanol, Sodium Hydroxide, Potassium Sorbate, Sodium Benzoate.",294,22041,0.5,0.0,https://www.sephora.com/product/5-in-1-eye-cream-P288522?icid2=products%20grid:p288522,0.5,64.0
Superfood Hydrate + Firm Peptide Eye Cream,Youth To The People,eye-treatment-dark-circle-treatment,35.0,"Organic Glycerin, Organic Brassica Oleracea (Kale) Leaf Extract, OrganicSpinacia Oleracea (Spinach) Leaf Extract, Organic Camellia Sinensis (Green Tea) Leaf Extract,Organic Chamomilla Recutita (Matricaria) Flower Extract, Organic Medicago Sativa (Alfalfa)Extract, Organic Aloe Barbadensis (Aloe) Leaf Extract, Organic Spirulina Platensis (Spirulina)Extract, Palmitoyl Tripeptide5, Palmitoyl Dipeptide5 Diaminobutyroyl Hydroxythreonine,Tetradecyl Aminobutyroylvalylaminobutyric Urea Trifluoroacetate, Sodium HyaluronateCrosspolymer, Helianthus Annuus (Sunflower) Seed Oil, Stearic Acid, Glyceryl Stearate, CetylAlcohol, Lecithin, Ascorbic Acid (Vitamin C), Panthenol (Vitamin B5), Sodium Hyaluronate,Tocopheryl Acetate (Vitamin E), Natural Fragrance, Hydroxyethylcellulose, Pentylene Glycol,Ethylhexylglycerin, Magnesium Chloride, Phenoxyethanol, Potassium Sorbate.",200,19447,0.5,0.0,https://www.sephora.com/product/kale-aloe-sunflower-oil-tripeptide-5-age-prevention-superfood-eye-cream-P416923?icid2=products%20grid:p416923,0.5,70.0
Eye Mask - Cucumber - Anti-Puffiness,SEPHORA COLLECTION,eye-treatment-dark-circle-treatment,5.0,"Butylene Glycol, Glyceri,  Aloe Barbadensis Leaf Juice, Niacinamide, Mannitol, 1,2Hexanediol,  Hydroxyacetophenone,  Fraxinus Excelsior Bark Extract, Xanthan Gum, Ammonium Glycyrrhizate,  Hydrolyzed Sclerotium Gum, Dipotassium Glycyrrhizate, Glycolic Acid, Fragrance, Caffeine, Potassium Citrate , Zinc Gluconate, Chenopodium Quinoa Seed Extract, Cucumis Sativus (Cucumber) Fruit Extract, Aesculus Hippocastanum (Horse Chestnut) Seed Extract, Silanetriol, Potassium Sorbate,  Citric Acid,  Sodium Benzoate, Phenoxyethanol.",24,2510,0.0,0.0,https://www.sephora.com/product/eye-mask-cucumber-P432072?icid2=products%20grid:p432072,0.5181621621621623,9.649488837888585
VineActiv Vitamin C Energizing Eye Cream,Caudalie,eye-treatment-dark-circle-treatment,39.0,"Glycerin*, Butylene Glycol, Isononyl IsononanoateCaprylic/Capric Triglyceride*, Cetearyl Alcohol*, Hydrogenated Vegetable Oil*, Peg2Stearate, Cetyl Alcohol*, Tocopheryl Acetate*, Palmitoyl Grape Seed Extract*, Carbomer, Ethylhexylglycerin, Arginine*, Cyathea Cumingii Leaf Extract*, Escin*, Ammonium Glycyrrhizate*, Caprylyl Glycol, Hamamelis Virginiana (Witch Hazel) Leaf Extract*, Calendula Officinalis Flower Extract*, Xanthan Gum, Picea Abies Extract*, Tocopherol*, Helianthus Annuus (Sunflower) Seed Oil*, Ascorbyl Tetraisopalmitate, Sodium Phytate*, Polysorbate 20, Glyceryl Caprylate*, Cinnamic Acid*, Levulinic Acid*, Sodium Levulinate*, Palmitoyl Tripeptide1, Palmitoyl Tetrapeptide7, Citric Acid* (194/002 ) *. Plant Origin",140,13042,0.0,0.0,https://www.sephora.com/product/vine-activ-energizing-smoothing-eye-cream-P417120?icid2=products%20grid:p417120,0.5181621621621623,75.26601293553097
Crème Ancienne® Eye Cream,Fresh,eye-treatment-dark-circle-treatment,128.0,"Limnanthes Alba (Meadowfoam) Seed Oil, Simmondsia Chinensis (Jojoba) Seed Oil, Water (Aqua), Beeswax (Cera Alba), Pentylene Glycol, Corn Starch Modified, Butylene Glycol, Sodium Carbonate Decahydrate, Anona Squamosa Seed Extract, Sucrose Tetrastearate Triacetate, Hippophae Rhamnoides Oil, Limonene, Citrus Medica Limonum (Lemon) Peel Oil, Phenoxyethanol, Osmanthus Fragrans Flower Extract, Rosa Damascena Flower Anthemis Nobilis Flower Oil, Ethylhexylglycerin, Tocopherol, Citronellol, Geraniol, Rosmarinus Officinalis (Rosemary) Leaf Extract",116,8696,0.5,0.0,https://www.sephora.com/product/creme-ancienne-eye-cream-P268416?icid2=products%20grid:p268416,0.5,256.0
Advanced Génifique Yeux Light-Pearl™ Eye Illuminator Youth Activating Concentrate ,Lancôme,eye-treatment-dark-circle-treatment,70.0,"Bifida Ferment Lysate, Propanediol, Glycerin, Alcohol Denat., Dimethicone, C1314 Isoparaffin, Escin, Tocopheryl Acetate, Sodium Benzoate, Phenoxyethanol, Adenosine, Caffeine, Polyacrylamide, Chlorphenesin, Polymethylsilsesquioxane, Chlorella Vulgaris Extract, Salicyloyl Phytosphingosine, Dimethicone/Vinyl Dimethicone Crosspolymer, Ammonium Polyacryldimethyltauramide / Ammonium Polyacryloyldimethyl Taurate, Dimethiconol, Pentaerythrityl Tetraethylhexanoate, Xanthan Gum, Caprylic/Capric Triglyceride, BisPeg/Ppg16/16 Peg/Ppg16/16 Dimethicone, Bht, Laureth7.",965,13267,0.67,0.0,https://www.sephora.com/product/advanced-genifique-yeux-light-pearl-eye-illuminator-youth-activating-concentrate-P375841?icid2=products%20grid:p375841,0.67,104.4776119402985
Pep-Start Eye Cream,CLINIQUE,eye-treatment-dark-circle-treatment,27.5,"Glycerin , Butylene Glycol , Butyrospermum Parkii (Shea Butter) , Squalane , Cetyl Esters , Dimethicone , Methyl Gluceth20 , Polyethylene , Glycereth26 , Polybutene , Sucrose , Magnolia Officinalis Bark Extract , Sigesbeckia Orientalis (St. Paul'S Wort) Extract , Algae Extract , Molasses Extract/Saccharum Officinarum/Extrait De Melasse , Sapindus Mukurossi Fruit Extract , Palmitoyl Tetrapeptide7 , Whey Protein/Lactis Protein/Proteine Du PetitLait , Palmitoyl Hexapeptide12 , Trifluoroacetyl Tripeptide2 , Caffeine , Phytosphingosine , Acetyl Hexapeptide8 , Palmitoyl Tripeptide1 , Yeast Extract/Faex/Extrait De Levure , Glycine Soja (Soybean) Protein , Caesalpinia Spinosa Gum , Acrylates/C1030 Alkyl Acrylate Crosspolymer , Glyceryl Polymethacrylate , Sucrose Stearate , Caprylyl Glycol , Peg8 , Sodium Hyaluronate , Simethicone , Polysorbate 20 , Carbomer , Sodium Hydroxide , Dextran , Hexylene Glycol , Sodium Citrate , Phenoxyethanol , Mica , Titanium Dioxide (Ci 77891) <iln42024></iln42024>",942,46865,0.5,0.0,https://www.sephora.com/product/pep-start-eye-cream-P403817?icid2=products%20grid:p403817,0.5,55.0
Hydrating Eye Cream,Bobbi Brown,eye-treatment-dark-circle-treatment,56.0,"Ethylhexyl Palmitate, Squalane, Butylene Glycol, Cetyl Alcohol, Glyceryl Stearate, Hydrogenated Vegetable Oil, Simmondsia Chinensis (Jojoba) Seed Oil, Persea Gratissima (Avocado) Oil, Hamamelis Virginiana (Witch Hazel) Extract, Aloe Barbadensis Leaf Juice, Cholesterol, Peg100 Stearate, Glycerin, Sodium Pca, Trehalose, Ascorbyl Palmitate, Ethylhexylglycerin, Hydroxyproline, Proline, Acrylates Copolymer, Phytantriol, Glycine, Linoleic Acid, Phytosphingosine, Sodium Hydroxide, Tocopheryl Acetate, Sodium Hyaluronate, Tocopherol, Carbomer, Disodium Edta, Phenoxyethanol.",386,18543,0.0,0.5,https://www.sephora.com/product/hydrating-eye-cream-P270544?icid2=products%20grid:p270544,0.5,112.0
TIME RESPONSE Eye Reserve Crème,AMOREPACIFIC,eye-treatment-dark-circle-treatment,260.0,"Camellia Sinensis Leaf Butylene Glycol, Glycerin, Hydrogenated Poly(C614 Olefin), Butyrospermum Parkii (Shea) Butter, Pentaerythrityl Tetraethylhexanoate, Hydrogenated Olive Oil Lauryl Esters, Jojoba Esters, Methyl Trimethicone, Caprylic/Capric Triglyceride, Diisostearyl Malate, Cetyl Ethylhexanoate, Behenyl Alcohol, Helianthus Annuus (Sunflower) Seed Oil, Propanediol, Hydrogenated Lecithin, Peg40 Stearate, Camellia Sinensis Seed Oil, Arachidyl Alcohol, Betaine, Niacinamide, Polyglyceryl10 Stearate, 1,2 Hexanediol, Hydroxyethyl Acrylate/Sodium Acryloyldimethyl Taurate Copolymer, Glyceryl Stearate, Cetearyl Alcohol, Mica, Arachidyl Glucoside, Fragrance, Titanium Dioxide (Ci 77891), Dipotassium Glycyrrhizate, Caffeine, Glyceryl Caprylate, Dipalmitoyl Hydroxyproline, Acrylates/C1030 Alkyl Acrylate Crosspolymer, Disodium Edta, Ethylhexylglycerin, Adenosine, BetaGlucan, Tromethamine, Sorbitan Isostearate, Polysorbate 60, Palmitic Acid, Natto Gum, Glycine Soja (Soybean) Seed Extract, Theobroma Cacao (Cocoa) Extract, Dextrin, Camellia Sinensis Leaf Extract, Glucose, Tocopherol, Poloxamer 235, Ethoxydiglycol, Epigallocatechin Gallate, Tocophersolan, Poloxamer 338, Phenoxyethanol, Panax Ginseng Root Extract, Magnolia Obovata Bark Extract, Caprylyl Glycol.",13,2505,0.5,0.0,https://www.sephora.com/product/time-response-eye-reserve-creme-P436659?icid2=products%20grid:p436659,0.5,520.0
Repairwear Laser Focus Wrinkle Correcting Eye Cream,CLINIQUE,eye-treatment-dark-circle-treatment,46.0,"Squalane , Butylene Glycol , Ethylhexyl Palmitate , Glycerin , Caprylic/Capric/Myristic/Stearic Triglyceride , Dimethicone , Methyl Gluceth20 , Peg100 Stearate , Cetyl Alcohol , Glyceryl Stearate , Peg8 , Polymethylsilsesquioxane , Hydrogenated Lecithin , Hypnea Musciformis (Algae) Extract , Gellidiela Acerosa (Algae) Extract , Sigesbeckia Orientalis (St. Paul'S Wort) Extract , Crithmum Maritimum Extract , Hordeum Vulgare (Barley) Extract/Extrait D'Orge , Chlorella Vulgaris Extract , Cucumis Sativus (Cucumber) Fruit Extract , Rosmarinus Officinalis (Rosemary) Leaf Extract , Padina Pavonica Thallus Extract , Laminaria Digitata Extract , Camellia Sinensis Leaf Extract , Saccharomyces Ferment Filtrate , Whey Protein/Lactis Protein/Proteine Du PetitLait , Hydrogenated Vegetable Oil , Micrococcus Lysate , Persea Gratissima (Avocado) Sterols , Ergothioneine , Biotin , Acetyl Glucosamine , Caffeine , Lecithin , Palmitoyl Oligopeptide , Glyceryl Polymethacrylate , Caprylic/Capric Triglyceride , Polysilicone11 , Propylene Glycol Dicaprate , Tocopheryl Acetate , Sucrose , Trehalose , Pentylene Glycol , Carbomer , Helianthus Annuus (Sunflower) Seedcake , Tromethamine , Phytosphingosine , Tetrahexyldecyl Ascorbate , Cholesterol , Zinc Pca , Hexylene Glycol , Hydroxyethylcellulose , Sodium Hyaluronate , Potassium Sulfate , Citric Acid , Caprylyl Glycol , Sodium Citrate , Disodium Distyrylbiphenyl Disulfonate , Disodium Edta , Phenoxyethanol , Titanium Dioxide (Ci 77891) <iln39593>",139,8400,0.5,0.0,https://www.sephora.com/product/repairwear-laser-focus-wrinkle-correcting-eye-cream-P377576?icid2=products%20grid:p377576,0.5,92.0
Dew It All Total Eye Cream,Farmacy,eye-treatment-dark-circle-treatment,38.0,"Glycerin, CocoCaprylate/Caprate, Jojoba Esters, 1,2Hexanediol, Copernicia Cerifera (Carnauba) Wax, Cetyl Alcohol, Caprylic/Capric Triglyceride, Cetearyl Alcohol, Candelilla/Jojoba/Rice Bran Polyglyceryl3 Esters, Glyceryl Stearate, Undecane, Adansonia Digitata Seed Oil, Echinacea Purpurea Root Extract, Sodium Stearoyl Lactylate, Tridecane, Arachidyl Alcohol, Ribose, Sodium Stearoyl Glutamate, Butyrospermum Parkii (Shea) Butter, Microcrystalline Cellulose, Xanthan Gum, Behenyl Alcohol, Paeonia Suffruticosa Root Extract, Scutellaria Baicalensis Root Extract, Butylene Glycol, Cetearyl Glucoside, Arachidyl Glucoside, Cellulose Gum, Allantoin, Hydrolyzed Hyaluronic Acid, Gellan Gum, Propanediol, Opuntia FicusIndica Extract, Sodium Phytate, Adenosine, Melia Azadirachta Leaf Extract, Melia Azadirachta Flower Extract, Dictyopteris Polypodioides Extract, Corallina Officinalis Extract, Calendula Officinalis Flower Extract, Chamomilla Recutita (Matricaria) Flower Extract, Curcuma Longa (Turmeric) Root Extract, Coccinia Indica Fruit Extract, Glucose, Aloe Barbadensis Flower Extract, Solanum Melongena (Eggplant) Fruit Extract, Ocimum Basilicum (Basil) Flower/Leaf Extract, Rosa Canina Fruit Extract, Ocimum Sanctum Leaf Extract, Tocopherol, Sodium Benzoate, Lactic Acid, Isopropyl Alcohol, Potassium Sorbate, Sodium Chloride, Sodium Glycolate.",430,27479,0.5,0.0,https://www.sephora.com/product/eye-dew-total-eye-cream-with-echinacea-greenenvy-P400250?icid2=products%20grid:p400250,0.5,76.0
Black Pine Super Eye Serum Defeye Gravity 3D,KORRES,eye-treatment-dark-circle-treatment,65.0,"Glycerin, Ethylene/Acrylic Acid Copolymer, Acrylates/C1030 Alkyl Acrylate Crosspolymer, Albizia Julibrissin Bark Extract, Avena Sativa (Oat) Kernel Extract, Benzyl Alcohol, Butylene Glycol, Ci 77891/Titanium Dioxide, Citric Acid, Copper Lysinate/Prolinate, Darutoside, Epigallocatechin Gallate,Epigallocatechin Gallatyl Glucoside, Glyceryl Stearate Citrate, Hexapeptide11, Hydrolyzed Sodium Hyaluronate, Lonicera Caprifolium (Honeysuckle) Flower Extract, Lonicera Japonica (Honeysuckle) Flower Extract, Methylglucoside Phosphate, Mica, Panthenol, Parfum/Fragrance, Pentylene Glycol,Peucedanum Graveolens (Dill) Extract, Phenoxyethanol, Pinus Nigra Bud/Needle Extract, Poloxamer 338, Polyacrylate Crosspolymer6, Polyglyceryl5 Laurate, Silica, Sodium Benzoate, Sodium Hyaluronate, Sodium Hydroxide, Tamarindus Indica Seed Gum, Xanthan Gum.",125,9244,0.51,0.0,https://www.sephora.com/product/black-pine-3d-sculpting-firming-lifting-super-eye-serum-P418868?icid2=products%20grid:p418868,0.51,127.45098039215686
Repairwear Anti-Gravity Eye Lift Cream,CLINIQUE,eye-treatment-dark-circle-treatment,46.0,"Glycerin, Ethylene/Acrylic Acid Copolymer, Acrylates/C1030 Alkyl Acrylate Crosspolymer, Albizia Julibrissin Bark Extract, Avena Sativa (Oat) Kernel Extract, Benzyl Alcohol, Butylene Glycol, Ci 77891/Titanium Dioxide, Citric Acid, Copper Lysinate/Prolinate, Darutoside, Epigallocatechin Gallate,Epigallocatechin Gallatyl Glucoside, Glyceryl Stearate Citrate, Hexapeptide11, Hydrolyzed Sodium Hyaluronate, Lonicera Caprifolium (Honeysuckle) Flower Extract, Lonicera Japonica (Honeysuckle) Flower Extract, Methylglucoside Phosphate, Mica, Panthenol, Parfum/Fragrance, Pentylene Glycol,Peucedanum Graveolens (Dill) Extract, Phenoxyethanol, Pinus Nigra Bud/Needle Extract, Poloxamer 338, Polyacrylate Crosspolymer6, Polyglyceryl5 Laurate, Silica, Sodium Benzoate, Sodium Hyaluronate, Sodium Hydroxide, Tamarindus Indica Seed Gum, Xanthan Gum.",268,10053,0.5,0.0,https://www.sephora.com/product/repairwear-anti-gravity-eye-lift-cream-P122727?icid2=products%20grid:p122727,0.5,92.0
Restorative Anti-Aging Eye Cream,Tata Harper,eye-treatment-dark-circle-treatment,105.0,"Aloe barbadensis Leaf Juice*, Carthamus tinctorius (safflower) Oleosomes*, Lavandula angustifolia (Lavender) Flower/leaf/stem Water*, Caprylic/Capric Triglyceride, Glycerin, Olea Europaea (Olive) Oil*, Propanediol, Mangifera Indica (Mango) Seed Butter, Cetearyl alcohol, Cetearyl Olivate, Centella asiatica (Gotu Kola) Extract*, Leuconostoc Ferment Filtrate, Cetearyl glucoside, Pheonix Dactylifera (Date) Seed Extract, Menyanthes Trifoliata Leaf Extract, Polygonum fagopyrum (Buckwheat) Seed Extract, Lavandula stoechas (Spanish Lavender) Extract, Narcissus tazetta (Daffodil) Bulb Extract*, Arnica montana (Arnica) Extract*, Borago officinalis (Borage) Leaf Extract*, Medicago sativa (Alfalfa) Extract*, Spiraea Ulmaria (Meadowsweet) Extract*, Calendula officinalis (Calendula) Flower Extract*, Sambucus Nigra Fruit Extract, Salix alba (Willow) Bark Extract, pAnisic Acid, Sodium Phytate, Leuconostoc ferment filtrate, Superoxide Dismutase*, Soybean Peroxidase*, Aroma**, Sorbitan Olivate, Oryza sativa (Rice) Extract*, Sclerotium gum, Cetyl Palmitate, Sodium hyaluronate, Sorbitan Palmitate, Hydrogenated Vegetable Oil, Citral, Citronellol, Eugenol, Geraniol, Limonene, Linalool. *Ingredients from organic farming. **Clinical grade essential oils blend.",84,7925,0.5,0.0,https://www.sephora.com/product/re-storative-eye-creme-P386739?icid2=products%20grid:p386739,0.5,210.0
Orchid Youth-Enriched Eye Cream,innisfree,eye-treatment-dark-circle-treatment,29.0,"Water/Aqua, Butylene Glycol, Glycerin, Squalane, Cetyl Ethylhexanoate, Limnanthes Alba (Meadowfoam) Seed Oil, Copernicia Cerifera (Carnauba) Wax/Copernicia Cerifera Cera, Niacinamide, Cyclopentasiloxane, Butyrospermum Parkii (Shea) Butter, Glyceryl Stearate, Cyclohexasiloxane, C1422 Alcohols, Stearic Acid, Arachidyl Alcohol, Palmitic Acid, Cetearyl Alcohol, Peg100 Stearate, Propanediol, Behenyl Alcohol, Polyacrylate13, C1220 Alkyl Glucoside, Arachidyl Glucoside, Fragrance/Parfum, Polyisobutene, Hydrogenated Lecithin, Glyceryl Caprylate, Ethylhexylglycerin, Polyglyceryl3 Methylglucose Distearate, Xanthan Gum, Disodium EDTA, Adenosine, Polysorbate 20, Sorbitan Isostearate, Myristic Acid, Avena Sativa (Oat) Kernel Extract, Caffeine, Hyaluronic Acid, Lauric Acid, Betaine, Glucose, Orchid Extract, Phenoxyethanol, Tocopherol.",17,3005,1.01,0.0,https://www.sephora.com/product/orchid-youth-enriched-eye-cream-P449857?icid2=products%20grid:p449857,1.01,28.712871287128714
Rénergie Lift Multi-Action Eye,Lancôme,eye-treatment-dark-circle-treatment,75.0,"Dimethicone, Glycerin, Isohexadecane, Alcohol Denat., Squalane, Cetyl Alcohol, Stearic Acid, Paraffinum Liquidum / Mineral Oil / Huile Minerale, Palmitic Acid, Peg100 Stearate, Glyceryl Stearate, Peg20 Stearate, Cera Alba / Beeswax / Cire Dabeille, Silica, Octyldodecanol, Ci 77891 / Titanium Dioxide, Ci 16035 / Red 40, Ci 19140 / Yellow 5, C1314 Isoparaffin, Guanosine, Cyathea Medullaris Leaf Extract, Mica, Secale Cereale Seed Extract / Rye Seed Extract, Sodium Hydroxide, Hydrolyzed Soy Protein, Hydrolyzed Hyaluronic Acid, Sodium Levulinate, Phenoxyethanol, Stearyl Alcohol, Adenosine, Acetyl Tetrapeptide9, Caffeine, Polyacrylamide, Chlorphenesin, Chlorhexidine Digluconate, Dimethiconol, Limonene, Pentylene Glycol, Tin Oxide, Benzyl Alcohol, Linalool, Xanthan Gum, Cinnamic Acid, Capryloyl Salicylic Acid, CeraMicrocristallina / Microcrystalline Wax / Cire Microcristalline, Paraffin, Myristic Acid, MyristylAlcohol, Butyrospermum Parkii Butter / Shea Butter, Citronellol, Citric Acid, Laureth7, Coumarin, Levulinic Acid, Glyceryl Caprylate, Fragrance.",84,5454,0.5,0.0,https://www.sephora.com/product/renergie-lift-multi-action-eye-P376136?icid2=products%20grid:p376136,0.5,150.0
Do Not Age with Dr. Brandt Triple Peptide Eye Cream,Dr. Brandt Skincare,eye-treatment-dark-circle-treatment,82.0,"Shea Butter, Lecithin, Methylsilanol Hydroxyproline Aspartate, Cyclopentasiloxane, Cetyl Palmitate, Siloxanetriol Alginate, C1216 Alcohols, Glycerin, Cetyl Alcohol, Cetyl Lactate, Octyldodecyl Stearate, Glyceryl Stearate Citrate, Acetyl Hexapeptide8, Jojoba Seed Oil, Dimethicone, BisHydroxyethoxypropyl Dimethicone, Palmitic Acid, Butylene Glycol, Phenoxyethanol, Polyglyceryl3Stearate, Propylene Glycol, Betaine, Tocopheryl Acetate, Acetyl Citrull Amido Arginine, Palmitoyl Oligopeptide, Camellia Oleifera Leaf Extract, Lavender Oil, Xanthan Gum, Glyceryl Polymethacrylate, Caffeine, Sodium Acrylates Copolymer, Tetrasodium Edta, Bht, Ascorbic Acid Polypeptide, Retinyl Palmitate, Sodium Pca, Hydrogenated Polyisobutene, Phospholipids, Ethylhexylglycerin, Disodium Edta, Ceramide 3, Polyglyceryl10 Stearate, Sunflower Seed Oil, Grape Fruit Extract, Sorbic Acid.",125,7700,0.5,0.0,https://www.sephora.com/product/do-not-age-with-dr-brandt-triple-peptide-eye-cream-P383053?icid2=products%20grid:p383053,0.5,164.0
Eye Doctor™ Moisture Care For Skin Around Eyes,Origins,eye-treatment-dark-circle-treatment,42.0,"Butylene Glycol, Myristyl Myristate, Caprylic/Capric Triglyceride, Squalane, Glyceryl Stearate, Tricaprylin, Peg4 Dilaurate, Cetyl Alcohol, Citrus Limon (Lemon) Peel Oil*, Cucumis Sativus (Cucumber) Oil*, Ferula Galbaniflua (Galbanum) Resin Oil*, Benzyl Salicylate, Centella Asiatica (Hydrocotyl) Extract, Camellia Sinensis (Green Tea) Leaf Extract, Gigartina Stellata (Algae) Extract, Hypnea Musciformis (Algae) Extract, Triticum Vulgare (Wheat) Germ Extract, Cucumis Sativus (Cucumber) Fruit Extract, Hordeum Vulgare (Barley) Extract/Extrait D'Orge, Gellidiela Acerosa (Algae) Extract, Rosmarinus Officinalis (Rosemary) Leaf Extract, Panax Ginseng (Ginseng) Root Extract, Tocopheryl Linoleate/Oleate, Caffeine, Ethylhexylglycerin, Magnesium Ascorbyl Phosphate, Cetyl Ricinoleate, Bifida Ferment Lysate, Sodium Hyaluronate, Peg100 Stearate, Steareth20, BisPeg18 Methyl Ether Dimethyl Silane, Glycerin, Dimethicone, Carbomer, Cetearyl Alcohol, Caprylyl Glycol, Potassium Hydroxide, Polysorbate 60, Hexylene Glycol, Disodium Edta, Bht, Phenoxyethanol <iln42077>* Essential Oil",472,25800,0.5,0.0,https://www.sephora.com/product/eye-doctor-moisture-care-for-skin-around-eyes-P297531?icid2=products%20grid:p297531,0.5,84.0
Vitamin C Eye Brightener,Obagi Clinical,eye-treatment-dark-circle-treatment,60.0,"Propylene Glycol, PEG12 Glyceryl Dimyristate, Glycerin, PEG7 Glyceryl Cocoate, Silica, Lactobacillus Ferment, Butylene Glycol, Carbomer, Phenoxyethanol, Triethanolamine, Betaine, Ethoxydiglycol, Pentylene Glycol, Saccharomyces Cerevisiae Extract, Panthenol, Ethylhexylglycerin, Disodium EDTA, Kinetin, Zeatin, Polyurethane40, Ruscus Aculeatus Root Extract, Ammonium Glycyrrhizate, Rhodiola Rosea Root Extract, Tetrahexyldecyl Ascorbate, Centella Asiatica Extract, Acetyl Octapeptide3, Camellia Cinesis Leaf (Green Tea) Extract, Hydrochloric Acid.",179,3558,0.5,0.0,https://www.sephora.com/product/vitamin-c-eye-brightener-P439429?icid2=products%20grid:p439429,0.5,120.0
All About Eyes Serum De-Puffing Eye Massage,CLINIQUE,eye-treatment-dark-circle-treatment,33.0,"Butylene Glycol , Glycerin , Caffeine , Panthenol , Polygonum Cuspidatum Root Extract , Vitis Vinifera (Grape) Seed Extract , Rosmarinus Officinalis (Rosemary) Extract , Humulus Lupulus (Hops) Extract , Citrus Reticulata (Tangerine) Peel Extract , Punica Granatum (Pomegranate) Fruit Juice , Yeast Extract/Faex/Extrait De Levure , Biosaccharide Gum  1 , Linolenic Acid , Sodium Hyaluronate , Laureth7 , Linoleic Acid , Glycine , Carbomer , Cyclodextrin , Hydroxyproline , Acrylates Copolymer , C1314 Isoparaffin , Polyacrylamide , Caprylyl Glycol , Proline , Ethylbisiminomethylguaiacol Manganese Chloride , Nordihydroguaiaretic Acid , Xanthan Gum , Hexylene Glycol , Disodium Edta , Phenoxyethanol , Titanium Dioxide (Ci 77891) , Mica <iln39935></iln39935>",873,17699,0.5,0.0,https://www.sephora.com/product/all-about-eyes-serum-de-puffing-eye-massage-P257537?icid2=products%20grid:p257537,0.5,66.0
Complete Eye Renewal Balm Duo,Algenist,eye-treatment-dark-circle-treatment,68.0,"Water (Aqua, Eau), Isopropyl Isostearate, Glycerin, Dimethicone, Palmitic Acid, Pentylene Glycol, Glyceryl Stearate SE, Stearic Acid, Dimethicone Crosspolymer, Butyrospermum Parkii (Shea) Butter, Cetearyl Alcohol, Undaria Pinnatifida Extract, Limnanthes Alba (Meadowfoam) Seed Oil, Parachlorella Beijerinckii Exopolysaccharides, Alaria Esculenta Extract, Bambusa Vulgaris Leaf/Stem Extract, Aloe Barbadensis Leaf Juice, Aloe Barbadensis Leaf Juice Powder, Camellia Sinensis Leaf Extract, Cucumis Sativus (Cucumber) Fruit Extract, Tocopheryl Acetate, Caffeine, Tetrapeptide21, Dipeptide2, Palmitoyl Tetrapeptide7, Palmitoyl Tripeptide1, Magnesium Ascorbyl Phosphate, Malus Domestica Fruit Cell Culture Extract, Rubus Idaeus (Raspberry) Leaf Extract, Glucosamine HCl, Pisum Sativum (Pea) Extract, Inula Crithmoide Extract, Phospholipids, Biotin, NHydroxysuccinimide, Chrysin, Hesperidin Methyl Chalcone, Lecithin, Caprylic/Capric Triglyceride, Leuconostoc/Radish Root Ferment Filtrate, Vinyl Dimethicone/Methicone Silsesquioxane Crosspolymer, Acrylates/C1030 Alkyl Acrylate Crosspolymer, Steareth20, Ceteareth20, Butylene Glycol, Xanthan Gum, Sodium Citrate, Citric Acid, Disodium EDTA, Aminomethyl Propanol, Potassium Sorbate, Chlorhexidine Digluconate, Caprylyl Glycol, Hexylene Glycol, Ethylhexylglycerin, Sodium Benzoate, Phenoxyethanol.",0,708,0.0,0.0,https://www.sephora.com/product/complete-eye-renewal-balm-duo-P450568?icid2=products%20grid:p450568,0.5181621621621623,131.23304819528477
Midnight Recovery Eye,Kiehl's Since 1851,eye-treatment-dark-circle-treatment,40.0,"Aqua/Helianthus Annuus Seed Oil/Sunflower Seed Oil, Simmondsia Chinensis Oil/Jojoba Seed Oil, Prunus Armeniaca Kernel Oil/Apricot Kernel Oil, Squalane, Alcohol Denat., Cetearyl Alcohol, Glyceryl Stearate, Stearyl Alcohol, Cetearyl Glucoside, Oenothera Biennis Oil/Evening Primrose Oil, Butyrospermum Parkii Butter/Shea Butter, Phenoxyethanol, Lithium Magnesium Sodium Silicate, Chlorphenesin, Xanthan Gum, Ruscus Aculeatus Root Extract, Aloe Barbadensis Leaf Juice Powder, Tocopherol, Lavandula Angustifolia Oil/Lavender Oil, Adenosine, Linalool, Rosmarinus Officinalis Leaf Oil/Rosemary Leaf Oil, Pelargonium Graveolens Flower Oil, Glycine Soja Oil/Soybean Oil, Citronellol, Geraniol, Lavandula Hybrida Oil, Cucumis Sativus Fruit Extract/Cucumber Fruit Extract, Limonene, Citral, Curcuma Longa Root Extract/Turmeric Root Extract, Sclareolide, Rose Flower Oil, Jasminum Officinale Extract/Jasmine Extract, Citric Acid.",217,33339,0.5,0.0,https://www.sephora.com/product/midnight-recovery-eye-P422015?icid2=products%20grid:p422015,0.5,80.0
MOISTURE BOUND Rejuvenating Eye Treatment Gel,AMOREPACIFIC,eye-treatment-dark-circle-treatment,85.0,"Phyllostachis Bambusoides Juice, Cyclopentasiloxane, Dimethicone, Glycerin, Butylene Glycol, Cyclohexasiloxane, Alcohol, PEG75, PEG10 Dimethicone, Biosaccharide Gum1, Squalane, Niacinamide, Acetyl Glucosamine, Hydrolyzed Phyllostachis Bambusoides, Hydrolyzed Camellia Sinensis Leaf, Glycine Soja (Soybean) Seed Extract, Nelumbo Nucifera Flower Extract, Opuntia Coccinellifera Fruit Extract, Hesperidin, Caffeine, Theanine, Kaempferol, Camellia Sinensis Flower Extract, Natto Gum, BetaGlucan, Sodium Hyaluronate, Tocopherol, Phytantriol, Epigallocatechin Gallate, Disteardimonium Hectorite, Lauryl PEG9 Polydimethylsiloxyethyl Dimethicone, Polysilicone11, Propanediol, Dimethiconol, Dimethicone/Vinyl Dimethicone Crosspolymer, Stearyl Behenate, Polyglyceryl3 Methylglucose Distearate, Hydroxypropyl Bispalmitamide Mea, Inulin Lauryl Carbamate, Polysorbate 20, PEG15 Pentaerythrityl Tetra (Laureth6 Carboxylate), Sodium Chloride, Poloxamer 407, Ammonium Acryloyldimethyltaurate/VP Copolymer, 1,2Hexanediol, Disodium EDTA, Ethylhexylglycerin, Phenoxyethanol, Fragrance.",265,9605,0.5,0.0,https://www.sephora.com/product/moisture-bound-rejuvenating-eye-treatment-gel-P282612?icid2=products%20grid:p282612,0.5,170.0
Bio-Performance LiftDynamic Eye Treatment,Shiseido,eye-treatment-dark-circle-treatment,75.0,"Pentaerythrityl Tetraethylhexanoate, Hydrogenated Polydecene, Dimethicone, Butylene Glycol, Glycerin, Dipropylene Glycol, Behenyl Alcohol, Peg/Ppg14/7 Dimethyl Ether, Hydrogenated Polyisobutene, Stearyl Alcohol, Dimethicone Crosspolymer, Hydrogenated Palm Oil, Beheneth20, Mineral Oil(Paraffinum Liquidum/Huile Minerale), Phenoxyethanol, Myristyl Myristate, Polyvinyl Alcohol, Tocopheryl Acetate, Elaeis Guineensis (Palm) Kernel Oil, Elaeis Guineensis (Palm) Oil, Dimethylacrylamide/Sodium Acryloyldimethyltaurate Crosspolymer, Microcrystalline Wax(Cera Microcristallina/Cire Microcristalline), Paraffin, Disodium Edta, Caffeine, Retinyl Acetate, Sodium Citrate, Helianthus Annuus (Sunflower) Seed Oil, Fragrance (Parfum), Bht, Limonene, Citric Acid, Sodium Metaphosphate, Inositol, Hexyl Cinnamal, Benzyl Benzoate, Butylphenyl Methylpropional, Alcohol, Linalool, Sodium Metabisulfite, Saccharomyces Ferment Lysate Filtrate, Sodium Acetylated Hyaluronate, Iron Oxides (Ci 77492), Rosmarinus Officinalis (Rosemary) Leaf Extract (Rosmarinus Officinalis Leaf Extract), AlphaIsomethyl Ionone, Thymus Serpillum Extract, Citronellol, Geraniol, Tocopherol, Iron Oxides (Ci 77491), Panax Ginseng Root Extract, Bupleurum Falcatum Root Extract.",22,5066,0.52,0.0,https://www.sephora.com/product/bio-performance-liftdynamic-eye-treatment-P410759?icid2=products%20grid:p410759,0.52,144.23076923076923
Rose Quartz  Eye Mask,SEPHORA COLLECTION,eye-treatment-dark-circle-treatment,59.0,"Pentaerythrityl Tetraethylhexanoate, Hydrogenated Polydecene, Dimethicone, Butylene Glycol, Glycerin, Dipropylene Glycol, Behenyl Alcohol, Peg/Ppg14/7 Dimethyl Ether, Hydrogenated Polyisobutene, Stearyl Alcohol, Dimethicone Crosspolymer, Hydrogenated Palm Oil, Beheneth20, Mineral Oil(Paraffinum Liquidum/Huile Minerale), Phenoxyethanol, Myristyl Myristate, Polyvinyl Alcohol, Tocopheryl Acetate, Elaeis Guineensis (Palm) Kernel Oil, Elaeis Guineensis (Palm) Oil, Dimethylacrylamide/Sodium Acryloyldimethyltaurate Crosspolymer, Microcrystalline Wax(Cera Microcristallina/Cire Microcristalline), Paraffin, Disodium Edta, Caffeine, Retinyl Acetate, Sodium Citrate, Helianthus Annuus (Sunflower) Seed Oil, Fragrance (Parfum), Bht, Limonene, Citric Acid, Sodium Metaphosphate, Inositol, Hexyl Cinnamal, Benzyl Benzoate, Butylphenyl Methylpropional, Alcohol, Linalool, Sodium Metabisulfite, Saccharomyces Ferment Lysate Filtrate, Sodium Acetylated Hyaluronate, Iron Oxides (Ci 77492), Rosmarinus Officinalis (Rosemary) Leaf Extract (Rosmarinus Officinalis Leaf Extract), AlphaIsomethyl Ionone, Thymus Serpillum Extract, Citronellol, Geraniol, Tocopherol, Iron Oxides (Ci 77491), Panax Ginseng Root Extract, Bupleurum Falcatum Root Extract.",4,2308,0.0,0.0,https://www.sephora.com/product/rose-quartz-eye-mask-P451177?icid2=products%20grid:p451177,0.5181621621621623,113.86396828708531
anti-wrinkle miracle worker eye+ line-correcting eye cream,philosophy,eye-treatment-dark-circle-treatment,60.0,"Cyclopentasiloxane, Dimethicone Crosspolymer, Caprylic/Capric Triglyceride, C1215 Alkyl Benzoate, Tetrahexyldecyl Ascorbate, Cyclohexasiloxane, Tocopheryl Acetate, Bisabolol, Dimethicone, Squalene, Phenoxyethanol, Dimethiconol, Peg6 Isostearate, Cocos Nucifera (Coconut) Oil, Medicago Sativa (Alfalfa) Extract, Ethylhexyl Palmitate, Isopropyl Palmitate, Sorbitan Laurate, Avena Sativa (Oat) Kernel Oil, C1836 Acid Glycol Ester, C1836 Acid Triglyceride, Peg8, Lecithin, Lactic Acid, Tocopherol, Silica, Hesperetin Laurate, Polyhydroxystearic Acid, Silica Dimethyl Silylate, Alumina, Swertia Chirata Extract, Ascorbyl Palmitate, Butylene Glycol, Caprylyl Glycol, Farnesol, Ascorbic Acid, Citric Acid, Sodium Hyaluronate, Palmitoyl Tripeptide1, Hexylene Glycol, Palmitoyl Tetrapeptide7, Titanium Dioxide (Ci 77891).",19,3248,0.5,0.0,https://www.sephora.com/product/anti-wrinkle-miracle-worker-eye-line-correcting-eye-cream-P440474?icid2=products%20grid:p440474,0.5,120.0
Moisture Surge Eye 96-Hour Hydro-Filler Concentrate,CLINIQUE,eye-treatment-dark-circle-treatment,34.0,"Cyclopentasiloxane, Dimethicone Crosspolymer, Caprylic/Capric Triglyceride, C1215 Alkyl Benzoate, Tetrahexyldecyl Ascorbate, Cyclohexasiloxane, Tocopheryl Acetate, Bisabolol, Dimethicone, Squalene, Phenoxyethanol, Dimethiconol, Peg6 Isostearate, Cocos Nucifera (Coconut) Oil, Medicago Sativa (Alfalfa) Extract, Ethylhexyl Palmitate, Isopropyl Palmitate, Sorbitan Laurate, Avena Sativa (Oat) Kernel Oil, C1836 Acid Glycol Ester, C1836 Acid Triglyceride, Peg8, Lecithin, Lactic Acid, Tocopherol, Silica, Hesperetin Laurate, Polyhydroxystearic Acid, Silica Dimethyl Silylate, Alumina, Swertia Chirata Extract, Ascorbyl Palmitate, Butylene Glycol, Caprylyl Glycol, Farnesol, Ascorbic Acid, Citric Acid, Sodium Hyaluronate, Palmitoyl Tripeptide1, Hexylene Glycol, Palmitoyl Tetrapeptide7, Titanium Dioxide (Ci 77891).",59,4587,0.5,0.0,https://www.sephora.com/product/moisture-surge-eye-96-hour-hydro-filler-concentrate-P443383?icid2=products%20grid:p443383,0.5,68.0
Future Solution LX Eye and Lip Contour Regenerating Cream,Shiseido,eye-treatment-dark-circle-treatment,153.0,"Glycerin, Dimethicone, Dipropylene Glycol, Butylene Glycol, Trehalose, Petrolatum, Mineral Oil(Paraffinum Liquidum/Huile Minerale), Diisostearyl Malate, Myristyl Myristate, Hdi/Trimethylol Hexyllactone Crosspolymer, Dimethicone Crosspolymer, Behenyl Alcohol, Glyceryl Stearate Se, Silica, Stearyl Alcohol, Pentaerythrityl Tetraethylhexanoate, Pentaerythrityl Tetrabehenate/Benzoate/Ethylhexanoate, Piperidinepropionic Acid, Batyl Alcohol, Isododecane, Phenoxyethanol, Peg40 Stearate, Titanium Dioxide (Ci 77891), Dimethylacrylamide/Sodium Acryloyldimethyltaurate Crosspolymer, Polyisobutene, Fragrance (Parfum), Sorbitan Tristearate, Tocopheryl Acetate, Acrylates/Steareth20 Methacrylate Copolymer, Sodium Citrate, Mica, Bht, 2OEthyl Ascorbic Acid, Peg240/Hdi Copolymer BisDecyltetradeceth20 Ether, Barium Sulfate, Sodium Metabisulfite, Trisodium Edta, Aluminum Hydroxide, Potassium Hydroxide, Iron Oxides (Ci 77492), Sodium Metaphosphate, Citric Acid, Linalool, Alcohol, Butylphenyl Methylpropional, Limonene, Saccharomyces Ferment Lysate Filtrate, AlphaIsomethyl Ionone, Citronellol, Geraniol, Benzyl Benzoate, Prunus Speciosa Leaf Extract, Iron Oxides (Ci 77491), Angelica Acutiloba Root Extract, Isodonis Japonicus Leaf/Stalk Extract, Alumina, Sodium Lauryl Sulfate, Polymethyl Methacrylate, Hibiscus Esculentus Fruit Extract, Camellia Sinensis Leaf Extract, Houttuynia Cordata Extract, Tocopherol.",27,3835,0.61,0.0,https://www.sephora.com/product/future-solution-lx-eye-lip-contour-regenerating-cream-P423165?icid2=products%20grid:p423165,0.61,250.81967213114754
Eye Cream,Dr. Barbara Sturm,eye-treatment-dark-circle-treatment,140.0,"Macadamia Integrifolia Seed Oil, Dicaprylyl Carbonate, Glycerin, Lactobacillus/Portulaca Oleracea Ferment Extract, Tocopheryl Acetate, Phenoxyethanol, Betaine, Panthenol, Acrylates/C1030 Alkyl Acrylate Crosspolymer, Methyl Methacrylate Crosspolymer, Pentylene Glycol, Saccharomyces Cerevisiae Extract, Sodium Polyacrylate, Ethylhexylglycerin, Sodium Hydroxide, Leuconostoc/Radish Root Ferment Filtrate, Mica, Rhodiola Rosea Root Extract, Biosaccharide Gum1, Pantolactone, Citric Acid, Titanium Dioxide (CI 77891).",170,833,0.5,0.0,https://www.sephora.com/product/dr-barbara-sturm-eye-cream-P447785?icid2=products%20grid:p447785,0.5,280.0
No Puff Zone Hydrating Hemp Hydrogel Under Eye Mask,INC.redible,eye-treatment-dark-circle-treatment,9.0,"Water (Aqua), Dipropylene Glycol, Glycerin, Caprylic/Capric Triglyceride, Ceratonia Siliqua (Carob) Gum, Chondrus Crispus (carragreen) Extract, Chondrus Crispus Powder, Polysorbate 60, Butylene Glycol, Paeonia Suffruticosa (Peony) Root Extract, Centella Asiatica (Asiatic pennywort) Extract, Cellulose Gum, 1,2Hexanediol, Titanium Dioxide, Potassium Chloride, Sodium Polyacrylate, Mica, PEG100 Stearate, Glyceryl Stearate, Chamomilla Recutita (Matricaria) Flower Extract, Cannabis Sativa (Hemp) Seed Oil, Algin, Hydrogenated Polydecene, Glyceryl Caprylate, Sucrose, Disodium EDTA, Chromium Oxide Greens, Ethylhexylglycerin, Trideceth6, Dextrin, ChlorophyllinCopper Complex, Cucumis Sativus (Cucumber) Fruit Extract, Camellia Sinensis (Green tea) Leaf Extract, Sodium Hyaluronate, Brassica Oleracea Italica (Broccoli) Extract, Phenoxyethanol, Fragrance (Parfum).",54,3602,0.0,0.0,https://www.sephora.com/product/no-puff-zone-hydrating-hemp-hydrogel-under-eye-mask-P449101?icid2=products%20grid:p449101,0.5181621621621623,17.369079908199453
Potent-C™ Vitamin C Power Eye Cream,Peter Thomas Roth,eye-treatment-dark-circle-treatment,65.0,"Butylene Glycol, Tetrahexyldecyl Ascorbate, C912 Alkane, Tocopheryl Acetate, Bambusa Arundinacea Stem Powder, PEG100 Stearate, Cetyl Ricinoleate, Ferulic Acid, Butyrospermum Parkii (Shea) Butter, Behenyl Alcohol, Methyl Trimethicone, Glycerin, Carbomer, Methyldihydrojasmonate, Polymethylsilsesquioxane, Saccharomyces Ferment Filtrate, Hydrogenated Lecithin, Diamond Powder, Caffeine, Sodium Hyaluronate, Ubiquinone, Ethylhexylglycerin, Squalane, Soluble Collagen, Undaria Pinnatifida Extract, Caesalpinia Spinosa Fruit Extract, Arnica Montana Flower Extract, Olea Europaea (Olive) Fruit Oil, Corallina Officinalis Extract, Kappaphycus Alvarezii Extract, Tribehenin, C1215 Alkyl Benzoate, CocoCaprylate/Caprate, Caprylic/Capric Triglyceride, Jojoba Wax PEG120 Esters, Sodium Hydroxide, Myristyl Alcohol, Steareth20, Mica, Sodium Benzoate, Potassium Sorbate, Phenoxyethanol.",300,9068,0.5,0.0,https://www.sephora.com/product/potent-c-tm-power-eye-cream-P433456?icid2=products%20grid:p433456,0.5,130.0
Haldi Eyes Brightening Turmeric Eye Cream,FARSÁLI,eye-treatment-dark-circle-treatment,40.0,"Glycerin, CocoCaprylate/Caprate, Caprylyl Methicone, Caprylic/Capric Triglyceride, Glyceryl Stearate, Curcuma Longa Root, Curcuma Longa Root Extract, Caffeine, Chenopodium Quinoa Seed Extract, Bellis Perennis (Daisy) Flower Extract, Hieracium Pilosella (Hawkweed) Extract, Sodium Hyaluronate, Coenochloris Signiensis Extract, Hydroxyethyl Acrylate/Sodium Acryloyldimethyl Taurate Copolymer, Cetearyl Alcohol, PEG12 Dimethicone/PPG20 Crosspolymer, Propanediol, Stearic Acid, Butylene Glycol, Sodium Benzoate, Pentylene Glycol, Sodium Dehydroacetate, Caprylyl Glycol, Phenethyl Alcohol, Tetrahydrodiferuloylmethane, Sodium Polyacrylate, Steareth20, Glyceryl Polyacrylate, Sodium Ascorbyl Phosphate, Polysorbate 60, Sorbitan Isostearate, Xylitylglucoside, Anhydroxylitol, Xylitol, Tocopheryl Acetate, Maltodextrin, Phenoxyethanol, Chlorhexidine Digluconate, Glucose, Biotin, Lecithin, NHydroxysuccinimide, Tetrahydrodemethoxydiferuloylmethane, Sodium Citrate, Tetrahydrobisdemethoxydiferuloylmethane, Tocopherol, Chrysin, Palmitoyl Tripeptide1, Potassium Sorbate, Citric Acid, Palmitoyl Tetrapeptide7.",157,15464,0.5,0.0,https://www.sephora.com/product/haldi-eyes-brightening-turmeric-eye-cream-P446648?icid2=products%20grid:p446648,0.5,80.0
Lotus Eye Gel,Fresh,eye-treatment-dark-circle-treatment,48.0,"Sea Butylene Glycol, Caprylic/Capric/Succinic Triglyceride, Simmondsia Chinensis (Jojoba) Seed Oil, Sodium Polyacrylate, Nelumbo Nucifera Flower Extract, Coffea Arabica (Coffee) Extract, Porphyrydium Cruentum Extract, Ginkgo Biloba Leaf Extract, Citrus Medica Limonum (Lemon) Peel Oil, Cucumis Sativus (Cucumber) Fruit Extract, Vitis Vinifera (Grape) Seed Extract, Camellia Sinensis Leaf Extract, Chamomilla Recutita (Matricaria) Extract, Helianthus Annuus (Sunflower) Seed Oil, Retinyl Palmitate, Tocopherol, Chlorphenesin, Tetrasodium Edta, Propylene Glycol, Caprylic/Capric Triglyceride, Tocopheryl Acetate, Carbomer, Magnesium Ascorbyl Phosphate, Phenoxyethanol, Polysorbate 20, Ceratonia Siliqua Gum, Hydroxyethylcellulose, Limonene.",627,14979,0.5,0.0,https://www.sephora.com/product/lotus-eye-gel-P54100?icid2=products%20grid:p54100,0.5,96.0
PlantGenius® Line-Filling Eye Balm with Bakuchiol,alpyn beauty,eye-treatment-dark-circle-treatment,62.0,"Sodium Hyaluronate, Cetearyl Alcohol, Squalane, Coconut Alkanes, Glycerin, Pyrus Malus (Apple) Fruit Extract, CocoCaprylate/Caprate, Mica, Titanium Dioxide, Bakuchiol, Centella Asiatica Meristem Cell Culture, Xanthan Gum, Euphrasia Officinalis Extract, Cetearyl Glucoside, Sorbitan Stearate, Dehydroacetic Acid, Benzyl Alcohol, Linoleic Acid, Cetyl Hydroxyethylcellulose, Caffeine, Tripeptide29, Potassium Sorbate, Hydrolyzed Sodium Hyaluronate, Kappaphycus Alvarezii Extract, Caesalpinia Spinosa Fruit Extract, Tocopherol, Tin Oxide, Caesalpinia Sappan Bark Extract, Glycyrrhiza Glabra (Licorice) Root Extract, Helianthus Annuus (Sunflower) Seed Oil, Arctostaphylos Uva Ursi (Bearberry) Leaf Extract, Ascorbic Acid (Vitamin C), Ceramide NG, Simmondsia Chinensis (Jojoba) Seed Oil, Salvia Officinalis (Sage) Leaf Extract, Arnica Montana (Arnica) Flower Extract, Barago Officinalis (Borage) Flower Extract, Calendula Officinalis (Calendula) Flower Extract, Chamomilla Recutita (Matricaria) Flower Extract.",44,1003,0.5,0.0,https://www.sephora.com/product/alpyn-beauty-plantgenius-line-filling-eye-balm-with-bakuchiol-P455613?icid2=products%20grid:p455613,0.5,124.0
Eye Duty Triple Remedy A.M. Gel Cream,First Aid Beauty,eye-treatment-dark-circle-treatment,36.0,"Dimethicone, Glycerin, Butylene Glycol, Albizia Julibrissin Bark Extract, Cyclopentasiloxane, Inulin Lauryl Carbamate, Hydroxyethyl Acrylate/Sodium Acryloyldimethyl Taurate Copolymer, Betaine, Methyl Gluceth20, Pentaerythrityl Tetraethylhexanoate, Lactobacillus Ferment, Kappaphycus Alvarezii Extract, Sodium Hyaluronate, Cucumis Sativus (Cucumber) Fruit Extract, Darutoside, Palmitoyl Tripeptide1, Palmitoyl Tetrapeptide7, Chondrus Crispus Extract, Camellia Sinensis Leaf Extract, Chrysanthemum Parthenium (Feverfew) Extract, Dipotassium Glycyrrhizate, Glycyrrhiza Glabra (Licorice) Root Extract, Tocopheryl Acetate, Adenosine, Ricinus Communis (Castor) Seed Oil, Squalane, Cetearyl Alcohol, Sodium Polyacrylate, Cetearyl Glucoside, Polysorbate 60, Polysilicone11, Sea Sorbitan Isostearate, Carbomer, Sodium Lactate, Polysorbate 20, Phenoxyethanol, Sodium Benzoate, Disodium Edta, Potassium Sorbate.",186,20661,0.5,0.0,https://www.sephora.com/product/eye-duty-triple-remedy-am-gel-cream-P406291?icid2=products%20grid:p406291,0.5,72.0
Noni Radiant Eye Oil,KORA Organics,eye-treatment-dark-circle-treatment,38.0,"Rosa Canina (Rosehip) Fruit Oil*, Helianthus Annuus (Sunflower) Seed Oil*,  Macadamia Ternifolia (Macadamia Nut) Oil*, Persea Gratissima (Avocado) Oil*, Simmondsia Chinensis (Jojoba) Seed Oil, Caryodendron Orinocense Seed Oil,   Hippophae Rhamnoides (Sea Buckthorn) Oil*, Caprylic/Capric Triglyceride, Morinda Citrifolia (Noni) Fruit Extract*, Solanum Lycopersicum (Tomato) Fruit Extract, Himanthalia Elongata Extract, Calendula Officinalis Flower Extract*, Coffee Arabica Seed Extract, Squalane, Dicaprylyl Carbonate, Tocopherol, Squalene, BetaSitosterol, Quartz.",321,18517,0.34,0.0,https://www.sephora.com/product/noni-radiant-eye-oil-P428816?icid2=products%20grid:p428816,0.34,111.76470588235293
Oligo Peptide Eye Cream,SOBEL SKIN Rx,eye-treatment-dark-circle-treatment,65.0,"Purified Caprylic/Capric Triglycerides, Hydrogenated Phosphatidylcholine, Glycerin, Squalane, Prunus Amygdalus Dulcis (Sweet Almond) Oil, Pentylene Glycol, Butyrospermum Parkii (Shea) Butter, Cetearyl Alcohol, Ceteareth20, Cetyl Alcohol, Olive Oil, Ceramide III, Cucumber Extract, Helianthus Annuus (Sunflower) Seed Oil, Persea Gratissima (Avocado) Oil, Macadamia Ternifolia Seed Oil, Rosa Moschata Seed Oil, Rosmarinus Officinalis (Rosemary) Leaf Extract, Eyebright Extract, Steareth 20, NHydroxysuccinimide, Chrysin, Palmitoyl Oligopeptide, Palmitoyl Tetrapeptide7, Dipeptide2, Hesperidin Methyl Chalcone, Palmitoyl Tripeptide5, Panthenol, Sodium Hyaluronate, Dunaliella Salina Extract, Phenoxyethanol, Ethylhexylglycerin, Carbomer, Citric Acid, Sodium Benzoate, Potassium Sorbate, Pantolactone.",1,363,0.5,0.0,https://www.sephora.com/product/sobel-skin-rx-triple-oligo-peptide-eye-cream-P451750?icid2=products%20grid:p451750,0.5,130.0
Intensive Vitalizing Eye Essence,AMOREPACIFIC,eye-treatment-dark-circle-treatment,95.0,"Camellia Sinensis Leaf Butylene Glycol, Glycerin, Glycereth26, Avena Sativa (Oat) Kernel Extract, Alcohol, Methyl Trimethicone, Diethoxyethyl Succinate, Glyceryl Polymethacrylate, Camellia Sinensis Leaf Extract, Niacinamide, Aspergillus Ferment, Lactobacillus/Water Hyacinth Ferment, Caffeine, Mannitol, Hydrogenated Lecithin, BisPeg18 Methyl Ether Dimethyl Silane, Acrylates/C1030 Alkyl Acrylate Crosspolymer, Peg60 Hydrogenated Castor Oil, Caprylic/Capric Triglyceride, Behenyl Alcohol, Polyglyceryl10 Pentastearate, Cetearyl Alcohol, Sodium Stearoyl Lactylate, Cetearyl Glucoside, Ethylhexylglycerin, Caprylyl Glycol, Glyceryl Caprylate, Tromethamine, Disodium Edta, Phenoxyethanol, Fragrance",79,6286,0.5,0.0,https://www.sephora.com/product/intensive-vitalizing-eye-essence-P394619?icid2=products%20grid:p394619,0.5,190.0
White Lucent Anti-Dark Circles Eye Cream,Shiseido,eye-treatment-dark-circle-treatment,65.0,"Dimethicone, Butylene Glycol, Glycerin, Alcohol, Dimethicone/Vinyl Dimethicone Crosspolymer, Myristyl Myristate, Petrolatum, Hydrogenated Polydecene, Behenyl Alcohol, Cetyl Ethylhexanoate, Glyceryl Stearate Se, Potassium Methoxysalicylate, Methyl Methacrylate Crosspolymer, Stearyl Alcohol, Dimethylacrylamide/Sodium Acryloyldimethyltaurate Crosspolymer, Polysorbate 60, Peg40 Stearate, Tocopheryl Acetate, Phenoxyethanol, Titanium Dioxide (Ci 77891), Fragrance, Sorbitan Tristearate, Trisodium Edta, Peg10 Dimethicone, Sodium Citrate, Oryzanol, 2OEthyl Ascorbic Acid, Mica, Silica, Xanthan Gum, Sodium Metaphosphate, Limonene, Citric Acid, Peg/Ppg14/7 Dimethyl Ether, Aluminum Hydroxide, Benzyl Benzoate, Butylphenyl Methylpropional, Iron Oxides (Ci 77491), Linalool, Sodium Hyaluronate, Citronellol, Crataegus Monogyna Flower Extract, Tocopherol.",368,12214,0.5,0.0,https://www.sephora.com/product/white-lucent-anti-dark-circles-eye-cream-P205614?icid2=products%20grid:p205614,0.5,130.0
Zero Baggage Anti-Dark Circle Eye Cream,Naturally Serious,eye-treatment-dark-circle-treatment,44.0,"Glycerin, Cetyl Alcohol, Pyrus Malus (Apple) Fruit Extract, Aluminum Starch Octenylsuccinate, Caprylic/Capric Triglyceride, Stearyl Alcohol, Propanediol, Caffeine, Sodium Hyaluronate, Tocopheryl Acetate, Sodium PCA, Hydrogenated Olive Oil, Maltodextrin, Aspalathus Linearis Leaf Extract, Camellia Sinensis Leaf Extract, Lycium Barbarum Fruit Extract, Punica Granatum Extract, Vitis Vinifera (Grape) Seed Extract, Leuconostoc/Radish Root Ferment Filtrate, Pinus Cembra Wood Extract, Citrus Aurantium Dulcis (Orange) Peel Extract, Olea Europaea (Olive) Fruit Oil, Olea Europaea (Olive) Oil Unsaponifiables, Cera Alba (Beeswax), Avena Sativa (Oat) Bran Extract, Coleus Barbatus Root Extract, Leontopodium Alpinum Extract, Peucedanum Ostruthium Leaf Extract, Cetearyl Olivate, Palmitic Acid, Stearic Acid, Sodium Phytate, Sorbitan Olivate, Xanthan Gum, Pentylene Glycol, Phenethyl Alcohol.",34,2943,0.67,0.0,https://www.sephora.com/product/zero-baggage-anti-dark-circle-eye-cream-P433975?icid2=products%20grid:p433975,0.67,65.67164179104478
Cooling Water Eye Patches,MILK MAKEUP,eye-treatment-dark-circle-treatment,22.0,"Glycerin, Dipropylene Glycol, Sodium Polyacrylate, Agar, Polyacrylic Acid, Xanthan Gum, Phenoxyethanol, Disodium EDTA, Cellulose Gum, Caprylyl/Capryl Glucoside, Adenosine, Betaine, Tartaric Acid, Aluminum Glycinate, Saccharomyces Cerevisiae Extract, Pentylene Glycol, Caffeine, Menthoxypropanediol, Lavandula Angustifolia (Lavender) Oil, Sea Aloe Barbadensis Leaf Extract, Rhodiola Rosea Root Extract, Butylene Glycol, Caprylyl Glycol, Acetyl Hexapeptide8, Limonene.",77,12939,0.0,0.0,https://www.sephora.com/product/cooling-water-eye-patches-P440280?icid2=products%20grid:p440280,0.5181621621621623,42.457750886709775
Ferulic + Retinol Eye Cream,Dr. Dennis Gross Skincare,eye-treatment-dark-circle-treatment,69.0,"Isododecane, Cetearyl Alcohol, Dimethicone, Adipic Acid/Neopentyl Glycol Crosspolymer, Lauryl Dimethicone, Butylene Glycol, Ceteareth20, Potassium Cetyl Phosphate, Polymethyl Methacrylate, Sodium Acrylate/Sodium Acryloyldimethyl Taurate Copolymer, Glyceryl Behenate, Glyceryl Stearate SE, Polyglyceryl3 Diisostearate, Collagen Amino Acids, Ferulic Acid, Gallic Acid, Ellagic Acid, Arnica Montana Flower Extract, Centella Asiatica Extract, Retinol, Aminobutyric Acid, Caffeine, Euphrasia Officinalis Extract, Sphingolipids, Phospholipids, Tetrapeptide21, Glycine Soja (Soybean) Oil, Algae Extract, Sodium PCA, Sodium Hyaluronate, Saccharide Isomerate, Salix Alba (Willow) Bark Extract, Tocopherol, Cucumis Sativus (Cucumber) Fruit Extract, Helianthus Annuus (Sunflower) Seed Oil, Leuconostoc/Radish Root Ferment Filtrate, Glycolic Acid, Lactic Acid, Glycerin, Acrylates/Carbamate Copolymer, BisVinyl Dimethicone/Dimethicone Copolymer, Tetrahydropiperine, BHT, Hexylene Glycol, Caprylyl Glycol, Hydrogenated Polyisobutene, Isohexadecane, Benzophenone3, Behenic Acid, Polysorbate 80, Ascorbyl Palmitate, Citric Acid, Cyclodextrin, Sodium Citrate, Tetrasodium EDTA, Phenoxyethanol, Potassium Sorbate, Sodium Benzoate, Mica (CI 77019), Annatto (CI 75120).",56,5463,0.5,0.0,https://www.sephora.com/product/ferulic-retinol-eye-cream-P388622?icid2=products%20grid:p388622,0.5,138.0
Retinol Firming Eye Cream,Kate Somerville,eye-treatment-dark-circle-treatment,85.0,"Dimethicone, Propanediol, Glycerin, Polysilicone11, Synthetic Fluorphlogopite, Butylene Glycol, Polymethylsilsesquioxane, Ethyl Linoleate, Lauryl Polyglyceryl3 Polydimethylsiloxyethyl Dimethicone, Retinol, Hydroxypinacolone Retinoate, Bidens Pilosa Extract, Bakuchiol, Hydrolyzed Hyaluronic Acid, Microcitrus Australasica Fruit Extract, Oryza Sativa (Rice) Bran Extract, Terminalia Chebula Fruit Extract, Glycine Soja (Soybean) Extract, Elaeis Guineensis (Palm) Oil, Gossypium Herbaceum (Cotton) Seed Oil, Helianthus Annuus (Sunflower) Seed Oil, Linum Usitatissimum (Linseed) Seed Oil, Adenosine, Aloe Barbadensis Leaf Juice Powder, Rosmarinus Officinalis (Rosemary) Leaf Extract, Tocopherol, Dimethyl Isosorbide, HDI/Trimethylol Hexyllactone Crosspolymer, Polyacrylamide, Phenoxyethanol, Ethylhexyl Hydroxystearate, PEG12 Dimethicone, C1314 Isoparaffin, Caprylyl Glycol, Decyl Glucoside, Acrylates/C1030 Alkyl Acrylate Crosspolymer, Hexylene Glycol, Ethylhexylglycerin, Aminomethyl Propanol, Laureth7, Xanthan Gum, Disodium EDTA.",111,13217,0.5,0.0,https://www.sephora.com/product/retinol-firming-eye-cream-P411881?icid2=products%20grid:p411881,0.5,170.0
GENIUS Ultimate Anti-Aging Eye Cream,Algenist,eye-treatment-dark-circle-treatment,74.0,"Caprylic/Capric Triglyceride, Glycerin, Butyrospermum Parkii (Shea) Butter, Hydrogenated Polyisobutene, Chlorella Protothecoides Oil, Dimethicone, Glyceryl Stearate, PEG100 Stearate, Cetearyl Alcohol, Cetyl Alcohol, Pentylene Glycol, Silica, Algae Exopolysaccharides, Vegetable Collagen, Algae Extract, Palmitoyl Oligopeptide, Palmitoyl Tetrapeptide7, Copper Lysine Prolinate, Methyl Glucoside Phosphate, Albiza Julibrissin Bark Extract, Kigelia Africana Fruit Extract, Plantago Lanceolata Leaf Extract, Chrysin, Darutoside, Sodium PCA, Leuconostoc/Radish Root Ferment Filtrate, Stearic Acid, Ceteareth20, Caprylyl Glycol, Steareth20, Acrylates/C1030 Alkyl Acrylate Crosspolymer, Butylene Glycol, Sodium Benzoate, Potassium Sorbate, Xanthan Gum, Chlorhexidine Digluconate, NHydroxysuccinimide, Chlorphenesin, Sodium Citrate, Disodium EDTA, Citric Acid, Sodium Hydroxide, Phenoxyethanol.",99,4957,0.5,0.0,https://www.sephora.com/product/genius-ultimate-anti-aging-eye-cream-P388262?icid2=products%20grid:p388262,0.5,148.0
Instant FIRMx Eye™,Peter Thomas Roth,eye-treatment-dark-circle-treatment,38.0,"Glycerin, Butylene Glycol, Sodium Silicate, Magnesium Aluminum Silicate, Sodium Magnesium Fluorosilicate, Palmitoyl Tetrapeptide7, Dipeptide2, Ascorbic Acid, Tocopheryl Acetate, Hesperidin Methyl Chalcone, Retinyl Palmitate, Panthenol, Foeniculum Vulgare (Fennel) Seed Extract, Medicago Sativa (Alfalfa) Seed Extract, Carrageenan, Argania Spinosa Kernel Extract, Peg8 Dimethicone, Silica, Octyldodecanol, Symphytum Officinale Leaf Extract, Sodium Propoxyhydroxypropyl Thiosulfate Silica, Bht, Disodium Edta, Hydrolyzed Lupine Protein, Steareth20, Sodium Cocoyl Glutamate, Carbomer, Chlorhexidine Digluconate, Ethylhexylglycerin, Potassium Sorbate, Citric Acid, Sodium Citrate, Sodium Benzoate, Phenoxyethanol.",404,6757,1.0,0.0,https://www.sephora.com/product/instant-firmx-eye-P283106?icid2=products%20grid:p283106,1.0,38.0
Elixir Vitae Eye Serum,Tata Harper,eye-treatment-dark-circle-treatment,295.0,**Clinicalgrade essential oils blend.,1,786,0.5,0.0,https://www.sephora.com/product/elixir-vitae-eye-serum-P449406?icid2=products%20grid:p449406,0.5,590.0
Wide Awake Brightening Eye Cream,Saturday Skin,eye-treatment-dark-circle-treatment,46.0,"Glycerin, Butylene Glycol, Cyclopentasiloxane, Trehalose, Pentylene Glycol, Polyglycerin3, Pyrus Malus (Apple ) Seed Oil, 1,2Hexanediol, Pyrus Malus (Apple) Fruit Citrus Limon (Lemon) Peel Oil, Juniperus Mexicana Oil, Citrus Aurantium Dulcis (Orange) Peel Oil, Citrus Grandis (Grapefruit) Peel Oil, Eucalyptus Globulus Leaf Oil, Lavandula Angustifolia (Lavender) Oil, Rosmarinus Officinalis (Rosemary) Leaf Oil, Phoenix Dactylifera (Date) Seed, Hydrolyzed Avocado Protein, Dipentaerythrityl Hexa C59 Acid Esters, Cyclohexasiloxane, Glyceryl Stearate, Hydroxyethyl Acrylate/Sodium Acryloyldimethyl Taurate Copolymer, PEG100 Stearate, Dimethicone/Vinyl Dimethicone Crosspolymer, Propanediol, Acrylates/C1030 Alkyl Acrylate Crosspolymer, PEG11 Methyl Ether Dimethicone, Tromethamine, PEG/PPG19/19 Dimethicone, Hydrogenated Lecithin, Ascorbic Acid, Cholesterol, PEG800, Polysorbate 20, Maltodextrin, Saccharide Hydrolysate, Polyglutamic Acid, Sodium Hyaluronate, shOligopeptide1, shPolypeptide1, shOligopeptide2, shPolypeptide22, shPolypeptide45, shPolypeptide8, shPolypeptide9, Cetearyl Alcohol, Xanthan Gum, Disodium EDTA.",1000,31902,1.01,0.0,https://www.sephora.com/product/wide-awake-brightening-eye-cream-P423681?icid2=products%20grid:p423681,1.01,45.54455445544554
Advanced Night Repair Concentrated Recovery Eye Mask,Estée Lauder,eye-treatment-dark-circle-treatment,42.0,"Methyl Gluceth20, Peg75, BisPeg18 Methyl Ether Dimethyl Silane, Butylene Glycol, Propanediol, Glycereth26, Cladosiphon Okamuranus Extract, Silybum Marianum (Lady'S Thistle) Extract, Echinacea Purpurea (Coneflower) Extract, Garcinia Mangostana Peel Extract, Anthemis Nobilis (Chamomile) Flower Extract, Caffeine, Coffea Arabica (Coffee) Seed Extract, Artemia Extract, Betula Alba (Birch) Extract, Poria Cocos Sclerotium Extract, Hydrolyzed Rice Extract, Camelina Sativa Seed Oil, Algae Extract, Lactobacillus Ferment, Hydrolyzed Algin, Squalane, C1215 Alkyl Benzoate, Yeast Extract/Faex/Extrait De Levure, Caprylyl Glycol, Tocopheryl Acetate, Peg8 Glyceryl Isostearate, Polysorbate 20, Glycine, Carbomer, Sodium Hyaluronate, Dextrin, Xanthan Gum, Sodium Hydroxide, Lecithin, Triethoxycaprylylsilane, Polyhydroxystearic Acid, Trisodium Edta, Phenoxyethanol, Iron Oxides (Ci 77491).",9,6841,0.0,0.0,https://www.sephora.com/product/advanced-night-repair-concentrated-recovery-eye-mask-P417359?icid2=products%20grid:p417359,0.5181621621621623,81.05570623826412
Plantscription™ Anti-Aging Power Eye Cream,Origins,eye-treatment-dark-circle-treatment,50.0,"Glyceryl Stearate, Butylene Glycol, Myristyl Myristate, Squalane, Jojoba Esters, Cetyl Alcohol, Peg100 Stearate, Anogeissus Leiocarpus Bark Extract, Chrysanthellum Indicum Extract, Ascophyllum Nodosum Extract, Rubus Idaeus (Raspberry) Leaf Extract, Rosmarinus Officinalis (Rosemary) Leaf Extract, Coffea Arabica (Coffee) Seed Extract, Asparagopsis Armata Extract, Vitis Vinifera (Grape) Fruit Extract, Scutellaria Baicalensis Root Extract, Morus Nigra (Mulberry) Root Extract, Centaurium Erythraea (Centaury) Extract, Bambusa Vulgaris (Bamboo) Extract, Pisum Sativum (Pea) Extract, Sigesbeckia Orientalis (St. Paul'S Wort) Extract, Simmondsia Chinensis (Jojoba) Butter, Cholesterol, Sodium Hyaluronate, Trehalose, Micrococcus Lysate, Dimethicone, Cetyl Ricinoleate, Caffeine, Glycerin, Hydrolyzed Algin, Hydrogenated Vegetable Oil, Laminaria Digitata Extract, Lecithin, Sorbitol, Caprylic/Capric Triglyceride, Crithmum Maritimum Extract, Peg4 Dilaurate, Acetyl Hexapeptide8, Jojoba Alcohol, Isopropyl Jojobate, Caprylyl Glycol, Steareth20, Cetearyl Alcohol, Polysorbate 60, Glucosamine Hcl, Ethylhexylglycerin, Potassium Hydroxide, Carbomer, Tetrahexyldecyl Ascorbate, Hexylene Glycol, Phenoxyethanol.",121,9732,0.5,0.0,https://www.sephora.com/product/plantscription-anti-aging-power-eye-cream-P394702?icid2=products%20grid:p394702,0.5,100.0
Green Tea Seed Intensive Hydrating Eye Cream,innisfree,eye-treatment-dark-circle-treatment,24.0,"Water / Aqua / Eau, Propanediol, Caprylic/Capric Triglyceride, Hydrogenated Poly(C614 Olefin), Butylene Glycol, Camellia Sinensis Seed Oil, Glycerin, Cetyl Ethylhexanoate, Methyl Trimethicone, Phytosteryl/Behenyl/Octyldodecyl Lauroyl Glutamate, C1422 Alcohols, Glyceryl Stearate, Arachidyl Alcohol, Stearic Acid, Butyrospermum Parkii (Shea) Butter, Palmitic Acid, 1,2Hexanediol, Behenyl Alcohol, Ammonium Acryloyldimethyltaurate/Vp Copolymer, Silica, Hydroxypropyl Starch Phosphate, C1220 Alkyl Glucoside, Cetearyl Alcohol, Arachidyl Glucoside, Fragrance / Parfum, Panthenol, Glyceryl Caprylate, Disodium Edta, Ethylhexylglycerin, Myristic Acid, Camellia Sinensis Leaf Extract, Lauric Acid, Dextrin, Theobroma Cacao (Cocoa) Extract, Tocopherol.",11,2614,1.01,0.0,https://www.sephora.com/product/green-tea-seed-intensive-hydrating-eye-cream-P449851?icid2=products%20grid:p449851,1.01,23.762376237623762
Premier Cru Anti-Aging Eye Cream,Caudalie,eye-treatment-dark-circle-treatment,99.0,*plant origin,126,5684,0.5,0.0,https://www.sephora.com/product/premier-cru-eye-cream-P428105?icid2=products%20grid:p428105,0.5,198.0
Stress Positive Eye Lift Mask ,Dermalogica,eye-treatment-dark-circle-treatment,69.0,"Dimethicone, Pentylene Glycol, Sorbitol, Simmondsia Chinensis (Jojoba) Seed Oil, Butylene Glycol, Glycerin, PEG40 Hydrogenated Castor Oil, Saccharomyces Ferment Lysate Filtrate, Tephrosia Purpurea Seed Extract, Hydrolyzed Sodium Hyaluronate, Niacinamide, Diglucosyl Gallic Acid, Citrus Reticulata (Tangerine) Leaf Oil, Ammonium Acryloyldimethyltaurate/VP Copolymer, Maris Aqua (Sea Water), Propanediol, Sodium Hyaluronate, Vetiveria Zizanoides Root Oil, Lavandula Angustifolia (Lavender) Oil, Rosa Damascena Flower Oil, Salvia Sclarea (Clary) Oil, Hydrolyzed Algin, Aniba Rosaeodora (Rosewood) Wood Oil, Cananga Odorata Flower Oil, Glyceryl Stearate SE, Methyl Lactate, PEG100 Stearate, Acrylates/C1030 Alkyl Acrylate Crosspolymer, Tocopherol, Sucrose, Caprylic/Capric Triglyceride, Ethylhexylglycerin, Sodium Hydroxide, Tetrasodium Glutamate Diacetate, Aminomethyl Propanol, Xanthan Gum, Linalool, Geraniol, Phenoxyethanol.",24,5149,0.85,0.0,https://www.sephora.com/product/stress-positive-eye-lift-P423143?icid2=products%20grid:p423143,0.85,81.17647058823529
MultiVitamin Power Firm Eye Cream,Dermalogica,eye-treatment-dark-circle-treatment,65.0,"Cyclopentasiloxane, BisDiglyceryl Polyacyladipate2, Dimethicone Crosspolymer, Cetyl Ethylhexanoate, Polylactic Acid, Tocopheryl Acetate, Caprylic/Capric Triglyceride, Camellia Sinensis Leaf Extract, Chamomilla Recutita (Matricaria) Extract, Spilanthes Acmella Flower Extract, Corallina Officinalis Extract, Carthamus Tinctorius (Safflower) Seed Oil, Vitis Vinifera (Grape) Seed Oil, Ascorbic Acid, Glycyrrhetinic Acid, Boron Nitride, Retinyl Palmitate, Tocopherol, Hydrogenated Soybean Oil, Benzyl Alcohol, Flavor/Aroma.",30,4516,0.5,0.0,https://www.sephora.com/product/multivitamin-power-firm-P423134?icid2=products%20grid:p423134,0.5,130.0
The Quench Eye Reviving Quadralipid Eye Balm,BeautyBio,eye-treatment-dark-circle-treatment,95.0,"Glycerin, Bis Diglyceryl Polyacyladipate2, Glyceryl Stearate, Jojoba Esters, Cetearyl Alcohol, Caprylic/Capric/Myristic/Stearic Triglyceride, Neopentyl Glycol Dicaprylate/Dicaprate, Dimethicone, Niacinamide, Tridecyl Stearate, Ethyl Macadamiate, Caprylic/Capric Triglyceride, Paraffin, PPG12/SMDI Copolymer, PEG100 Stearate, Beeswax, Cetyl Alcohol, Pullulan, Squalane, Tridecyl Trimellitate, Cyclopentasiloxane, Albizia Julibrissin (Persian Silk Tree) Bark Extract, Caprylyl Glycol, Spilanthes Acmella Flower Extract, Sodium Hyaluronate, Polysilicone11, Panax Ginseng Root Extract, Portulaca Oleracea (Purslane) Extract, Centella Asiatica (Gutu Kola) Extract, Dipeptide Diaminobutyroyl Benzylamide Diacetate, Darutoside, Phenoxyethanol, Sodium Polyacrylate, Xanthan Gum, Steareth20, Hexylene Glycol, Disodium EDTA, Steareth10, Sodium Benzoate, Tocopherol, Malic Acid.",2,1654,0.5,0.0,https://www.sephora.com/product/the-quench-eye-reviving-quadralipid-eye-balm-P449415?icid2=products%20grid:p449415,0.5,190.0
Eye Fuel,Kiehl's Since 1851,eye-treatment-dark-circle-treatment,24.0,"Glycerin, Bis Diglyceryl Polyacyladipate2, Glyceryl Stearate, Jojoba Esters, Cetearyl Alcohol, Caprylic/Capric/Myristic/Stearic Triglyceride, Neopentyl Glycol Dicaprylate/Dicaprate, Dimethicone, Niacinamide, Tridecyl Stearate, Ethyl Macadamiate, Caprylic/Capric Triglyceride, Paraffin, PPG12/SMDI Copolymer, PEG100 Stearate, Beeswax, Cetyl Alcohol, Pullulan, Squalane, Tridecyl Trimellitate, Cyclopentasiloxane, Albizia Julibrissin (Persian Silk Tree) Bark Extract, Caprylyl Glycol, Spilanthes Acmella Flower Extract, Sodium Hyaluronate, Polysilicone11, Panax Ginseng Root Extract, Portulaca Oleracea (Purslane) Extract, Centella Asiatica (Gutu Kola) Extract, Dipeptide Diaminobutyroyl Benzylamide Diacetate, Darutoside, Phenoxyethanol, Sodium Polyacrylate, Xanthan Gum, Steareth20, Hexylene Glycol, Disodium EDTA, Steareth10, Sodium Benzoate, Tocopherol, Malic Acid.",21,3687,0.5,0.0,https://www.sephora.com/product/eye-fuel-P436376?icid2=products%20grid:p436376,0.5,48.0
Retinol Fusion PM Eye Cream,Peter Thomas Roth,eye-treatment-dark-circle-treatment,55.0,"Glyceryl Stearate, Caprylic/Capric Triglyceride, Cetyl Alcohol, Propylene Glycol Stearate, Cera Alba (Beeswax), Caffeine, Retinol, Butyrospermum Parkii (Shea) Butter, Persea Gratissima (Avocado) Oil, Ascorbic Acid, Retinyl Palmitate, Tocopheryl Acetate, Sodium Hyaluronate, Sodium PCA, BHT, Superoxide Dismutase, Squalane, Aloe Barbadensis Leaf Juice, Soluble Collagen, Hydrolyzed Elastin, Lecithin, Allantoin, Panthenol, Ceramide NP, Echinacea Purpurea Extract, Algae Extract, C1314 Isoparaffin, Foeniculum Vulgare (Fennel) Seed Extract, Rosa Canina Fruit Oil, Viola Tricolor Extract, Camellia Sinensis Leaf Extract, Dimethicone, Helianthus Annuus (Sunflower) Seed Oil, Wheat Amino Acids, Potassium Phosphate, Leuconostoc/Radish Root Ferment Filtrate, Citric Acid, Disodium EDTA, Carbomer, Triethanolamine, Steapyrium Chloride, Polyacrylamide, Polysorbate 20, Oleic Acid, Soy Acid, Laureth7, Ascorbyl Methylsilanol Pectinate, EDTA, Methylpropanediol, Butylene Glycol, Propylene Glycol, Potassium Sorbate, Sodium Benzoate, Pentylene Glycol, Alcohol, Phenoxyethanol.",47,5022,0.5,0.0,https://www.sephora.com/product/retinol-fusion-pm-eye-cream-P407151?icid2=products%20grid:p407151,0.5,110.0
Revitalizing Supreme Global Anti-Aging Eye Balm,Estée Lauder,eye-treatment-dark-circle-treatment,67.0,"Revitalizing Supreme+ Aa Eye Balm   Division: El (Estee Lauder)Ingredients: Methyl Trimethicone , Propanediol , Isododecane , Polyethylene , Dimethicone , Hydrogenated Polyisobutene , Dimethicone/Vinyl Dimethicone Crosspolymer , Caprylic/Capric/Myristic/Stearic Triglyceride , Cetyl Peg/Ppg10/1 Dimethicone , Butylene Glycol , Nylon12 , Isononyl Isononanoate , Limonium Vulgare Flower/Leaf/Stem Extract , Cucumis Sativus (Cucumber) Fruit Extract , Narcissus Tazetta Bulb Extract , Moringa Oleifera Seed Extract , Laminaria Digitata Extract , Hydrolyzed Rice Extract , Mimosa Tenuiflora Bark Extract , Opuntia Tuna Extract , Artemia Extract , Acetyl Glucosamine , Whey Protein/Lactis Protein/Proteine Du PetitLait , Sigesbeckia Orientalis (St. Paul'S Wort) Extract , Triticum Vulgare (Wheat) Germ Extract , Caffeine , Hordeum Vulgare (Barley) Extract/Extrait D'Orge , Pinanediol , Squalane , Algae Extract , Camphanediol , Acetyl Hexapeptide8 , Aminopropyl Ascorbyl Phosphate , Sodium Hyaluronate , Methicone , Sucrose , Glycerin , Lauryl Peg9 Polydimethylsiloxyethyl Dimethicone , Caprylyl Glycol , Polysilicone11 , Tocopheryl Acetate , Peg10 Dimethicone , Propylene Glycol Dicaprate , Disteardimonium Hectorite , Isoceteth20 , Helianthus Annuus (Sunflower) Seedcake , Boron Nitride , Hexylene Glycol , Magnesium Sulfate , Citric Acid , Maltodextrin , Alumina , Triethoxycaprylylsilane , Disodium Edta , Bht , Phenoxyethanol , Titanium Dioxide (Ci 77891) , Iron Oxides (Ci 77491) <iln43138></iln43138>",9,1008,0.5,0.0,https://www.sephora.com/product/revitalizing-supreme-global-anti-aging-eye-balm-P392951?icid2=products%20grid:p392951,0.5,134.0
SpectraLite EyeCare Pro LED Device,Dr. Dennis Gross Skincare,eye-treatment-dark-circle-treatment,159.0,"Revitalizing Supreme+ Aa Eye Balm   Division: El (Estee Lauder)Ingredients: Methyl Trimethicone , Propanediol , Isododecane , Polyethylene , Dimethicone , Hydrogenated Polyisobutene , Dimethicone/Vinyl Dimethicone Crosspolymer , Caprylic/Capric/Myristic/Stearic Triglyceride , Cetyl Peg/Ppg10/1 Dimethicone , Butylene Glycol , Nylon12 , Isononyl Isononanoate , Limonium Vulgare Flower/Leaf/Stem Extract , Cucumis Sativus (Cucumber) Fruit Extract , Narcissus Tazetta Bulb Extract , Moringa Oleifera Seed Extract , Laminaria Digitata Extract , Hydrolyzed Rice Extract , Mimosa Tenuiflora Bark Extract , Opuntia Tuna Extract , Artemia Extract , Acetyl Glucosamine , Whey Protein/Lactis Protein/Proteine Du PetitLait , Sigesbeckia Orientalis (St. Paul'S Wort) Extract , Triticum Vulgare (Wheat) Germ Extract , Caffeine , Hordeum Vulgare (Barley) Extract/Extrait D'Orge , Pinanediol , Squalane , Algae Extract , Camphanediol , Acetyl Hexapeptide8 , Aminopropyl Ascorbyl Phosphate , Sodium Hyaluronate , Methicone , Sucrose , Glycerin , Lauryl Peg9 Polydimethylsiloxyethyl Dimethicone , Caprylyl Glycol , Polysilicone11 , Tocopheryl Acetate , Peg10 Dimethicone , Propylene Glycol Dicaprate , Disteardimonium Hectorite , Isoceteth20 , Helianthus Annuus (Sunflower) Seedcake , Boron Nitride , Hexylene Glycol , Magnesium Sulfate , Citric Acid , Maltodextrin , Alumina , Triethoxycaprylylsilane , Disodium Edta , Bht , Phenoxyethanol , Titanium Dioxide (Ci 77891) , Iron Oxides (Ci 77491) <iln43138></iln43138>",40,6987,0.0,0.0,https://www.sephora.com/product/spectralite-eyecare-pro-led-device-P418301?icid2=products%20grid:p418301,0.5181621621621623,306.853745044857
Multi-Task Eye Serum Mask,Erno Laszlo,eye-treatment-dark-circle-treatment,38.0,"Glycerin, Butylene Glycol, Niacinamide, Ceratonia Siliqua Gum, Chondrus Crispus (Carrageenan) Extract, Allantoin, Peg60Hydrogenated Castor Oil, Centella Asiatica Extract, Ethylhexylglycerin, Saccharide Isomerate, Disodium Edta, Dipotassium Glycyrrhizate, 1,2Hexanediol, Sodium Citrate, Sodium Hyaluronate, Citric Acid, Potassium Hydroxide, Chlorella Vulgaris Extract, Fragrance, Phenoxyethanol.",27,6840,,0.0,https://www.sephora.com/product/multi-task-eye-serum-mask-P429931?icid2=products%20grid:p429931,0.5181621621621623,73.33611516795325
Helix AM/PM Eye Gel,Volition Beauty,eye-treatment-dark-circle-treatment,52.0,"Propylene Glycol, Cyclopentasiloxane, Dimethicone Crosspolymer, Snail Secretion Filtrate, Butylene Glycol, Sodium Acrylate/Sodium Acryloyldimethyl Taurate Copolymer, Isohexadecane, Polysorbate 80, Phenoxyethanol, Ethylhexylglycerin, Fragrance, Limonene.",266,11418,0.5,0.0,https://www.sephora.com/product/helix-am-pm-eye-gel-P421952?icid2=products%20grid:p421952,0.5,104.0
Even Better Eyes Dark Circle Corrector,CLINIQUE,eye-treatment-dark-circle-treatment,42.0,"Dimethicone, Isostearyl Palmitate, Polyethylene, Polysilicone11, Butylene Glycol, Ethylene/Acrylic Acid Copolymer, Isononyl Isononanoate, Polymethylsilsesquioxane, Cetyl Peg/Ppg10/1 Dimethicone, Polymethyl Methacrylate, Morus Nigra (Mulberry) Root Extract, Camellia Sinensis (Green Tea) Leaf Extract, Scutellaria Baicalensis Root Extract, Sigesbeckia Orientalis (St. Paul'S Wort) Extract, Olea Europaea (Olive) Fruit Extract, Whey Protein\Lactis Protein\Protéine Du PetitLait, Vitis Vinifera (Grape) Fruit Extract, Triticum Vulgare (Wheat) Bran Extract, Yeast Extract\Faex\Extrait De Levure, Cholesterol, Linoleic Acid, Glycerin, Palmitoyl Oligopeptide, Sucrose, Pyridoxine Dipalmitate, Petrolatum, Glyceryl Polymethacrylate, Dimethicone Crosspolymer3, Caffeine, Tocopheryl Acetate, Glyceryl Laurate, Quaternium90 Bentonite, Peg8, Phytosphingosine, Peg/Ppg18/18 Dimethicone, Dimethicone Silylate, Magnesium Ascorbyl Phosphate, Propylene Carbonate, Triethoxycaprylylsilane, Sodium Chloride, Disodium Edta, Phenoxyethanol, Mica, Titanium Dioxide (Ci 77891), Iron Oxides (Ci 77499), Iron Oxides (Ci 77492), Iron Oxides (Ci 77491).",373,13618,0.34,0.0,https://www.sephora.com/product/even-better-eyes-dark-circle-corrector-P374841?icid2=products%20grid:p374841,0.34,123.52941176470587
Eye Mask - Lychee - Moisturizing,SEPHORA COLLECTION,eye-treatment-dark-circle-treatment,5.0,"Aqua (Water), Butylene Glycol, Glycerin, Aloe Barbadensis Leaf Juice, 1,2Hexanediol, Hydroxyacetophenone, Saccharide Isomerate, Xanthan Gum, 3OEthyl Ascorbic Acid, Hydrolyzed Sclerotium Gum, Dipotassium Glycyrrhizate, Glycosyl Trehalose, Parfum (Fragrance), Phosphatidylcholine, Litchi Chinensis Fruit Extract, Phenoxyethanol, Citric Acid, Polysorbate 80, Sodium Citrate, Ascorbyl Palmitate, Potassium Sorbate, Sodium Benzoate, Tocopheryl Acetate.",0,0,0.0,0.0,https://www.sephora.com/product/eye-mask-lychee-moisturizing-P445454?icid2=products%20grid:p445454,0.5181621621621623,9.649488837888585
Wing Man Liver Detox and Dark Circle Supplement,HUM Nutrition,eye-treatment-dark-circle-treatment,25.0,"Milk Thistle Extract, Dandelion Root, Artichoke Leaf, Cellulose Powder, Silica, Magnesium.",46,10783,0.0,0.0,https://www.sephora.com/product/wing-man-supplements-P386757?icid2=products%20grid:p386757,0.5181621621621623,48.24744418944293
Wild Rose Vitamin C Brightening Eye Cream,KORRES,eye-treatment-dark-circle-treatment,38.0,"Glycerin, C1315 Alkane, Caprylic/Capric Triglyceride, Glyceryl Stearate Citrate, Cetearyl Alcohol, Betaine, Imperata Cylindrica Root Extract, Polyglyceryl3 Stearate, Acrylates/C1030 Alkyl Acrylate Crosspolymer, Alcohol Denat, Algin, Ascorbyl Tetraisopalmitate, Benzyl Alcohol, Caprylyl Glycol, Carbomer, Disodium Phosphate, Glyceryl Caprylate, Glyceryl Polyacrylate, Helianthus Annuus (Sunflower) Seed Oil, Hydrogenated Lecithin, Hydrogenated Palm Glycerides, Hydrogenated Palm Kernel Glycerides, Hydrolyzed Sodium Hyaluronate, Hydroxyethyl Acrylate/Sodium Acryloyldimethyl Taurate Copolymer, Hydroxyethylcellulose, Lactic Acid, Lonicera Caprifolium (Honeysuckle) Flower Extract, Lonicera Japonica (Honeysuckle) Flower Extract, Fragrance, Peg100 Stearate, Pentylene Glycol, Phenoxyethanol, Potassium Phosphate, Potassium Sorbate, Pullulan, Rhodiola Rosea Root Extract, Rosa Canina Fruit Oil, Rosmarinus Officinalis (Rosemary) Extract, Saccharomyces Cerevisiae Extract, Saccharomyces/Xylinum/Black Tea Ferment, Salicylic Acid, Serine, Simmondsia Chinensis (Jojoba) Seed Oil, Sodium Hyaluronate, Sodium Polyacrylate Starch, Terminalia Ferdinandiana Fruit Extract, Tetrasodium Glutamate Diacetate, Tocopherol, Tocopheryl Acetate, Trehalose, Urea, Xanthan Gum.",11,1304,0.51,0.0,https://www.sephora.com/product/wild-rose-vitamin-c-brightening-eye-cream-P444457?icid2=products%20grid:p444457,0.51,74.50980392156863
Boosted Contouring Retinol Eye Balm,Tata Harper,eye-treatment-dark-circle-treatment,215.0,**ClinicalGrade Essential Oils Blend.,0,746,0.5,0.0,https://www.sephora.com/product/boosted-contouring-retinol-eye-balm-P449410?icid2=products%20grid:p449410,0.5,430.0
Kinetin+ Hydrating Eye Cream,Obagi Clinical,eye-treatment-dark-circle-treatment,65.0,"Water​,​ Cetyl Alcohol​,​ Silica​,​ PEG20 Methyl Glucose Sesquistearate​,​ Octyldodecyl Myristate,​ PEG12 Glyceryl Dimyristate,​ Caprylic/Capric Triglyceride​,​ Glycerin​,​ Saccharide Isomerate​,​ Methyl Glucose Sesquistearate​,​ Lactobacillus Ferment,​ Tetrasodium EDTA​,​ Dimethicone​,​Kinetin, Zeatin, Ceremide NP, Ceramide AP, Ceramide EOP, Phytosphingosine, Cholesterol, Algae Extract, Phenoxyethanol, Carbomer, Triethanolamine, Sodium Lauroyl Lactylate, Ethoxydiglycol, Tocopheryl Acetate, Polyurethante40, Ethylhexyglycerin, Palmitoyl Tripeptide5, Xanthan Gum, Lechithin, Arabidopsis Thaliana Extract, Hydrochloric Acid.",115,3424,0.5,0.0,https://www.sephora.com/product/kinetin-hydrating-eye-cream-P439425?icid2=products%20grid:p439425,0.5,130.0
Essential Fx Acyl-Glutathione Smoothing & Brightening Under-Eye Cream,Perricone MD,eye-treatment-dark-circle-treatment,122.0,"Octyldodecyl Neopentanoate, Cetearyl Alcohol, Sodium Polystyrene Sulfonate, Glycerin, Caprylic/Capric Triglyceride, Dimethicone, Behenyl Alcohol, Hydrogenated Vegetable Glycerides, Trifluoromethyl C14 Alkyl Dimethicone, Glyceryl Stearate, PEG100 Stearate, Butyrospermum Parkii (Shea) Butter, SPalmitoylglutathione, Steareth20, Macadamia Ternifolia Seed Oil, Salvia Hispanica Seed Oil, Xanthan Gum, Linum Usitatissimum (Linseed) Seed Oil, Ethylhexylglycerin, Lactic Acid, Helianthus Annuus (Sunflower) Seed Oil, Rosmarinus Officinalis (Rosemary) Leaf Extract, Disodium EDTA, Sodium Hydroxide, Butylene Glycol, Fucus Vesiculosus Extract, Cryptomeria Japonica Leaf Extract, Hexylene Glycol, Caprylyl Glycol, Phenoxyethanol, Silica, Titanium Dioxide (Ci 77891), Iron Oxides (Ci 77499).",171,4026,0.5,0.0,https://www.sephora.com/product/essential-fx-acyl-glutathionesmoothing-brightening-under-eye-cream-P433954?icid2=products%20grid:p433954,0.5,244.0
Peat Miracle Revital Eye Cream,belif,eye-treatment-dark-circle-treatment,58.0,"Glycerin, Dipropylene Glycol, Cyclopentasiloxane, Caprylic/Capric Triglyceride, Glyceryl Stearate, Neopentyl Glycol Dicaprate, Hydrogenated Polydecene, 1,2Hexanediol, Cetearyl Alcohol, Butyrospermum Parkii (Shea) Butter, Polyglyceryl3 Methylglucose Distearate, C1422 Alcohols, Portulaca Oleracea Extract, Biosaccharide Gum1, Panthenol, PEG100 Stearate, Peat Extract(0.5%), Euphrasia Officinalis Extract*, Glycyrrhiza Glabra (Licorice) Root Extract*, Achillea Millefolium Flower Extract*, Aesculus Hippocastanum (Horse Chestnut) Leaf Extract*, Rhodiola Rosea Root Extract*, Vaccinium Myrtillus Fruit Extract*, Equisetum Arvense Leaf Extract*, Alchemilla Vulgaris Leaf Extract**, Viola Tricolor Extract**, Rosa Damascena Flower Extract**, Spiraea Ulmaria Flower Extract**, Althaea Officinalis Root Extract**, Avena Sativa (Oat) Kernel Extract***, Calendula Officinalis Flower Extract***, Nepeta Cataria Extract***, Rubus Idaeus (Raspberry) Leaf Extract***, Baptisia Tinctoria Root Extract***, Stellaria Media (Chickweed) Extract***, Aminobutyric Acid, Jojoba Esters, Dimethicone, Sorbitan Stearate, C1220 Alkyl Glucoside, Ammonium Acryloyldimethyltaurate/VP Copolymer, Acrylates/C1030 Alkyl Acrylate Crosspolymer, Tromethamine, Mica, Titanium Dioxide, Iron Oxides(CI 77491), Trisodium EDTA, Fragrance+, Citronellol, Limonene, Geraniol , Linalool*. **Napiers Moisture Formula. ***Napiers Original Formula. +Fragrances Of Natural Origin.",140,14136,0.84,0.0,https://www.sephora.com/product/peat-miracle-revital-eye-cream-P413949?icid2=products%20grid:p413949,0.84,69.04761904761905
Vitamin C+ Collagen Brighten & Firm Eye Cream,Dr. Dennis Gross Skincare,eye-treatment-dark-circle-treatment,65.0,"C1215 Alkyl Benzoate, Glycerin, Pentylene Glycol, Caprylic/Capric Triglyceride, Niacinamide, Aminobutyric Acid, Glyceryl Stearate, Hydroxyethyl Acrylate/Sodium Acryloyldimethyl Taurate Copolymer, PEG40 Stearate, Silica, Stearyl Alcohol, 3OEthyl Ascorbic Acid, Ascorbic Acid, Collagen Amino Acids, Superoxide Dismutase, Glycine, Hydroxyproline, Carnitine, Ubiquinone, Adenosine, Phyllanthus Emblica Fruit Extract, Hydrolyzed Soy Protein, Ascorbyl Glucoside, Ceramide NG, Dipeptide2, Palmitoyl Tetrapeptide7, Palmitoyl Tripeptide1, Palmitoyl Hexapeptide12, Hesperidin Methyl Chalcone, Ectoin, Chrysin, Glycyrrhiza Glabra (Licorice) Root Extract, Cucumis Sativus (Cucumber) Fruit Extract, Tocopherol, Lactic Acid, Biotin, Sea Whip Extract, Porphyridium Cruentum Extract, Echinacea Angustifolia Extract, Arnica Montana Flower Extract, Phytic Acid, Tetrasodium EDTA, Trisodium EDTA, Citric Acid, Sodium Citrate, NHydroxysuccinimide, Lecithin, Tribehenin, Butylene Glycol, Sorbitan Isostearate, Steareth20, Ceteareth20, Hydroxypropyl Methylcellulose, Pullulan, Acrylates/C1030 Alkyl Acrylate Crosspolymer, Cetearyl Alcohol, Polysorbate 60, PEG10 Phytosterol, Leuconostoc/Radish Root Ferment Filtrate, Phenoxyethanol, Chlorhexidine Digluconate, Potassium Sorbate, Benzyl Alcohol, Sodium Benzoate, Mica, Titanium Dioxide (CI 77891).",56,6962,0.5,0.0,https://www.sephora.com/product/c-collagen-brighten-firm-eye-cream-P418302?icid2=products%20grid:p418302,0.5,130.0
Cold Plasma+ Eye,Perricone MD,eye-treatment-dark-circle-treatment,110.0,"Isopropyl Palmitate, Cetearyl Alcohol, Glyceryl Stearate, PEG100 Stearate, Hydrolyzed Jojoba Esters, Ceteareth20, Olea Europaea (Olive) Fruit Oil, Tetrahexyldecyl Ascorbate, Benzyl Alcohol, Phosphatidylcholine, Acetyl Tetrapeptide5, Palmitoyl Tripeptide1, Palmitoyl Tetrapeptide7, Echium Plantagineum Seed Oil, Helianthus Annuus (Sunflower) Seed Oil, Copper Tripeptide1, Magnesium Aspartate, Zinc Gluconate, Rosmarinus O_cinalis (Rosemary) Leaf Extract, Copper Gluconate, NHydroxysuccinimide, Tocopherol, Sodium Hyaluronate, Chrysin, Disodium EDTA, Hydrogenated Vegetable Oil, Glycerin, Dimethicone, Cyclopentasiloxane, Steareth20, Silica, Titanium Dioxide (CI 77891), Iron Oxides (CI 77491).",31,2038,0.5,0.0,https://www.sephora.com/product/cold-plasma-eye-P426831?icid2=products%20grid:p426831,0.5,220.0
Eye Mask - Grape - Smoothing,SEPHORA COLLECTION,eye-treatment-dark-circle-treatment,5.0,"Butylene Glycol,   Glycerin,  Aloe Barbadensis Leaf Juice,   1,2Hexanediol,  Hydroxyacetophenone,  Glycosyl Trehalose,   Xanthan Gum,  Hydrolyzed Sclerotium Gum,  Dipotassium Glycyrrhizate,   (Fragrance), Phosphatidylcholine,   Phenoxyethano,   Polysorbate 80,  Vitis Vinifera (Grape) Fruit Extract,  Mesembryanthemum Crystallinum Callus Extract,  Ascorbyl Palmitate,  Citric Acid,  Potassium Sorbate,  Tocopheryl Acetate,  Sodium Benzoate, Astaxanthin.",3,0,0.0,0.0,https://www.sephora.com/product/eye-mask-grape-P432073?icid2=products%20grid:p432073,0.5181621621621623,9.649488837888585
Capture Totale C.E.L.L. ENERGY - Firming & Wrinkle-Correcting Eye Cream,Dior,eye-treatment-dark-circle-treatment,105.0,"Aqua (Water), Glycerin, Butylene Glycol, Niacinamide, Ethylhexyl Stearate, Propylene Glycol Dicaprylate/Dicaprate, Polymethyl Methacrylate, CocoCaprylate/Caprate, BisBehenyl/Isostearyl/Phytosteryl Dimer Dilinoleyl Dimer Dilinoleate, Pentylene Glycol, Soybean Glycerides, Cetyl Alcohol, Stearyl Alcohol, BetaSitosterol, Steareth21, Aframomum Angustifolium Seed Extract, Paeonia Lactiflora Root Extract, Lilium Candidum Bulb Extract, Jasminum Officinale (Jasmine) Flower Extract, Sodium Surfactin, Albizia Julibrissin Bark Extract, Siegesbeckia Orientalis Extract, Biosaccharide Gum2, Hydrolyzed Soy Protein, Ascorbyl Glucoside, Sodium Tocopheryl Phosphate, Adenosine, Xylitol, Trehalose, Palmaria Palmata Extract, Sodium Hyaluronate, Butyrospermum Parkii (Shea) Butter Unsaponifiables, Mangifera Indica (Mango) Seed Butter, Polyethylene, Steareth2, Sorbitol, Acrylates/C1030 Alkyl Acrylate Crosspolymer, Caprylyl Glycol, Parfum (Fragrance), Chlorphenesin, Silica, Dimethicone, Polyacrylamide, Tocopheryl Acetate, Algin, Synthetic Fluorphlogopite, C1314 Isoparaffin, Ci 77891 (Titanium Dioxide), Xanthan Gum, Polyvinyl Alcohol, Sodium Hydroxide, Cellulose Gum, Laureth7, Tin Oxide, Citric Acid, Sodium Benzoate, Potassium Sorbate, Ascorbyl Palmitate, Tocopherol.",0,116,0.5,0.0,https://www.sephora.com/product/dior-capture-totale-cell-energy-firming-wrinkle-correcting-eye-cream-P454807?icid2=products%20grid:p454807,0.5,210.0
Powerful Wrinkle Reducing Eye Cream,Kiehl's Since 1851,eye-treatment-dark-circle-treatment,45.0,"Gycerin, Cyclohexasiloxane, Propylene Glycol, Cetyl Alcohol, Stearyl Alcohol, Squalane, Stearic Acid, Palmitic Acid, PEG100 Stearate, Cera Alba/Beeswax, Glyceryl Stearate, Nylon12, Aluminum Starch Octenylsuccinate, PEG20 Stearate, Phenoxyethanol, Butylene Glycol, Methyl Methacrylate Crosspolymer, Caprylyl Glycol, Panthenol, Tocopheryl Acetate, Chlorphenesin, Caffeine, Sodium Hyaluronate, Calcium PCA, Acrylates Copolymer, Adenosine, Sodium Hydroxide, Hydroxypalmitoyl Sphinganine, Copper PCA, Alteromonas Ferment Extract, Corallina Officinalis Extract.",24,4261,0.5,0.0,https://www.sephora.com/product/powerful-wrinkle-reducing-eye-cream-P422266?icid2=products%20grid:p422266,0.5,90.0
High Potency Classics: Firming Eye Lift,Perricone MD,eye-treatment-dark-circle-treatment,72.0,"Cetearyl Alcohol, Polysorbate 60, Squalane, Isopropyl Palmitate, Tetrahexyldecyl Ascorbate, Benzyl Alcohol, Phosphatidylcholine, Dimethyl MEA, Acetyl Tetrapeptide5, Palmitoyl Tetrapeptide7, Dipeptide2, Hesperidin Methyl Chalcone, Undecylenoyl Phenylalanine, Calophyllum Tacamahaca Seed Oil, Sodium Hyaluronate, Copper Gluconate, Magnesium Aspartate, Zinc Gluconate, Emblica Officinalis Fruit Extract, Ethylhexylglycerin, Disodium EDTA, Polyacrylate Crosspolymer6, Butylene Glycol, Glycerin, Steareth20, Caprylyl Glycol, Chlorhexidine Digluconate, Phenoxyethanol, Potassium Sorbate, Sorbic Acid.",249,1675,0.5,0.0,https://www.sephora.com/product/high-potency-classics-firming-eye-lift-P434342?icid2=products%20grid:p434342,0.5,144.0
Hydro-Dynamic® Ultimate Moisture For Eyes,Murad,eye-treatment-dark-circle-treatment,70.0,"C1215 Alkyl Benzoate, Cetearyl Alcohol, Glycerin, Dimethicone, Algae Extract, Tocopheryl Acetate, Jojoba Alcohol, Potassium Jojobate, Shea Butter, Inositol, Taurine, Trehalose, Bisabolol, Betaine, Sorbitol, Glycine, Alanine, Proline, Serine, Threonine, Arginine, Lysine, Glutamic Acid, Chitosan Ascorbate, Sodium Hyaluronate, Sodium PCA, Palmitoyl Oligopeptide, Palmitoyl Tetrapeptide7, NHydroxysuccinimide, Chrysin, Butylene Glycol, Glyceryl Stearate, Glyceryl Polymethacrylate, Pentylene Glycol, Polyglyceryl10 Behenate/Eicosadioate, Cetearyl Glucoside, PEG100 Stearate, PEG8,Sucrose Polysoyate, Disodium EDTA, Ammonium Acryloyldimethyltaurate/VP Copolymer, Polysorbate 60, Steareth20, Pullulan, Yeast Amino Acids, Urea, Menthyl Lactate, Zinc Gluconate, Phenoxyethanol, Ethylhexylglycerin, Chlorphenesin.",86,3350,0.5,0.0,https://www.sephora.com/product/hydro-dynamic-ultimate-moisture-for-eyes-P293206?icid2=products%20grid:p293206,0.5,140.0
Age Reversal Eye Complex,Dermalogica,eye-treatment-dark-circle-treatment,80.0,"Methylheptyl Isostearate, Cyclopentasiloxane, Cetyl Alcohol, Diglycerin, Dimethicone, Pentylene Glycol, Prunus Armeniaca (Apricot) Kernel Oil, Glyceryl Stearate PEG100 Stearate, Isohexadecane, Propanediol, Glycerinm, Niacinamide, Palmitoyl Tetrapeptide7, Sodium Ascorbyl Phosphate, Laminaria Digitata Extract, Retinol, Saccharomyces Lysate Extract, Palmitoyl Tripeptide5, Avena Sativa (Oat) Kernel Extract, Dunaliella Salina Extract Panthenol, Hydrolyzed Lupine Protein, Dipeptide2, Ascorbyl Palmitate, Sodium Hyaluronate, Medicago Sativa (Alfalfa) Seed Extract, Saccharomyces Lysate Extract, Hydrolyzed Soy Protein, Glycyrrhiza Glabra (Licorice) Root Extract, Bisabolol, Caffeine, Glucosamine HCL, Aleurites Moluccanus Seed Oil, Fraxinus Excelsior Bark Extract, Tocopherol, Silanetriol, Palmitoyl Tripeptide1, Ceramide 3, Lecithin, Arginine/Lysine Polypeptide, Tremella Fuciformis Polysaccharide, Camellia Sinensis Leaf Extract, Cucumis Sativus (Cucumber) Fruit Extract, Tocopheryl Acetate, Corallina Officinalis Extract, Dimethiconol, Hesperidin Methyl Chalcone, Pantolactone, Ceramide NP, Sodium Lactate, Leuconostoc/Radish Root Ferment Filtrate, Acrylates/C1030 Alkyl Acrylate Crosspolymer, Laureth23, Oryza Sativa (Rice) Bran Extract, Urea, Polyglycerin3, Helianthus Annuus (Sunflower) Seed Oil, Cetyl Palmitate, Trideceth6 Phosphate, Butylene Glycol, Carbomer, Potassium Sorbate, Oleth20, Sodium Acrylates Copolymer, Isostearic Acid, Steareth20, Polysorbate 20, Caprylic/Capric Triglycerides, Disodium EDTA, Sodium Benzoate, BHA, Potassium Citrate, Citric Acid, BHT, Sodium Hydroxide, Aminomethyl Propanol, Ethylhexylglycerin, Phenoxyethanol.",8,1357,0.5,0.0,https://www.sephora.com/product/age-reversal-eye-complex-P423145?icid2=products%20grid:p423145,0.5,160.0
Capture Youth Age-Delay Advanced Eye Treatment,Dior,eye-treatment-dark-circle-treatment,75.0,"Methylheptyl Isostearate, Cyclopentasiloxane, Cetyl Alcohol, Diglycerin, Dimethicone, Pentylene Glycol, Prunus Armeniaca (Apricot) Kernel Oil, Glyceryl Stearate PEG100 Stearate, Isohexadecane, Propanediol, Glycerinm, Niacinamide, Palmitoyl Tetrapeptide7, Sodium Ascorbyl Phosphate, Laminaria Digitata Extract, Retinol, Saccharomyces Lysate Extract, Palmitoyl Tripeptide5, Avena Sativa (Oat) Kernel Extract, Dunaliella Salina Extract Panthenol, Hydrolyzed Lupine Protein, Dipeptide2, Ascorbyl Palmitate, Sodium Hyaluronate, Medicago Sativa (Alfalfa) Seed Extract, Saccharomyces Lysate Extract, Hydrolyzed Soy Protein, Glycyrrhiza Glabra (Licorice) Root Extract, Bisabolol, Caffeine, Glucosamine HCL, Aleurites Moluccanus Seed Oil, Fraxinus Excelsior Bark Extract, Tocopherol, Silanetriol, Palmitoyl Tripeptide1, Ceramide 3, Lecithin, Arginine/Lysine Polypeptide, Tremella Fuciformis Polysaccharide, Camellia Sinensis Leaf Extract, Cucumis Sativus (Cucumber) Fruit Extract, Tocopheryl Acetate, Corallina Officinalis Extract, Dimethiconol, Hesperidin Methyl Chalcone, Pantolactone, Ceramide NP, Sodium Lactate, Leuconostoc/Radish Root Ferment Filtrate, Acrylates/C1030 Alkyl Acrylate Crosspolymer, Laureth23, Oryza Sativa (Rice) Bran Extract, Urea, Polyglycerin3, Helianthus Annuus (Sunflower) Seed Oil, Cetyl Palmitate, Trideceth6 Phosphate, Butylene Glycol, Carbomer, Potassium Sorbate, Oleth20, Sodium Acrylates Copolymer, Isostearic Acid, Steareth20, Polysorbate 20, Caprylic/Capric Triglycerides, Disodium EDTA, Sodium Benzoate, BHA, Potassium Citrate, Citric Acid, BHT, Sodium Hydroxide, Aminomethyl Propanol, Ethylhexylglycerin, Phenoxyethanol.",19,1507,0.5,0.0,https://www.sephora.com/product/capture-youth-age-delay-advanced-eye-treatment-P440923?icid2=products%20grid:p440923,0.5,150.0
Hyaluronic Marine Dew It Right Eye Gel,Dr. Dennis Gross Skincare,eye-treatment-dark-circle-treatment,48.0,"Butylene Glycol, Glycerin, Caprylic/Capric Triglyceride, Silica, Sodium Hyaluronate, Saccharide Isomerate, Caulerpa Lentillifera Extract, Sea Whip Extract, Smilax Aristolochiifolia Root Extract, Glycyrrhiza Glabra (Licorice) Root Extract, Caffeine, Panthenol, Glucosyl Hesperidin, Asiaticoside, Madecassoside, Disodium Rutinyl Disulfate, Stearyl Heptanoate, Sodium PCA, Lactic Acid, Trehalose, Hydrogenated Lecithin, Citric Acid, Sodium Hydroxide, Acrylates/C1030 Alkyl Acrylate Crosspolymer, Glyceryl Polyacrylate, Sodium Citrate, Xanthan Gum, Dimethicone, Sodium Potassium Aluminum Silicate, Carbomer, Phenoxyethanol, Benzyl Alcohol, Tin Oxide (CI 77861), Mica (CI 77019), Titanium Dioxide (CI 77891)",111,9597,0.5,0.0,https://www.sephora.com/product/hyaluronic-marine-dew-it-all-eye-gel-P427393?icid2=products%20grid:p427393,0.5,96.0
Keep Young and Beautiful Anti-Aging Eye Cream,REN Clean Skincare,eye-treatment-dark-circle-treatment,44.0,"Butylene Glycol, Glycerin, Caprylic/Capric Triglyceride, Silica, Sodium Hyaluronate, Saccharide Isomerate, Caulerpa Lentillifera Extract, Sea Whip Extract, Smilax Aristolochiifolia Root Extract, Glycyrrhiza Glabra (Licorice) Root Extract, Caffeine, Panthenol, Glucosyl Hesperidin, Asiaticoside, Madecassoside, Disodium Rutinyl Disulfate, Stearyl Heptanoate, Sodium PCA, Lactic Acid, Trehalose, Hydrogenated Lecithin, Citric Acid, Sodium Hydroxide, Acrylates/C1030 Alkyl Acrylate Crosspolymer, Glyceryl Polyacrylate, Sodium Citrate, Xanthan Gum, Dimethicone, Sodium Potassium Aluminum Silicate, Carbomer, Phenoxyethanol, Benzyl Alcohol, Tin Oxide (CI 77861), Mica (CI 77019), Titanium Dioxide (CI 77891)",57,4166,0.5,0.0,https://www.sephora.com/product/keep-young-beautiful-anti-ageing-eye-cream-P377003?icid2=products%20grid:p377003,0.5,88.0
Ultimate Revival Eye Cream,SK-II,eye-treatment-dark-circle-treatment,195.0,"Galactomyces Ferment Filtrate*, Glycerin, Niacinamide, Isopropyl Isostearate, Isohexadecane, Butylene Glycol, Caprylic/Capric Triglyceride, Pentylene Glycol, Dimethicone, Stearyl Alcohol, Inositol, Petrolatum, Polyacrylamide, Cetyl Alcohol, Vinyl Dimethicone/Methicone Silsesquioxane Crosspolymer, Behenyl Alcohol, C1314 Isoparaffin, Panthenol, Tocopheryl Acetate, Titanium Dioxide, Benzyl Alcohol, Polymethylsilsesquioxane, Dimethiconol, Methylparaben, Cetearyl Alcohol, Cetearyl Glucoside, Laureth7, PEG100 Stearate, Stearic Acid, Xanthan Gum, Disodium EDTA, Crithmum Maritimum Extract, Propylparaben, Ethylparaben, Palmaria Palmata Extract, Oryza Sativa (Rice) Bran Extract, Peg7 Glyceryl Cocoate, Sodium Hydroxide, Fragrance, Polyquaternium7, Litchi Chinensis Pericarp Extract, Saccharomyces Cerevisiae Extract, Palmitoyl Dipeptide7, Methylsilanol TriPEG8 Glyceryl Cocoate, Methicone, Hexapeptide3, Ci 77492.  *Pitera.",6,968,0.52,0.0,https://www.sephora.com/product/ultimate-revival-eye-cream-P428102?icid2=products%20grid:p428102,0.52,375.0
Advanced Night Repair Eye Concentrate Matrix,Estée Lauder,eye-treatment-dark-circle-treatment,70.0,"Advanced Night Rpr Eye Conc Matrix   Division: El (Estee Lauder)Ingredients: Dimethicone , Isohexadecane , Glycerin , Butylene Glycol , BisPeg18 Methyl Ether Dimethyl Silane , Peg10 Dimethicone , Disteardimonium Hectorite , Isopropyl Isostearate , Ppg15 Stearyl Ether , Sucrose , Trehalose , Pentylene Glycol , Hydroxyethyl Urea , Cucumis Sativus (Cucumber) Fruit Extract , Garcinia Mangostana Peel Extract , Anthemis Nobilis (Chamomile) Flower Extract , Hordeum Vulgare (Barley) Extract/Extrait D'Orge , Silybum Marianum (Lady'S Thistle) Extract , Glycine Soja (Soybean) Seed Extract , Lactobacillus Ferment , Algae Extract , Sorbitol , Betula Alba (Birch) Extract , Scutellaria Baicalensis Root Extract , Morus Bombycis (Mulberry) Root Extract , Poria Cocos Sclerotium Extract , Camelina Sativa Seed Oil , Bifida Ferment Lysate , Propylene Glycol Dicaprate , Caffeine , Sodium Hyaluronate , Sodium Polyaspartate , Hydrogenated Lecithin , Aminopropyl Ascorbyl Phosphate , Phytosphingosine , Yeast Extract/Faex/Extrait De Levure , Ethylhexylglycerin , Sodium Rna , Hydrolyzed Algin , Tripeptide32 , Polysilicone11 , Isododecane , Tocopheryl Acetate , Helianthus Annuus (Sunflower) Seedcake , Polyethylene , Propylene Carbonate , Polyacrylate Crosspolymer6 , Sodium Dehydroacetate , Potassium Sorbate , Lecithin , Disodium Edta , Bht , Phenoxyethanol , Iron Oxides (Ci 77491) <iln43496></iln43496>",25,4809,0.5,0.0,https://www.sephora.com/product/advanced-night-repair-eye-concentrate-matrix-P422651?icid2=products%20grid:p422651,0.5,140.0
Bright Eyes Collagen-Infused Brightening Colloidal Silver Eye Masks,BeautyBio,eye-treatment-dark-circle-treatment,40.0,"Glycerin, Colloidal Silver, Propylene Glycol, Betaine, Hamamelis Virginiana Extract, Chondrus Crispus Powder, Mica, Niacinamide, Glucomannan, Xanthan Gum, Aloe Yohjyu Matsu Ekisu, Hydrolyzed Collagen, Phenoxyethanol, Diazolidinyl Urea, Algin, Potassium Chloride, Citric Acid, Potassium Citrate, Sodium Hyaluronate, Pearl Powder, Iodopropynyl Butylcarbamate, Fragrance.",29,5680,0.0,0.0,https://www.sephora.com/product/bright-eyes-collagen-infused-brightening-colloidal-silver-eye-masks-P438637?icid2=products%20grid:p438637,0.5181621621621623,77.19591070310868
IRIS™ Illuminating Eye Massager,FOREO,eye-treatment-dark-circle-treatment,139.0,"Glycerin, Colloidal Silver, Propylene Glycol, Betaine, Hamamelis Virginiana Extract, Chondrus Crispus Powder, Mica, Niacinamide, Glucomannan, Xanthan Gum, Aloe Yohjyu Matsu Ekisu, Hydrolyzed Collagen, Phenoxyethanol, Diazolidinyl Urea, Algin, Potassium Chloride, Citric Acid, Potassium Citrate, Sodium Hyaluronate, Pearl Powder, Iodopropynyl Butylcarbamate, Fragrance.",50,6507,0.0,0.0,https://www.sephora.com/product/iris-illuminating-eye-massager-P405827?icid2=products%20grid:p405827,0.5181621621621623,268.2557896933027
Illuminating Dark Circle Eye Cream,Tata Harper,eye-treatment-dark-circle-treatment,115.0,"Hordeum Vulgare Leaf Juice*, Propanediol, Caprylic/Capric Triglyceride, Lavandula Angustifolia (Lavender) Flower/Leaf/Stem Water*, Shea Butter Ethyl Esters, Cetearyl Alcohol, Coconut Extract, Mica, CI 77891, Cetearyl Olivate, Xylitylglucoside, Lactobacillus/Arundinaria Gigantea Ferment Filtrate, Lactobacillus Ferment, Leuconostoc Ferment Filtrate, Mangifera Indica (Mango) Seed Butter, Silybum Marianum Ethyl Ester, Diamond Powder, Piper Cubeba Fruit Extract, Polygonum Fagopyrum Seed Extract, Salicornia Herbacea Extract, Hyaluronic Acid, Sodium Hyaluronate, Carthamus Tinctorius (Safflower) Oleosomes, Lavandula Stoechas Extract, Phoenix Dactylifera (Date) Seed Extract, Salix Alba (Willow) Bark Extract, Spiraea Ulmaria (Meadowsweet) Extract*, Arnica Montana (Arnica) Extract*, Borago Officinalis (Borage) Leaf Extract*, Calendula Officinalis (Calendula) Flower Extract*, Medicago Sativa (Alfalfa) Extract*, Olea Europaea (Olive) Oil*, Sambucus Nigra Fruit Extract, Tocopherol, Sorbitan Olivate, Cetearyl Glucoside, Cetyl Palmitate, Sorbitan Palmitate, Sclerotium Gum, Sodium Phytate, Anhydroxylitol, Xylitol, Phenethyl Alcohol, Alcohol, Aroma**, Hydrogenated Vegetable Oil, CI 77491, Linalool, Limonene. *Ingredients from organic farming. **Clinical grade essential oils blend.",42,2731,0.5,0.0,https://www.sephora.com/product/illuminating-eye-creme-P410728?icid2=products%20grid:p410728,0.5,230.0
De-Puffing Under Eye Jade Roller,INC.redible,eye-treatment-dark-circle-treatment,15.0,"Aqua (Water), Glycerin, Butylene Glycol, Glycereth26, Cocos Nucifera (Coconut) Oil, Ethylhexyl Palmitate, Dimethicone, Magnesium Aluminum Silicate, Xanthan Gum, Microcrystalline Cellulose, Cyclopentasiloxane, PEG/PPG12/16 Dimethicone, Tremella Fuciformis Polysaccharide, Methylparaben, Yeast BetaGlucan, Propanediol, 1,2Hexanediol, Phenoxyethanol, Caprylyl Glycol, Chlorella Vulgaris Extract, Ethylhexylglycerin, Lespedeza Capitata Leaf/Stem Extract, Parfum (Fragrance), Limonene, Hexyl Cinnamal, Linalool, Geraniol, Benzyl Benzoate, Butylphenyl Methylpropional, Citronellol, Citral, Mica, CI 77891, CI 15985, CI 14700, CI 42090.",0,1898,0.0,0.0,https://www.sephora.com/product/incredible-de-puffing-under-eye-jade-roller-P455636?icid2=products%20grid:p455636,0.5181621621621623,28.948466513665757
Hyaluronic Eye Cream,Mario Badescu,eye-treatment-dark-circle-treatment,18.0,"Glycerin, Paraffinum Liquidum (Mineral Oil, Huile Minérale), Cetearyl Alcohol, Olus (Vegetable Oil, Huile Végétale), Aloe Barbadensis Leaf Extract, Carthamus Tinctorius (Safflower) Seed Oil, Petrolatum, Ceteareth20, Tocopherol, Hyaluronic Acid, Euphrasia Officinalis Extract, Tocopheryl Acetate, Sodium Hyaluronate, Propylene Glycol, Glyceryl Acrylate/Acrylic Acid Copolymer, PVM/MA Copolymer, Polyquaternium24, Sodium Chloride, Diazolidinyl Urea, Propylparaben, Methylparaben, CI 19140 (Yellow 5), CI 15985 (Yellow 6).",52,7994,0.5,0.0,https://www.sephora.com/product/mario-badescu-hyaluronic-eye-cream-P440502?icid2=products%20grid:p440502,0.5,36.0
Orchidee Imperiale The Eye and Lip Contour Cream,Guerlain,eye-treatment-dark-circle-treatment,200.0,"Glycerin, Propylene Glycol Dicaprylate/dicaprate, Butylene Glycol, Pentylene Glycol, Caprylic/capric Triglyceride, Steareth21, Limnanthes Alba (Meadowfoam) Seed Oil, Ethylene/acrylic Acid Copolymer, Methyl Methacrylate Crosspolymer, Cetyl Alcohol, Stearyl Alcohol, Orchid Extract, Diglycerin, Phenoxyethanol, Steareth2, Stearalkonium Hectorite, Sodium Polyacrylate, Glyceryl Hydroxystearate, Theobroma Grandiflorum Seed Butter, Alumina, Dimethicone, Propylene Carbonate, Acrylates/c1030 Alkyl Acrylate Crosspolymer, Tromethamine, Ci 77891 (Titanium Dioxide), Caffeine, Disodium Edta, Sodium Hyaluronate, Xanthan Gum, Dipalmitoyl Hydroxyproline, Jasminum Officinale (Jasmine) Flower Extract, Adenosine, Glycyrrhiza Glabra (Licorice) Root Extract, Palmitic Acid, Centella Asiatica Leaf Extract, Sanguisorba Officinalis Root Extract, Tropaeolum Majus Extract, Hydrolyzed Soy Flour, Tin Oxide, Ethylhexylglycerin.",7,991,0.5,0.0,https://www.sephora.com/product/orchidee-imperiale-eye-lip-contour-cream-P428613?icid2=products%20grid:p428613,0.5,400.0
No Makeup Concealer Broad Spectrum SPF 20,Perricone MD,eye-treatment-dark-circle-treatment,35.0,"Glycerin, Propylene Glycol Dicaprylate/dicaprate, Butylene Glycol, Pentylene Glycol, Caprylic/capric Triglyceride, Steareth21, Limnanthes Alba (Meadowfoam) Seed Oil, Ethylene/acrylic Acid Copolymer, Methyl Methacrylate Crosspolymer, Cetyl Alcohol, Stearyl Alcohol, Orchid Extract, Diglycerin, Phenoxyethanol, Steareth2, Stearalkonium Hectorite, Sodium Polyacrylate, Glyceryl Hydroxystearate, Theobroma Grandiflorum Seed Butter, Alumina, Dimethicone, Propylene Carbonate, Acrylates/c1030 Alkyl Acrylate Crosspolymer, Tromethamine, Ci 77891 (Titanium Dioxide), Caffeine, Disodium Edta, Sodium Hyaluronate, Xanthan Gum, Dipalmitoyl Hydroxyproline, Jasminum Officinale (Jasmine) Flower Extract, Adenosine, Glycyrrhiza Glabra (Licorice) Root Extract, Palmitic Acid, Centella Asiatica Leaf Extract, Sanguisorba Officinalis Root Extract, Tropaeolum Majus Extract, Hydrolyzed Soy Flour, Tin Oxide, Ethylhexylglycerin.",180,7729,0.3,0.0,https://www.sephora.com/product/no-concealer-concealer-spf-35-P311147?icid2=products%20grid:p311147,0.3,116.66666666666667
Hello FAB Kona Eye Stick,First Aid Beauty,eye-treatment-dark-circle-treatment,24.0,"Butylene Glycol, Sodium Stearate, Glycerin, Coffea Arabica (Coffee) Seed Extract, Acetyl Tetrapeptide5, Sodium Hyaluronate, Cucumis Sativus (Cucumber) Fruit Extract, Glycyrrhiza Glabra (Licorice) Root Extract, Camellia Sinensis Leaf Extract, Chrysanthemum Parthenium (Feverfew) Extract, Aloe Barbadensis Leaf Juice, Ethylhexylglycerin, Mica, Boron Nitride, Sodium Sulfite, Xanthan Gum, Disodium EDTA, Propanediol, Citric Acid, Sodium Benzoate, Potassium Sorbate, Phenoxyethanol, CI 77891 (Titanium Dioxide).",117,5199,0.13,0.0,https://www.sephora.com/product/hello-fab-kona-eye-stick-P434552?icid2=products%20grid:p434552,0.13,184.6153846153846
24/7 Retinol Eye Cream,Dr. Brandt Skincare,eye-treatment-dark-circle-treatment,55.0,"Glycerin, Cyclopentasiloxane, Propanediol, Dimethiconol, CocoCaprylate/Caprate, Hydroxyethyl Acrylate/Sodium Acryloyldimethyl Taurate Copolymer, Phenoxyethanol, Mica, Acrylates/C1030 Alkyl Acrylate Crosspolymer, Citrus Nobilis (Mandarin Orange) Peel Oil, Sodium Benzoate, Isohexadecane, Polysorbate 60, Triethoxycaprylylsilane, Maslinic Acid, Caprylic/Capric Triglyceride, Sodium Hydroxide, Hyaluronic Acid, Ruby Powder, Ethylhexylglycerin, Aluminum Hydroxide, Glycine Soja (Soybean) Oil, Glucosyl Hesperidin, Tocopheryl Acetate, Retinol, Lecithin, Limonene, Titanium Dioxide (Ci 77891), Iron Oxides (Ci 77491).",53,6799,0.5,0.0,https://www.sephora.com/product/24-7-retinol-eye-cream-P417625?icid2=products%20grid:p417625,0.5,110.0
Youth Dose Eye Treatment,Kiehl's Since 1851,eye-treatment-dark-circle-treatment,40.0,"Dimethicone, Glycerin, Dimethicone/Vinyl Dimethicone Crosspolymer, Vinly Dimethicone/Methicone Silsesquioxane Crosspollymer, Hydroxypropyl Tetrahydropyrantriol, Isononyl Isononanoate, Propylene Glycol, Ascorbyl Glucoside, Octyldoecanol, Lauryl PEG9 Polydimethylsiloxyethyl Dimethicone, Methyl Methacrylate Crosspolymer, Boron Nitride, CI 77891/Titanium Dioxide, Mica, Phenoxyethanol, PEG/PPPG18/18 DImethicone, Silica Silylate, Hydrolyzed Soy protein, CI 77163/Bismuth Oxychloride, Sodium Hyaluronate, Chlorphenesin, Magnesium Sulfate, Sodium Hydroxide, Caffine, Retinyl Palmitate, Vitis Vinifer Seed Extract/Grape Seed Extract, Capryloyl Salicyclic Acid, Pentaerythrityl TetraDiTButyl Hydroxyhydrocinnamate, Tetrasodium EDTA, CI 77491/Iron Oxides, Adenosine, Pentylene Glycol, Tocopherol.",58,4377,0.5,0.0,https://www.sephora.com/product/youth-dose-eye-treatment-P435211?icid2=products%20grid:p435211,0.5,80.0
Multi-Active Eye,Clarins,eye-treatment-dark-circle-treatment,47.0,"Dimethicone, Butylene Glycol, Betaine, Ppg5Ceteth20, Dimethicone/Vinyl Dimethicone Crosspolymer, Propanediol, Ammonium Acryloyldimethyltaurate/Vp Copolymer, Cellulose, Glycerin, Caffeine, Dipsacus Sylvestris Extract, HydroxyEthyl Acrylate/Sodium Acryloyldimethyl Taurate Copolymer, Phenoxyethanol, Ci 77891/Titanium Dioxide, Synthetic Fluorphlogopite, Ethylhexylglycerin,  Tocopheryl Acetate,  Disodium Edta,  Avena Sativa (Oat) Kernel Extract,  Escin,  Parfum/Fragrance, Diospyros Mespiliformis Leaf Extract,  Maltodextrin, Tromethamine, Sanicula Europaea Extract, Myrothamnus Flabellifolia Leaf/Stem Extract, Sodium Benzoate, Citric Acid,  Lapsana Communis Flower/Leaf/Stem Extract,  Furcellaria Lumbricalis Extract,  Sodium Citrate,  Potassium Sorbate, Ascorbic Acid,  Glycolic Acid, Lactic Acid, Sea Salt, Polyvinyl Alcohol, Copper Palmitoyl Heptapeptide1, Heptapeptide15 Palmitate, [V2889A].",19,2248,0.5,0.0,https://www.sephora.com/product/multi-active-eye-P415748?icid2=products%20grid:p415748,0.5,94.0
Clinique Smart™ Custom-Repair Eye Treatment,CLINIQUE,eye-treatment-dark-circle-treatment,50.5,"Isododecane, Dimethicone, Cyclopentasiloxane, Polysilicone11, Butylene Glycol, Peg10 Dimethicone, Morus Nigra (Mulberry) Root Extract, Citrus Grandis (Grapefruit) Peel Extract, Hordeum Vulgare (Barley) Extract/Extrait D'Orge, Triticum Vulgare (Wheat) Germ Extract, Cucumis Sativus (Cucumber) Fruit Extract, Gentiana Lutea (Gentian) Root Extract, Hydrolyzed Rice Bran Extract, Hydrolyzed Rice Protein, Scutellaria Baicalensis Root Extract, Whey Protein/Lactis Protein/Proteine Du PetitLait, Cladosiphon Okamuranus Extract, Vitis Vinifera (Grape) Fruit Extract, Vitis Vinifera (Grape) Seed Extract, Plankton Extract, Acetyl Hexapeptide8, Palmitoyl Hexapeptide12, Peg6, Sigesbeckia Orientalis (St. Paul'S Wort) Extract, Algae Extract, Caffeine, Glycyrrhetinic Acid, Acrylamide/Sodium Acryloyldimethyltaurate Copolymer, Acetyl Glucosamine, Cholesterol, Oryza Sativa (Rice) Bran Extract, Squalane, Lecithin, Helianthus Annuus (Sunflower) Seedcake, Glycine Soja (Soybean) Protein, Micrococcus Lysate, Hydrolyzed Prunus Domestica, Ergothioneine, Yeast Extract/Faex/Extrait De Levure, Isohexadecane, Ascorbyl Glucoside, Polysorbate 20, Glycerin, Caprylyl Glycol, Ethylhexylglycerin, Propylene Glycol Dicaprate, Tocopheryl Acetate, Tromethamine, Polysorbate 80, Glyceryl Polymethacrylate, Sodium Hyaluronate, Dimethoxytolyl Propylresorcinol, Dextrin, Ammonium Acryloyldimethyltaurate/Vp Copolymer, Peg8, Silica, Sodium Rna, Disodium Edta, Phenoxyethanol, Mica, Titanium Dioxide (Ci 77891).",35,2391,0.5,0.0,https://www.sephora.com/product/clinique-smart-custom-repair-eye-treatment-P398615?icid2=products%20grid:p398615,0.5,101.0
Purity Made Simple Hydra-Bounce Eye Gel,philosophy,eye-treatment-dark-circle-treatment,24.0,"Glycerin, Caprylic/Capric Triglyceride, Butylene Glycol, Peg240/Hdi Copolymer BisDecyltetradeceth20 Ether, Limnanthes Alba (Meadowfoam) Seed Oil, Polyglyceryl2 Diisostearate, Polysorbate 20, Butyrospermum Parkii (Shea) Butter Extract, Phenoxyethanol, Olea Europaea (Olive) Fruit Oil, Tocopheryl Acetate, Bisabolol, Cetearyl Olivate, Cyclopentasiloxane, Sorbitan Olivate, Caffeine, Panthenol, Propylene Glycol, Creatine, Dimethiconol, Salvia Hispanica Seed Oil, Acrylates/C1030 Alkyl Acrylate Crosspolymer, Peg8, Lecithin, Cyclohexasiloxane, Hydrogenated Lecithin, Ascorbyl Glucoside, Bht, Disodium Edta, Ginkgo Biloba Leaf Extract, Sodium Hydroxide, Tocopherol, Aesculus Hippocastanum (Horse Chestnut) Seed Extract, Glucose, Lactic Acid, Chlorphenesin, Alcohol Denat., Ascorbyl Palmitate, Pantolactone, Potassium Sorbate, Camellia Sinensis Leaf Extract, Coffea Arabica (Coffee) Seed Extract, Pongamia Pinnata Seed Extract, Sorbic Acid, Citric Acid, Ascorbic Acid, Sodium Benzoate, Angelica Archangelica Root Extract, Citrus Aurantium Amara (Bitter Orange) Peel Extract, Maltodextrin, Polyglyceryl3 Diisostearate, Magnesium Aluminum Silicate, Xanthan Gum, Farnesol, Caprylyl Glycol, Sclerotium Gum, Fd&amp;C Yellow No. 5 (Ci 19140).",65,3864,0.0,0.5,https://www.sephora.com/product/purity-made-simple-hydra-bounce-eye-gel-P433606?icid2=products%20grid:p433606,0.5,48.0
Skin to Die For™ Darkness-Reducing Under-Eye Treatment Primer,Peter Thomas Roth,eye-treatment-dark-circle-treatment,32.0,"Dimethicone, Isododecane, Stearoxymethicone/Dimethicone Copolymer, Isononyl Isononanoate, Polymethylsilsesquioxane, Silica, Polysilicone11, Methyl Methacrylate Crosspolymer, Mica, Palmitoyl Tetrapeptide7, Palmitoyl Oligopeptide, Hydrolyzed Collagen, Biotin, Chrysin, Arnica Montana Flower Extract, Coffea Arabica (Coffee) Seed Extract, Caffeine, Tocopherol, Caesalpinia Spinosa Fruit Extract, Kappaphycus Alvarezii Extract, Diamond Powder, Glycine Soja (Soybean) Oil, Phospholipids, Phytonadione, Lecithin, Chlorhexidine Digluconate, NHydroxysuccinimide, Glycerin, Laureth12, Dimethiconol, Methicone, Trisiloxane, Steareth20, Calcium Silicate, Alumina, Leuconostoc/Radish Root Ferment Filtrate, Sodium Citrate, Citric Acid, Potassium Sorbate, Sodium Benzoate, Ethylhexylglycerin, Phenoxyethanol, Titanium Dioxide (Ci 77891), Iron Oxides (Ci 77491), Iron Oxides (Ci 77492).",18,4022,0.5,0.0,https://www.sephora.com/product/skin-to-die-for-darkness-reducing-under-eye-treatment-primer-P446115?icid2=products%20grid:p446115,0.5,64.0
Ultimune Eye Power Infusing Eye Concentrate,Shiseido,eye-treatment-dark-circle-treatment,70.0,"Water (Aqua/Eau),Dimethicone,Glycerin,Dipropylene Glycol Alcohol Denat., Sorbitol, Peg10 Dimethicone, Dimethicone/Vinyl Dimethicone Crosspolymer, Methyl Gluceth10, Sodium Chloride, Nylon12, Peg/Ppg19/19 Dimethicone, Hydrogenated Polyisobutene, Phenoxyethanol, Cetyl Ethylhexanoate, Erythritol, Saccharide Isomerate, Cellulose Gum, Butylene Glycol, Peg/Ppg14/7 Dimethyl Ether, Tocopheryl Acetate, Rosa Damascena Flower Fragrance (Parfum), Tocopherol, Trisodium Edta, Citric Acid, Sodium Citrate, Ppg3 Dipivalate, Phytosteryl Macadamiate, Linalool, Sodium Metabisulfite, Geraniol, Ginkgo Biloba Leaf Extract, Citronellol, Origanum Majorana Leaf Extract, Nelumbo Nucifera Germ Extract, Alcohol, Sodium Carboxymethyl BetaGlucan, Thymus Serpyllum Extract, Perilla Ocymoides Leaf Extract, Iris Florentina Root Extract, Ganoderma Lucidum (Mushroom) Stem Extract.",4,1007,0.54,0.0,https://www.sephora.com/product/ultimune-eye-power-infusing-eye-concentrate-P448204?icid2=products%20grid:p448204,0.54,129.62962962962962
Visionnaire Eye Cream Advanced Multi-Correcting Eye Balm,Lancôme,eye-treatment-dark-circle-treatment,65.0,"Dimethicone, Glycerin, Isononyl Isononanoate, Dimethicone Crosspolymer, Vinyl Dimethicone/Methicone Silsesquioxane Crosspolymer, Butylene Glycol, Alcohol Denat., Boron Nitride, Lauryl Peg9 Polydimethylsiloxyethyl Dimethicone, Methyl Methacrylate Crosspolymer, Ci 77891 / Titanium Dioxide, Mica, Ascorbyl Glucoside, Tocopherol, Hydrolyzed Soy Protein, Sodium Hydroxide, Phenoxyethanol, Steareth20, Caffeine, Peg/Ppg18/18 Dimethicone, Magnesium Sulfate, NHydroxysuccinimide, Silica Silylate, Chlorhexidine Digluconate, Palmitoyl Oligopeptide, Palmitoyl Tetrapeptide7, Pentylene Glycol, Synthetic Fluorphlogopite, Caprylyl Glycol, Capryloyl Salicylic Acid, Farnesol, Chrysin, Bisabolol, Disodium Stearoyl Glutamate, Methyldihydrojasmonate, Tetrasodium Edta, Retinyl Palmitate, Potassium Sorbate, Bht, Aluminum Hydroxide.",394,4939,0.5,0.0,https://www.sephora.com/product/visionnaire-eye-cream-advanced-multi-correcting-eye-balm-P414796?icid2=products%20grid:p414796,0.5,130.0
EYEBOOST™ Reviving Eye Mask,GLAMGLOW,eye-treatment-dark-circle-treatment,8.0,"VMethyl Gluceth20, Peg75, Butylene Glycol, BisPeg18 Methyl Ether Dimethyl Silane, Propanediol, Sodium Hyaluronate, Tocopheryl Acetate, Caffeine, Poria Cocos Sclerotium Extract, Echinacea Purpurea (Coneflower) Extract, Camelina Sativa Seed Oil, Silybum Marianum (Lady's Thistle) Extract, Anthemis Nobilis (Chamomile) Flower Extract, Cladosiphon Okamuranus Extract, Hydrolyzed Rice Extract, Betula Alba (Birch) Extract, Coffea Arabica (Coffee) Seed Oil, Algae Extract, Artemia Extract, Hydrolyzed Algin, Lactobacillus Ferment, Squalane, Glycine, Lecithin, Glycereth26, Sodium Hydroxide, Carbomer, Xanthan Gum, Dextrin, Caprylyl Glycol, Peg8 Glyceryl Isostearate, Polysorbate 20, Tetrasodium Edta, Disodium Edta, Phenoxyethanol.",22,5266,0.0,0.0,https://www.sephora.com/product/eyeboost-reviving-eye-mask-P443807?icid2=products%20grid:p443807,0.5181621621621623,15.439182140621737
Green Tea Seed Intensive Hydrating Roll-On Eye Serum,innisfree,eye-treatment-dark-circle-treatment,20.0,"Water / Aqua / Eau, Butylene Glycol, Propanediol, Glycerin, Dimethicone, Methyl Trimethicone, Cyclopentasiloxane, Polyglyceryl3 Methylglucose Distearate, 1,2Hexanediol, Dimethiconol, Cetearyl Alcohol, Ammonium Acryloyldimethyltaurate/Vp Copolymer, Fragrance / Parfum, Glyceryl Stearate, Acrylates/C1030 Alkyl Acrylate Crosspolymer, Panthenol, Glyceryl Caprylate, Tromethamine, Stearic Acid, Hydrogenated Lecithin, Ethylhexylglycerin, Disodium Edta, Camellia Sinensis Leaf Extract, Camellia Sinensis Seed Oil.",18,2433,0.33,0.0,https://www.sephora.com/product/green-tea-seed-intensive-hydrating-roll-on-eye-serum-P449852?icid2=products%20grid:p449852,0.33,60.6060606060606
Wrinkle Warrior® Eye Gel Visible Dark Circle Eraser,Kate Somerville,eye-treatment-dark-circle-treatment,60.0,"Propanediol, CocoCaprylate/Caprate, Butylene Glycol, Sodium Acrylates Copolymer, Glycerin, Saccharomyces Cerevisiae Extract, Medicago Sativa (Alfalfa) Seed Extract, Hydrolyzed Lupine Protein, Plankton Extract, Hydrolyzed Hyaluronic Acid, Sodium Hyaluronate, Methylglucoside Phosphate, Copper Lysinate/Prolinate, Disodium Acetyl Glucosamine Phosphate, Chondrus Crispus Extract, Adenosine, 1,2Hexanediol, Sodium Polyacrylate Starch, Lecithin, PEG12 Dimethicone, Caprylhydroxamic Acid, Disodium EDTA, Phenoxyethanol, Ethylhexylglycerin, Sodium Benzate, Gluconolacctone",73,3563,0.3,0.0,https://www.sephora.com/product/wrinkle-warrior-eye-visible-dark-circle-eraser-P421271?icid2=products%20grid:p421271,0.3,200.0
No Puffery™ Cooling Roll-On For Puffy Eyes,Origins,eye-treatment-dark-circle-treatment,29.0,"Cocos Sclerotium Extract , Caffeine , Yeast Extract\Faex\Extrait De Levure , Cucumis Sativus (Cucumber) Fruit Extract , Phytosphingosine , Anthemis Nobilis (Chamomile) Oil*, Cucumis Sativus (Cucumber) Oil*, Ferula Galbaniflua (Galbanum) Resin Oil*, Citrus Medica Limonum (Lemon) Peel Oil*, Citrus Aurantium Dulcis (Orange) Peel Oil*, Canarium Luzonicum (Elemi) Leaf Extract, Rosa Damascena Extract, Geraniol, Citronellol, Limonene , Caprylyl Glycol , Sodium Dehydroacetate , Hexylene Glycol , Sodium Hyaluronate , Citric Acid , Disodium Edta , Phenoxyethanol. *Essential Oil.",118,11471,0.5,0.0,https://www.sephora.com/product/no-puffery-cooling-roll-on-for-puffy-eyes-P379850?icid2=products%20grid:p379850,0.5,58.0
Age Arrest Eye Cream,Kate Somerville,eye-treatment-dark-circle-treatment,75.0," Isocetyl Stearate, Caprylic/Capric Triglyceride, Glycerin, Glyceryl Stearate, Polymethylsilsesquioxane, Decyl Oleate, Propanediol, Stearic Acid, Dimethicone, Tocopheryl Acetate, Tocopherol, Kappaphycus Alvarezii Extract, Tocotrienols, Hydrolyzed Hyaluronic Acid, Sodium Hydroxide, Ascophyllum Nodosum Extract, Asparagopsis Armata Extract, Adenosine, Chrysanthellum Indicum Extract, Sea Whip Extract, Tripleurospermum Maritimum Extract,  Aniba Rosaeodora (Rosewood) Wood Extract, Camellia Sinensis Leaf Extract, Rubus Idaeus (Raspberry) Fruit Extract, Passiflora Incarnata Fruit Extract, Prunus Armeniaca (Apricot) Fruit Extract, Lavandula Angustifolia (Lavender) Flower/Leaf/Stem Extract,  Cupressus Sempervirens Seed Extract, Fucus Vesiculosus Extract, Cananga Odorata Flower Extract, Citrus Aurantium Bergamia (Bergamot) Fruit Extract, Coriandrum Sativum (Coriander) Seed Extract, Cucumis Melo Cantalupensis Fruit Extract, Cucumis Sativus (Cucumber) Fruit Extract, Jasminum Officinale (Jasmine) Flower/Leaf Extract, Mentha Piperita (Peppermint) Leaf Extract, Prunus Persica (Peach) Fruit Extract, Pyrus Malus (Apple) Fruit Extract, Rose Extract, Rosmarinus Officinalis (Rosemary) Leaf Extract, Santalum Album (Sandalwood) Wood Extract, Vanilla Planifolia Fruit Extract, Jojoba Esters, Acacia Decurrens/Jojoba/Sunflower Seed Wax Polyglyceryl3 Esters,  Diamond Powder, Elaeis Guineensis (Palm) Oil, Acrylates/C1030 Alkyl Acrylate Crosspolymer, Butylene Glycol, Sorbitol, Cetyl Alcohol,  Ethylhexylglycerin, Myristyl Alcohol, Stearyl Alcohol, Xanthan Gum, Disodium EDTA, Isopropyl Titanium Triisostearate, Potassium Sorbate, Sorbic Acid, Phenoxyethanol, Mica, Titanium Dioxide (CI 77891), Tin Oxide",43,2772,0.5,0.0,https://www.sephora.com/product/age-arrest-eye-cream-P383308?icid2=products%20grid:p383308,0.5,150.0
Sonic Awakening Eye Massager,Clarisonic Skincare,eye-treatment-dark-circle-treatment,59.0," Isocetyl Stearate, Caprylic/Capric Triglyceride, Glycerin, Glyceryl Stearate, Polymethylsilsesquioxane, Decyl Oleate, Propanediol, Stearic Acid, Dimethicone, Tocopheryl Acetate, Tocopherol, Kappaphycus Alvarezii Extract, Tocotrienols, Hydrolyzed Hyaluronic Acid, Sodium Hydroxide, Ascophyllum Nodosum Extract, Asparagopsis Armata Extract, Adenosine, Chrysanthellum Indicum Extract, Sea Whip Extract, Tripleurospermum Maritimum Extract,  Aniba Rosaeodora (Rosewood) Wood Extract, Camellia Sinensis Leaf Extract, Rubus Idaeus (Raspberry) Fruit Extract, Passiflora Incarnata Fruit Extract, Prunus Armeniaca (Apricot) Fruit Extract, Lavandula Angustifolia (Lavender) Flower/Leaf/Stem Extract,  Cupressus Sempervirens Seed Extract, Fucus Vesiculosus Extract, Cananga Odorata Flower Extract, Citrus Aurantium Bergamia (Bergamot) Fruit Extract, Coriandrum Sativum (Coriander) Seed Extract, Cucumis Melo Cantalupensis Fruit Extract, Cucumis Sativus (Cucumber) Fruit Extract, Jasminum Officinale (Jasmine) Flower/Leaf Extract, Mentha Piperita (Peppermint) Leaf Extract, Prunus Persica (Peach) Fruit Extract, Pyrus Malus (Apple) Fruit Extract, Rose Extract, Rosmarinus Officinalis (Rosemary) Leaf Extract, Santalum Album (Sandalwood) Wood Extract, Vanilla Planifolia Fruit Extract, Jojoba Esters, Acacia Decurrens/Jojoba/Sunflower Seed Wax Polyglyceryl3 Esters,  Diamond Powder, Elaeis Guineensis (Palm) Oil, Acrylates/C1030 Alkyl Acrylate Crosspolymer, Butylene Glycol, Sorbitol, Cetyl Alcohol,  Ethylhexylglycerin, Myristyl Alcohol, Stearyl Alcohol, Xanthan Gum, Disodium EDTA, Isopropyl Titanium Triisostearate, Potassium Sorbate, Sorbic Acid, Phenoxyethanol, Mica, Titanium Dioxide (CI 77891), Tin Oxide",9,4122,0.0,0.0,https://www.sephora.com/product/sonic-awakening-eye-massager-P435206?icid2=products%20grid:p435206,0.5181621621621623,113.86396828708531
Ultimate Miracle Worker Eye Cream,philosophy,eye-treatment-dark-circle-treatment,70.0,"Glycerin, Dicaprylyl Carbonate, Isononyl Isononanoate, Methyl Methacrylate Crosspolymer, Dimethicone, Cyclopentasiloxane, Tribehenin Peg20 Esters, Cetyl Alcohol, Isostearyl Isostearate, Trisiloxane, Glyceryl Stearate, Peg100 Stearate, Cetyl Stearate, Stearic Acid, Bifida Ferment Lysate, Potassium Cetyl Phosphate, Phenoxyethanol, Dimethicone Crosspolymer, Caffeine, Chlorphenesin, Propylene Glycol, Carbomer, Hydroxyethyl Acrylate/Sodium Acryloyldimethyl Taurate Copolymer, Glycine Soja (Soybean) Oil, Sodium Hydroxide, Squalane, Hippophae Rhamnoides Oil, Iris Pallida Root Extract, Ruby Powder, Disodium Edta, Alcohol, Algae Extract, Mica, Lecithin, Ascorbyl Glucoside, Adenosine, Cellulose Gum, Ginkgo Biloba Leaf Extract, Retinol, Peg8, Polysorbate 20, Polysorbate 60, Calcium Sodium Phosphosilicate, Bht, Acrylates/C1030 Alkyl Acrylate Crosspolymer, Chitosan, Ethylhexylglycerin, Glycolic Acid, Sorbitan Oleate, Tocopherol, Aesculus Hippocastanum (Horse Chestnut) Seed Extract, Glucose, Lactic Acid, Behentrimonium Chloride, Glycyrrhiza Uralensis (Licorice) Root Extract, Sodium Benzoate, Ascorbyl Palmitate, Potassium Phosphate, Potassium Sorbate, Camellia Sinensis Leaf Extract, Coffea Arabica (Coffee) Seed Extract, Pongamia Pinnata Seed Extract, Isopropyl Alcohol, Acetic Acid, Angelica Archangelica Root Extract, Citrus Aurantium Amara (Bitter Orange) Peel Extract, Maltodextrin, Citric Acid, Magnesium Aluminum Silicate, Xanthan Gum, Ascorbic Acid, Glycyrrhiza Glabra (Licorice) Rhizome/Root Extract, Glycyrrhiza Glabra (Licorice) Root Extract, Caprylyl Glycol, Sclerotium Gum, Bha, Sorbic Acid, Titanium Dioxide (Ci 77891).",38,2721,0.5,0.0,https://www.sephora.com/product/ultimate-miracle-worker-eye-cream-P398832?icid2=products%20grid:p398832,0.5,140.0
Down Under Collagen Boosting Eye Treatment,Dr Roebuck's,eye-treatment-dark-circle-treatment,38.0,"Macadamia Ternifolia Seed Oil, Cetearyl Alcohol, CocoCaprylate, Butyrospermum Parkii (Shea) Butter, Cetearyl Glucoside, Cetearyl Olivate,  Glyceryl Stearate SE, Glycerin, Sorbitan Olivate, Cocos Nucifera (Coconut) Oil, Dehydroacetic Acid, Benzyl Alcohol, Caffeine, Sodium Salicylate, Lecithin, Silica, Rosa Canina (Rose Hip) Fruit Oil, Sodium PCA, Arnica Montana Flower Extract, Tocopherol (Vitamin E), Caprylyl Glycol, Xanthan Gum.",98,7607,0.5,0.0,https://www.sephora.com/product/down-under-collagen-boosting-eye-treatment-P430833?icid2=products%20grid:p430833,0.5,76.0
Crème Ancienne Supreme Eye Serum,Fresh,eye-treatment-dark-circle-treatment,168.0,"Glycerin, Butylene Glycol, Cetearyl Isononanoate, Ethylene/Acrylic Acid Copolymer, Propanediol, Limnanthes Alba (Meadowfoam) Seed Oil, Albizia Julibrissin Bark Extract, Helianthus Annuus (Sunflower) Seed Oil, Alpinia Galanga Leaf Extract, Commiphora Mukul Resin Extract, Zingiber Officinale (Ginger) Root Extract, Panax Ginseng Root Extract, Siegesbeckia Orientalis Extract, Tocopherol, Adenosine, Diglycerin, Polyacrylate13, Hydrogenated Palm Kernel Glycerides, Caprylic/Capric Triglyceride, Chlorphenesin, Acrylates/C1030 Alkyl Acrylate Crosspolymer, Polyisobutene, Poloxamer 407, Xanthan Gum, Sodium Hydroxide, Parfum (Fragrance), Disodium EDTA, Sorbitan Isostearate, Hydrogenated Palm Glycerides, Glyceryl Acrylate/Acrylic Acid Copolymer, Polysorbate 20, Biosaccharide Gum2, Caramel, Sodium Metabisulfite, Sodium Benzoate, Phenoxyethanol, Benzyl Salicylate.",8,1986,0.5,0.0,https://www.sephora.com/product/creme-ancienne-supreme-eye-serum-P424956?icid2=products%20grid:p424956,0.5,336.0
Passport to Me Time Eye Mask,SEPHORA COLLECTION,eye-treatment-dark-circle-treatment,9.0,"<div arialabelledby=""tab2"" class=""css1rny024"" hidden="""" id=""tabpanel2"" role=""tabpanel"" tabindex=""0""><p class=""css189uj0g"" datacomp=""Text Box "">Get more information about<! > </p><div class=""cssk13wt5"" datacomp=""Link Box "">shipping rates, schedules, methods and restrictions</div>.<p class=""css1khw9z2"" datacomp=""Text Box "">If you are not completely satisfied with an online purchase or gift, you may return your U.S.or Canadian purchase in stores or by mail. Restrictions apply for returns made outside the U.S.</p></div>",6,1870,0.0,0.0,https://www.sephora.com/product/passport-to-me-time-eye-mask-P447730?icid2=products%20grid:p447730,0.5181621621621623,17.369079908199453
Essential Refining Eye Cream,Sulwhasoo,eye-treatment-dark-circle-treatment,114.0,"Butylene Glycol, Betaine, Jojoba Esters, Peg75, Glycerin, Hydrogenated Poly(C614 Olefin), Cocos Nucifera (Coconut) Oil, Dimethicone, Hydrogenated Olive Oil Lauryl Esters, Helianthus Annuus (Sunflower) Seed Oil, CyclopenTasiloxane, Polyglyceryl10 Stearate, Cetearyl Alcohol, Peg40 Stearate, Cyclohexasiloxane, Methoxy Peg114/Polyepsilon CaprolacTone, Phenoxyethanol, Hydrogenated Lecithin, Arachidyl Alcohol, Propanediol, C1216 Alcohols, Ginkgo Biloba Leaf Extract, Behenyl Alcohol, Acrylates/C1030 Alkyl Acrylate Crosspolymer, Palmitic Acid, Arachidyl Glucoside, Honey / Mel / Miel, Fragrance / Parfum, Hydrolyzed Ginseng Saponins (EnzymeTreated Red Ginseng Saponins), Tromethamine, Lilium Candidum Bulb Extract, Paeonia AlbifloRa Root Extract, Rehmannia Glutinosa Root Extract, Nelumbo Nucifera Flower Extract, Polygonatum Officinale Rhizome/Root Extract, Camellia Sinensis Leaf Extract, Biosaccharide Gum1, Disodium Edta, Ethylhexylglycerin, Limonene, Portulaca Oleracea Extract, BetaGlucan, Glycyrrhiza Uralensis (Licorice) Root Extract, Linalool, Tocopherol, Glucose, AlphaIsomethyl Ionone, Citronellol, ButylPhenyl Methylpropional.",1,283,0.84,0.0,https://www.sephora.com/product/essential-refining-eye-cream-P448930?icid2=products%20grid:p448930,0.84,135.71428571428572
Gold Rush Eye Balm,Edible Beauty,eye-treatment-dark-circle-treatment,65.0,"Organic Cocos Nucifera (Coconut) Oil, Cetearyl Olivate, Organic Passiflora Incarnata Flower Extract, Verbena Officinalis Extract, Sorbiton Olivate, Coffea Arabica (Coffee) Extract, Tilia Cordata (Linden) Flower Extract, Glycerin, Vaccinium Corymbosum (Blueberry) Oil, Organic Centella Asiatica (Gotu Kola) Extract, Organic Equisetum Arvense Horsetail) Extract, Sodium Levulinate, Sodium Anisate, Cucumis Sativus (Cucumber) Extract, Sclerotium Gum, Gold Leaf (Edible), Glyceryl Caprylate.",69,6395,0.3,0.0,https://www.sephora.com/product/and-gold-rush-eye-balm-P428645?icid2=products%20grid:p428645,0.3,216.66666666666669
Ultimate Miracle Worker Fix Eye Power-Treatment,philosophy,eye-treatment-dark-circle-treatment,68.0,"Isononyl Isononanoate, Glycerin, Caprylic/Capric Triglyceride, Dimethyl Isosorbide, Pentylene Glycol, Tribehenin Peg20 Esters, Ascorbyl Glucoside, Polyglyceryl2 Diisostearate, Cyclopentasiloxane, Cyclohexasiloxane, Ammonium Acryloyldimethyltaurate/Vp Copolymer, Phenoxyethanol, Sodium Polyacrylate, Butylene Glycol, Sodium Hyaluronate, Acrylates Crosspolymer, Glycine Soja (Soybean) Oil, Sodium Hydroxide, Cetyl Alcohol, Glyceryl Stearate, Xanthan Gum, Peg75 Stearate, Disodium Edta, Alcohol, Lecithin, Polysorbate 20, Adenosine, Ceteth20, Steareth20, Retinol, Carbomer, Bht, Acrylates/C1030 Alkyl Acrylate Crosspolymer, Cellulose Gum, Chitosan, Ethylhexylglycerin, Glycolic Acid, Sorbitan Oleate, Hydrolyzed Soybean Extract, Behentrimonium Chloride, Sodium Benzoate, Potassium Phosphate, Isopropyl Alcohol, Palmitoyl Tripeptide1, Bha, Palmitoyl Tetrapeptide7, Tocopherol",21,1920,0.5,0.0,https://www.sephora.com/product/ultimate-miracle-worker-fix-eye-power-treatment-P428412?icid2=products%20grid:p428412,0.5,136.0
Bio Performance Glow Revival Eye Treatment,Shiseido,eye-treatment-dark-circle-treatment,70.0,"Glycerin, Dipropylene Glycol, Dimethicone, Butylene Glycol, Sd Alcohol 40B (Alcohol Denat.), Methyl Gluceth10, Myristyl Myristate, Petrolatum, Hydrogenated Polydecene, Behenyl Alcohol, Stearyl Alcohol, Glyceryl Stearate Se, Cetyl Ethylhexanoate, Peg/Ppg14/7 Dimethyl Ether, Dimethicone Crosspolymer, Polysorbate 60, Peg40 Stearate, Sodium Acrylate/Sodium Acryloyldimethyl Taurate Copolymer, Phenoxyethanol, Mica, Isohexadecane, Titanium Dioxide (Ci 77891), Polyvinyl Alcohol, Polysorbate 80, Sorbitan Tristearate, Tocopheryl Acetate, Caffeine, Sodium Citrate, Fragrance (Parfum), 2OEthyl Ascorbic Acid, Sorbitan Oleate, Disodium Edta, Xanthan Gum, Alcohol, Limonene, Citric Acid, Sodium Metaphosphate, Xylitol, Oryzanol, Magnesium Ascorbyl Phosphate, Hexyl Cinnamal, Benzyl Benzoate, Butylphenyl Methylpropional, Linalool, Sodium Metabisulfite, Sodium Acetylated Hyaluronate, Iron Oxides (Ci 77491), AlphaIsomethyl Ionone, Saccharomyces Ferment Lysate Filtrate, Crataegus Monogyna Flower Extract, Citronellol, Geraniol, Dipotassium Glycyrrhizate, Paeonia Suffruticosa Root Extract, Tocopherol, Rehmannia Chinensis Root Extract, Cinnamomum Cassia Bark Extract, Bupleurum Falcatum Root Extract, Coix LacrymaJobi MaYuen Seed Extract, Camellia Sinensis Leaf Extract.",21,3247,0.54,0.0,https://www.sephora.com/product/bio-performance-glow-revival-eye-treatment-P403318?icid2=products%20grid:p403318,0.54,129.62962962962962
One Essential Eye Serum,Dior,eye-treatment-dark-circle-treatment,72.0,"Glycerin, Dipropylene Glycol, Dimethicone, Butylene Glycol, Sd Alcohol 40B (Alcohol Denat.), Methyl Gluceth10, Myristyl Myristate, Petrolatum, Hydrogenated Polydecene, Behenyl Alcohol, Stearyl Alcohol, Glyceryl Stearate Se, Cetyl Ethylhexanoate, Peg/Ppg14/7 Dimethyl Ether, Dimethicone Crosspolymer, Polysorbate 60, Peg40 Stearate, Sodium Acrylate/Sodium Acryloyldimethyl Taurate Copolymer, Phenoxyethanol, Mica, Isohexadecane, Titanium Dioxide (Ci 77891), Polyvinyl Alcohol, Polysorbate 80, Sorbitan Tristearate, Tocopheryl Acetate, Caffeine, Sodium Citrate, Fragrance (Parfum), 2OEthyl Ascorbic Acid, Sorbitan Oleate, Disodium Edta, Xanthan Gum, Alcohol, Limonene, Citric Acid, Sodium Metaphosphate, Xylitol, Oryzanol, Magnesium Ascorbyl Phosphate, Hexyl Cinnamal, Benzyl Benzoate, Butylphenyl Methylpropional, Linalool, Sodium Metabisulfite, Sodium Acetylated Hyaluronate, Iron Oxides (Ci 77491), AlphaIsomethyl Ionone, Saccharomyces Ferment Lysate Filtrate, Crataegus Monogyna Flower Extract, Citronellol, Geraniol, Dipotassium Glycyrrhizate, Paeonia Suffruticosa Root Extract, Tocopherol, Rehmannia Chinensis Root Extract, Cinnamomum Cassia Bark Extract, Bupleurum Falcatum Root Extract, Coix LacrymaJobi MaYuen Seed Extract, Camellia Sinensis Leaf Extract.",20,4643,0.5,0.0,https://www.sephora.com/product/one-essential-eye-serum-P408542?icid2=products%20grid:p408542,0.5,144.0
Plantscription™ Anti-Aging Eye Treatment,Origins,eye-treatment-dark-circle-treatment,50.0,"Butylene Glycol, Dimethicone, Glycerin, Jojoba Esters, Anogeissus Leiocarpus Bark Extract, Saccharomyces Ferment Filtrate, Sigesbeckia Orientalis Extract, Polygonum Cuspidatum Root Extract, Centaurium Erythraea Extract, Sapindus Mukurossi Fruit Extract, Magnolia Officinalis Bark Extract, Micrococcus Lysate, Rosmarinus Officinalis (Rosemary) Leaf Extract, Camellia Sinensis Leaf Extract, Cucumis Sativus (Cucumber) Fruit Extract, Pyrus Malus (Apple) Fruit Extract, Scutellaria Baicalensis Root Extract, Caffeine, Glycereth26, Simmondsia Chinensis (Jojoba) Butter, Biotin, Methyl Trimethicone, Cholesterol, Elaeis Guineensis (Palm) Oil, Acetyl Hexapeptide8, Carbomer, Trehalose, Tocopherol, Squalene, Lecithin, Polysilicone11, Caesalpinia Spinosa Gum, Jojoba Alcohol, Phytosterols, Isopropyl Jojobate, Tetrahexyldecyl Ascorbate, Sodium Hyaluronate, Linoleic Acid, Zinc Pca, Tocotrienols, Caprylyl Glycol, Tromethamine, Hexylene Glycol, Hydroxyethylcellulose, Ammonium Acryloyldimethyltaurate/Vp Copolymer, Phenoxyethanol.",158,8687,0.5,0.0,https://www.sephora.com/product/plantscription-anti-aging-eye-treatment-P298310?icid2=products%20grid:p298310,0.5,100.0
I-Waken Eye Serum,Indie Lee,eye-treatment-dark-circle-treatment,48.0,"Propanediol, Glycerin, Alcohol, Dicaprylyl Ether, Polyglyceryl6 Distearate, Caprylic/Capric Triglyceride, Sodium Levulinate, Sclerotium Gum, Simmondsia Chinensis (Jojoba) Seed Oil, Squalane, Jojoba Esters, Chondrus Crispus, Sodium Anisate, Pyrus Sorbus Bud Extract, Sodium Dehydroacetate, Cetyl Alcohol, Polyglyceryl3 Beeswax, Sodium Hyaluronate, Galactaric Acid, Tocopherol, Citric Acid, Aesculus Hippocastanum (Horse Chestnut) Seed Extract, Arnica Montana Flower Extract, Centaurea Cyanus Flower Extract, Chamomilla Recutita (Matricaria) Flower Extract, Hamamelis Virginiana (Witch Hazel) Leaf Extract, Ribes Nigrum (Black Currant) Leaf Extract, Spirulina Maxima Extract, Helianthus Annuus (Sunflower) Seed Oil.",40,5445,0.5,0.0,https://www.sephora.com/product/i-waken-eye-serum-P433889?icid2=products%20grid:p433889,0.5,96.0
Essential-C Eye Cream SPF 15 PA++,Murad,eye-treatment-dark-circle-treatment,70.0,"Butylene Glycol, BisDiglyceryl Polyacyladipate2, Caprylic/Capric/Myristic/Stearic Triglyceride, Shorea Stenoptera Seed Butter, Cetyl Alcohol, PEG100 Stearate, Glyceryl Stearate, Silica, Stearic Acid, Dimethicone, Cetyl Phosphate, Rice Amino Acids, Urea, Yeast Amino Acids, Trehalose, Inositol, Taurine, Betaine, Zinc Aspartate, Retinol, Caprylic/Capric Triglyceride, Avocado Oil, Cimicifuga Racemosa Root Extract, Caffeine, Siloxanetriol Alginate, Methylsilanol Mannuronate, Phospholipids, Tocopheryl Acetate, Retinyl Palmitate, Ascorbyl Palmitate, Panthenol, Sodium PCA, Polyester8, Carbomer, Aminomethyl Propanol, Disodium EDTA, Phenoxyethanol, Caprylyl Glycol, Chlorphenesin, Titanium Dioxide (CI 77891), Iron Oxide (CI 77499).",255,6941,0.5,0.0,https://www.sephora.com/product/essential-c-eye-cream-spf-15-pa-P12869?icid2=products%20grid:p12869,0.5,140.0
All Natural Retinol Infused Eye Mask- 5 Pack,KNC Beauty,eye-treatment-dark-circle-treatment,25.0,"Hyaluronic Acid, Gold, Collagen, Licorice Root Extract, Aloe, Vitamin A, Rosemary Extract.",9,1420,0.0,0.0,https://www.sephora.com/product/all-natural-retinol-infused-eye-mask-5-pack-P442740?icid2=products%20grid:p442740,0.5181621621621623,48.24744418944293
Concentrated Ginseng Renewing Eye Cream,Sulwhasoo,eye-treatment-dark-circle-treatment,180.0,"Butylene Glycol, Squalane, Glycerin, Propanediol, Behenyl Alcohol, Diisostearyl Malate, Dimethicone, Polyglyceryl3 Methylglucose Distearate, Hydrogenated Castor Oil Isostearate, Phytosteryl Isostearyl Dimer Dilinoleate, Butyrospermum Parkii (Shea) Butter, Phytosteryl/Behenyl/Octyldodecyl Lauroyl Glutamate, Stearic Acid, Glyceryl Stearate, Peg100 Stearate, 1,2Hexanediol, Methoxy Peg114/Polyepsilon Caprolactone, Polyacrylate13, Phenoxyethanol, Panax Ginseng Root Extract, Polyisobutene, Hydrolyzed Ginseng Saponins (EnzymeTreated Red Ginseng Saponins), Caffeine, Honey / Mel / Miel, Alcohol, Fragrance / Parfum, Nelumbo Nucifera Flower Extract, Polygonatum Officinale Rhizome/Root Extract, Rehmannia Glutinosa Root Extract, Paeonia Albiflora Root Extract, Lilium Candidum Bulb Extract, Ethylhexylglycerin, Polysorbate 20, Sorbitan Isostearate, Disodium Edta, Sodium Polyacrylate, Theobroma Cacao (Cocoa) Extract, Dextrin, Glycyrrhiza Uralensis (Licorice) Root Extract, AlphaIsomethyl Ionone, Limonene, Hydrogenated Lecithin, Linalool, Panax Ginseng Flower Extract, Hydroxyisohexyl 3Cyclohexene Carboxaldehyde, Hexyl Cinnamal, Phytosphingosine, Sodium Polyaspartate, Tocopherol, Sodium Methyl Stearoyl Taurate.",5,341,0.67,0.0,https://www.sephora.com/product/concentrated-ginseng-renewing-eye-cream-P448928?icid2=products%20grid:p448928,0.67,268.65671641791045
Reviving Eye Cream,Omorovicza,eye-treatment-dark-circle-treatment,145.0,"Hungarian Thermal Glycerin, Simmondsia Chinensis (Jojoba) Oil, Squalane, Cetearyl Ethylhexanoate, Stearyl Heptanoate, Cetearyl Olivate, Helianthus Annuus (Sunflower) Seed Oil, Sorbitan Oilivate, Butyrospermum Parkii (Shea) Butter, Caprylic/Capric Triglyceride, Cetearyl Alcohol, Phenoxyethanol, Mannitol, Ascorbyl Tetraisopalmitate, Benzyl Alcohol, Calendula Officinalis Flower Extract, Laminaria Digitata Extract, Prunus Armeniaca (Apricot) Kernel Oil, Prunus Domestica Seed Extract, Pyrus Malus (Apple) Fruit Extract, Ethylhexylglycerin, Disodium EDTA, Tocopherol, Xanthan Gum, Yeast Extract, Chlorella Vulgaris/Lupinus Albus Proteine Ferment, Pectin, Lactic Acid, Potassium Sorbate",16,1869,0.5,0.0,https://www.sephora.com/product/reviving-eye-cream-P309211?icid2=products%20grid:p309211,0.5,290.0
Dr. Andrew Weil for Origins™ Mega-Bright Dark Circle Minimizer,Origins,eye-treatment-dark-circle-treatment,47.0,"Dimethicone, Butylene Glycol, Hdi/Trimethylol Hexyllactone Crosspolymer, Squalane, Isononyl Isononanoate, Glycerin, Steareth2, Steareth21, Polysilicone11, Rosa Roxburghii Fruit Extract, Paeonia Albiflora (Peony) Root Extract, Prunus Mume Fruit Extract, Magnolia Officinalis Bark Extract, Molasses Extract/Saccharum Officinarum/Extrait De Melasse, Citrus Grandis (Grapefruit) Peel Extract, Centella Asiatica (Hydrocotyl) Extract, Cladosiphon Okamuranus Extract, Sigesbeckia Orientalis (St. Paul'S Wort) Extract, Triticum Vulgare (Wheat) Germ Extract, Hordeum Vulgare (Barley) Extract/Extrait D'Orge, Aloe Barbadensis Leaf Extract, Garcinia Indica (Kokum) Seed Butter, Astrocaryum Murumuru Seed Butter, Sodium Hyaluronate, Cholesterol, Phytosphingosine, Yeast Extract/Faex/Extrait De Levure, Polymethylsilsesquioxane, Ethylhexyl Isononanoate, Cocos Nucifera (Coconut) Oil, Caprylyl Glycol, Stearyl Alcohol, DiC1215 Alkyl Fumarate, Dicaprylyl Carbonate, Ethylhexylglycerin, Acrylates/C1030 Alkyl Acrylate Crosspolymer, Peg10 Dimethicone, Tetrahexyldecyl Ascorbate, Hydroxyethyl Acrylate/Sodium Acryloyldimethyl Taurate Copolymer, Polymethyl Methacrylate, Polysorbate 60, Cetyl Alcohol, Dextrin, Tromethamine, Silica, Dimethicone Silylate, Sodium Dehydroacetate, Pentylene Glycol, Phenoxyethanol, Mica, Titanium Dioxide (Ci 77891), Iron Oxides (Ci 77491), Iron Oxides (Ci 77492) <iln40478>",133,5028,0.5,0.0,https://www.sephora.com/product/dr-andrew-weil-for-origins-tm-mega-bright-dark-circle-minimizer-P384394?icid2=products%20grid:p384394,0.5,94.0
Keep Young And Beautiful™ Instant Brightening Beauty Shot Eye Lift,REN Clean Skincare,eye-treatment-dark-circle-treatment,46.0,"Silica, Sodium Hyaluronate, Hydroxypropyl Methylcellulose, Glycerin, Pullulan, Carbomer, Mica, CI77891 (Titanium Dioxide), Polianthes Tuberosa Callus Extract, Sodium Hydroxide, Phenoxyethanol, Porphyridium Cruentum Extract, Sodium Hydroxymethylglycinate, Rosa Damascena Flower Oil, Rosa Damascena Extract, Citronellol, Geraniol.",67,5601,0.5,0.0,https://www.sephora.com/product/keep-young-and-beautiful-instant-brightening-beauty-shot-eye-lift-P406764?icid2=products%20grid:p406764,0.5,92.0
Watermelon Burst Hydrating Eye Patches,Ciaté London,eye-treatment-dark-circle-treatment,25.0,"Glycerin, Sodium Polyacrylate, 1,2Hexanediol, Carbomer, Hydroxyacetophenone, Tartaric Acid, Butylene Glycol, Propanediol, Aluminum Glycinate, Hamamelis Virginiana (Witch Hazel) Extract, Disodium EDTA, Centella Asiatica Extract, Titanium Dioxide, Citrullus Lanatus (Watermelon) Fruit Extract, Carrageenan, Hydrolyzed Collagen, Niacinamide, Tocopheryl Acetate.",9,3695,0.0,0.0,https://www.sephora.com/product/watermelon-burst-hydrating-eye-patches-P451165?icid2=products%20grid:p451165,0.5181621621621623,48.24744418944293
Hydra Life Cooling Hydration Sorbet Eye Gel,Dior,eye-treatment-dark-circle-treatment,55.0,"Abyssinica Oil: Nourishes, coats, and strengthens lashes and eyebrows.",20,3004,0.5,0.0,https://www.sephora.com/product/hydra-life-cooling-hydration-sorbet-eye-gel-P429676?icid2=products%20grid:p429676,0.5,110.0
DayWear Eye Cooling Anti-Oxidant Moisture GelCreme,Estée Lauder,eye-treatment-dark-circle-treatment,40.0,"Daywear Eye Jelly   Division: El (Estee Lauder)Ingredients: Dimethicone , Butylene Glycol , Trisiloxane , Glycerin , Ammonium Acryloyldimethyltaurate/Vp Copolymer , Trehalose , Sucrose , Algae Extract , Cucumis Sativus (Cucumber) Fruit Extract , Ascophyllum Nodosum Extract , Asparagopsis Armata Extract , Ergothioneine , Thermus Thermophillus Ferment , Dipotassium Glycyrrhizate , Sodium Hyaluronate , Caffeine , Artemia Extract , Acetyl Glucosamine , Palmaria Palmata Extract , Hydrolyzed Rice Extract , Lauryl Pca , Oleth10 , Lauryl Peg9 Polydimethylsiloxyethyl Dimethicone , Sorbitol , Sodium Pca , Urea , Tetrahexyldecyl Ascorbate , Tocopheryl Acetate , Carbomer , Citric Acid , Polyquaternium51 , Ethylbisiminomethylguaiacol Manganese Chloride , Potassium Sorbate , Cyclodextrin , Tromethamine , Disodium Edta , Bht , Phenoxyethanol , Yellow 5 (Ci 19140) , Blue 1 (Ci 42090) <iln43725></iln43725>",7,1114,0.5,0.0,https://www.sephora.com/product/daywear-eye-cooling-anti-oxidant-moisture-gelcreme-P427640?icid2=products%20grid:p427640,0.5,80.0
Starry Eye Balm,Kopari,eye-treatment-dark-circle-treatment,28.0,"Cocos Nucifera (Organic Coconut) Oil, Butyrospermum Parkii (Shea Butter), Candelilla Wax, Sesamum Indicum (Sesame) Seed Oil, Theobroma Cacao (Cocoa Butter), Ricinus Communis (Castor) Oil, Hydrolyzed Jojoba Esters, Jojoba Esters, Lavandula Angustifolia (Lavender) Flower Wax, Coffea Arabica (Coffee) Oil, Caffeine, Cocos Nucifera (Coconut) Fruit Extract, Sodium Hyaluronate, Citrullus Lanatus (Watermelon) Seed Oil, Hydrogenated Castor Oil, Bismuth Oxychloride (Natural Mineral), Menthyl PCA, Rosehip Seed Oil, Ethylhexyl Hydroxystearate, Camellia Japonica (Tsubaki) Seed Oil, Melia Azadirachta (Neem) Extract, Moringa Pterygosperma (Moringa) Seed Oil, Rosa Damascena (Bulgarian Rose) Oil.",55,6649,0.0,0.0,https://www.sephora.com/product/starry-eye-balm-P442561?icid2=products%20grid:p442561,0.5181621621621623,54.03713749217608
Kakadu C™ Eye Soufflé,DERMAdoctor,eye-treatment-dark-circle-treatment,68.0,"Isodecyl Neopentanoate, Glycerin, Cetyl Alcohol, Tetrahexyldecyl Ascorbate, Isononyl Isononanoate, Sodium Acrylate/Sodium Acryloyldimethyl Taurate, Copolymer, Polysorbate 80, Caprylic/Capric Triglyceride, Epigallocatechin Gallatyl Glucoside, Palmitoyl Tripeptide38, Propyl Gallate, Gallyl Glucoside, Caffeine, Terminalia Ferdinandiana (Kakadu) Fruit Extract, Pleiogynium Timorense Fruit Extract, Podocarpus Elatus Fruit Extract, Grevillea Speciosa Flower Extract, Banksia Serrata Flower Extract, Anigozanthos Manglesii Flower Extract, Tocopheryl Acetate, Hydroxypropyl Cyclodextrin, Butylene Glycol, Sorbitol, Glyceryl Stearate, Alcohol Denat., Sodium Phytate, Phenoxyethanol, Ethylhexylglycerin.",37,2949,0.5,0.0,https://www.sephora.com/product/kakadu-c-eye-souffle-P396403?icid2=products%20grid:p396403,0.5,136.0
Advanced Time Zone Age Reversing Line/Wrinkle Eye Creme,Estée Lauder,eye-treatment-dark-circle-treatment,64.0,"Adv Timezone Age Rvr Lw Eye Crm   Division: El (Estee Lauder)Ingredients: Butyrospermum Parkii (Shea Butter) , Polyethylene , Cetyl Esters , Dicaprylyl Carbonate , Hydrogenated Polyisobutene , Cetearyl Alcohol , Isostearyl Neopentanoate , Sucrose , Propanediol , Butylene Glycol , Tamarindus Indica Seed Extract , Polygonum Cuspidatum Root Extract , Hydrolyzed Rice Extract , Vitis Vinifera (Grape) Seed Extract , Rosmarinus Officinalis (Rosemary) Extract , Selaginella Tamariscina (Spike Moss) Extract , Humulus Lupulus (Hops) Extract , Citrus Reticulata (Tangerine) Peel Extract , Punica Granatum (Pomegranate) Fruit Juice , Limonium Vulgare Flower/Leaf/Stem Extract , Yeast Extract/Faex/Extrait De Levure , Tocopheryl Acetate , Hordeum Vulgare (Barley) Extract/Extrait D'Orge , Lens Esculenta (Lentil) Fruit Extract , Hydrogenated Lecithin , Phytantriol , Cucumis Sativus (Cucumber) Fruit Extract , Trehalose , Methyl Glucose Sesquistearate , Acetyl Glucosamine , Cetearyl Glucoside , Citrullus Vulgaris (Watermelon) Fruit Extract , Cetyl Alcohol , Centaurium Erythraea (Centaury) Extract , Glycerin , Propylene Glycol Dicaprate , Caprylic/Capric Triglyceride , Sodium Pca , Helianthus Annuus (Sunflower) Seedcake , Caffeine , Aminomethyl Propanol , Sigesbeckia Orientalis (St. Paul'S Wort) Extract , Polybutene , Sodium Hyaluronate , Dimethicone , Pyrus Malus (Apple) Fruit Extract , Lauryl Pca , Hexylene Glycol , Whey Protein/Lactis Protein/Proteine Du PetitLait , Acetyl Hexapeptide8 , Cholesterol , Acrylates/C1030 Alkyl Acrylate Crosspolymer , Sodium Lactate , Peg100 Stearate , Propylene Glycol Dicaprylate , Persea Gratissima (Avocado) Oil , Phospholipids , Salicornia Herbacea Extract , Cucumis Melo (Melon) Fruit Extract , Linoleic Acid , Phytosteryl Canola Glycerides , Decarboxy Carnosine Hcl , Oleic Acid , Palmitic Acid , Caprylyl Glycol , Carbomer , Stearic Acid , Nordihydroguaiaretic Acid , Phytosphingosine , Triolein , Cyclodextrin , Potassium Sulfate , Linolenic Acid , Ethylbisiminomethylguaiacol Manganese Chloride , Disodium Edta , Bht , Potassium Sorbate , Phenoxyethanol , Mica , Titanium Dioxide (Ci 77891) <iln39167></iln39167>",7,1216,0.5,0.0,https://www.sephora.com/product/advanced-time-zone-age-reversing-line-wrinkle-eye-creme-P380025?icid2=products%20grid:p380025,0.5,128.0
Redness Recovery+ Antioxidant Eye Treatment,Skinfix,eye-treatment-dark-circle-treatment,48.0,"Caprylic/Capric Triglyceride, C1018 Triglycerides, Glycerin, Caprylyl Caprylate/Caprate, Propanediol, C1216 Alcohols, Jojoba Oil/Macadamia Seed Oil Esters, Octyldodecanol, Glyceryl Stearate Citrate, Palmitic Acid, Isosorbide Dicaprylate, Hydrogenated Lecithin, Ceramide NP, Tetrapeptide14, Ceramide AP, Ceramide EOP, Sodium Hyaluronate, Pantolactone, Palmitoyl Tripeptide5, Hydrolyzed Hyaluronic Acid, Boswellia Serrata Extract, Tocopherol, Aspalathus Linearis Extract, Panthenol, Squalene, Saccharomyces Cerevisiae Extract, Hydrolyzed Lupine Protein, Colloidal Oatmeal, Aloe Barbadensis Leaf Juice, Dunaliella Salina Extract, Phytosphingosine, Cholesterol, Mel Extract (Honey Extract), Ethylhexylglycerin, Rosmarinus Officinalis (Rosemary) Leaf Extract, Helianthus Annuus (Sunflower) Extract, Medicago Sativa (Alfalfa) Seed Extract, Phytosteryl Macadamiate, Trisodium Ethylenediamine Disuccinate, Oryza Sativa (Rice) Bran Extract, Phytosteryl Canola Glycerides, Camellia Sinensis Leaf Extract, Phytosterols, Sodium Lauroyl Lactylate, Myristyl Myristate, Dilinoleic Acid/Propanediol Copolymer, Hydrogenated Vegetable Oil, Carbomer, Butylene Glycol, Phenoxyethanol, Sodium Benzoate, Citric Acid, Xanthan Gum, Potassium Sorbate, CI 75810 (ChlorophyllinCopper Complex).",7,1214,0.5,0.0,https://www.sephora.com/product/redness-recovery-antioxidant-eye-treatment-P442849?icid2=products%20grid:p442849,0.5,96.0
Super Multi-Corrective Eye-Opening Serum,Kiehl's Since 1851,eye-treatment-dark-circle-treatment,50.0,"Rhamnose, Glycerin, Alcohol Denat., Dimethicone, Hydroxyethylpiperazine Ethane Sulfonic Acid, Octyldodecanol, Sodium Hyaluronate, Mica, Phenoxyethanol, Ammonium Polyacryldimethyltauramide/ Ammonium Polyacryloyldimethyl Taurate, CI 77891/Titanium Dioxide, Chlorphenesin, Acrylates/ C1030 Alkyl Acrylate Crosspolymer, Triethanolamine, Xanthan Gum, PEG20 Methyl Glucose Sesquistearate, Disodium    EDTA, Adenosine, Salicyloyl Phytosphingosine.",18,3639,0.5,0.0,https://www.sephora.com/product/super-multi-corrective-eye-opening-serum-P422259?icid2=products%20grid:p422259,0.5,100.0
Vitamin C Ester Brightening Eye Serum,Perricone MD,eye-treatment-dark-circle-treatment,60.0,"Cyclotetrasiloxane, Cyclopentasiloxane, Tetrahexyldecyl Ascorbate, Squalane, Tocopheryl Acetate, Bisabolol, Elaeis Guineensis (Palm) Oil, Tocotrienols, Fragrance, Ethoxydiglycol, Tocopherol, Ascorbyl Palmitate, Dimethyl MEA (DMAE).",322,3605,0.5,0.0,https://www.sephora.com/product/vitamin-c-ester-eye-serum-P243236?icid2=products%20grid:p243236,0.5,120.0
WASO: Eye Opening Essence,Shiseido,eye-treatment-dark-circle-treatment,28.0,"Water (Aqua/Eau), Triethylhexanoin, Methyl Methacrylate Crosspolymer, Butylene Glycol, Glycerin, Propanediol, Synthetic Wax, Dipeptide15, Trehalose, Phenoxyethanol, Ammonium Acryloyldimethyltaurate/Vp Copolymer, Chlorphenesin, Fragrance (Parfum), Hydroxyethyl Acrylate/Sodium Acryloyldimethyl Taurate Copolymer, Squalane, Polyvinyl Alcohol, Saccharide Isomerate, Chromium Hydroxide Green (Ci 77289), Iron Oxides (Ci 77492), Bht, Acrylates/C1030 Alkyl Acrylate Crosspolymer, Polysorbate 60, Silica, Potassium Hydroxide, Limonene, Serine, Menthol, Sorbitan Isostearate, Benzyl Benzoate, Eriobotrya Japonica Leaf Protoplasts, Citronellol, Citric Acid, Sodium Citrate, Linalool, Peg30 Phytosterol, Hydrogenated Lecithin, Trisodium Edta, Nasturtium Officinale Leaf/Stem Extract.",4,362,0.73,0.0,https://www.sephora.com/product/shiseido-waso-eye-opening-essence-P454789?icid2=products%20grid:p454789,0.73,38.35616438356165
Énergie de Vie The Illuminating & Anti-Fatigue Cooling Eye Gel,Lancôme,eye-treatment-dark-circle-treatment,42.0,WaterGlycerinAlcohol Denat.NiacinamideMelissa Officinalis Flower/Leaf/Stem WaterDimethiconeBetaineIsononyl IsononanoateCi 77891 / Titanium DioxideCi 19140 / Yellow 5Ci 42090 / Blue 1TButyl AlcoholTocopherolMicaVaccinium Macrocarpon (Cranberry) Seed OilAscorbyl GlucosideSodium Acrylates Crosspolymer2PhenoxyethanolCaffeineArginineTrisodium Ethylenediamine DisuccinateChlorphenesinSilica SilylateSalicylic AcidSilicaMelissa Officinalis Leaf OilAmmonium Polyacryloyldimethyl TaurateDimethiconolLimoneneXanthan GumMenthoxypropanediolPanax Ginseng Root ExtracPropanediolPhospholipidsBiosaccharide Gum1CarbomerCitric AcidCitralDextrinOryza Sativa Extract / Rice ExtractFragrance,48,3737,0.5,0.0,https://www.sephora.com/product/energie-de-vie-illuminating-anti-fatigue-cooling-eye-gel-P419634?icid2=products%20grid:p419634,0.5,84.0
Powerful-Strength Line-Reducing Eye-Brightening Concentrate,Kiehl's Since 1851,eye-treatment-dark-circle-treatment,44.0,Propylene GlycolCyclopentasiloxaneAscorbic AcidGlycerinCetyl Peg/Ppg10/1 DimethiconeDimethicone CrosspolymerAqua / WaterLauroyl LysineAcrylates CopolymerEscinSilica Dimethyl SilylateAdenosineNHydroxysuccinimidePalmitoyl OligopeptideChrysinPalmitoyl Tetrapeptide7.,18,2262,0.5,0.0,https://www.sephora.com/product/powerful-strength-line-reducing-eye-brightening-concentrate-P427625?icid2=products%20grid:p427625,0.5,88.0
Renewed Hope in A Jar Eye Cream,philosophy,eye-treatment-dark-circle-treatment,51.0,"Glycerin, Isononyl Isononanoate, Caprylic/Capric Triglyceride, Tribehenin Peg20 Esters, Polyglyceryl2 Diisostearate, Cyclopentasiloxane, Propanediol, Cyclohexasiloxane, Phenoxyethanol, Sodium Polyacrylate, Acrylates Crosspolymer, Butylene Glycol, Mica, Acrylates/C1030 Alkyl Acrylate Crosspolymer, Tocopheryl Acetate, Sorbitol, Titanium Dioxide, Evodia Rutaecarpa Fruit Extract, Ethylhexyl Palmitate, Urea, Glucosamine Hcl, Algae Extract, Ascophyllum Nodosum Extract, Asparagopsis Armata Extract, Saccharomyces Cerevisiae Extract, Adenosine, Sodium Hydroxide, Isostearic Acid, Chrysanthellum Indicum Extract, Yeast Extract, Silica Dimethyl Silylate, Tin Oxide, Potassium Sorbate, Caprylyl Glycol, Hyaluronic Acid, Silanetriol, Citric Acid, Ethylhexylglycerin, Sodium Hyaluronate, Sorbic Acid, Hexylene Glycol.",83,3176,0.5,0.0,https://www.sephora.com/product/renewed-hope-in-jar-eye-P392233?icid2=products%20grid:p392233,0.5,102.0
ELEVATE Firming & Lifting Contouring Eye Cream,Algenist,eye-treatment-dark-circle-treatment,72.0,"Glycerin, Isostearyl Neopentanoate, Butylene Glycol, Butyrospermum Parkii (Shea) Butter, Dimethicone, Sorbitan Stearate, Pentylene Glycol, Cetearyl Alcohol, Cetyl Alcohol, DiC1215 Alkyl Fumarate, Glyceryl Stearate, Neopentyl Glycol Diheptanoate, PEG100 Stearate, Algae Exopolysaccharides, Palmitoyl Tripeptide1, Palmitoyl Tetrapeptide7, Arginine/Lysine Polypeptide, Hydrolyzed Rice Protein, Hydrolyzed Lupine Protein, Acetyl Dipeptide1 Cetyl Ester, Albizia Julibrissin Bark Extract, Sigesbeckia Orientalis Extract, Gold, Caffeine, Medicago Sativa (Alfalfa) Extract, Chamomilla Recutita (Matricaria) Extract, Adenosine, Silica, Citrullus Lanatus (Watermelon) Fruit Extract, Lens Esculenta (Lentil) Fruit Extract, Pyrus Malus (Apple) Fruit Extract, Acrylates/C1030 Alkyl Acrylate Crosspolymer, Aminomethyl Propanol, Synthetic Fluorphlogopite, Polymethylsilsesquioxane, Sodium Stearoyl Glutamate, Sorbitan Laurate, Hydroxyethylcellulose, Carbomer, Siloxanetriol Alginate, Acetyl Hydroxyproline, Polysorbate 20, Sodium PCA, Sorbic Acid, Sodium Lactate, Disodium EDTA, Tin Oxide, Ethylhexylglycerin, Sodium Benzoate, Chlorphenesin, Caprylyl Glycol, Phenoxyethanol, Titanium Dioxide (CI 77891).",23,986,0.5,0.0,https://www.sephora.com/product/elevate-firming-lifting-contouring-eye-cream-P410809?icid2=products%20grid:p410809,0.5,144.0
Wrinkle Revenge Eye Balm,DERMAdoctor,eye-treatment-dark-circle-treatment,50.0,"Caprylic/Capric Triglyceride, Palmitoyl Pentapeptide4, Hesperidin Methyl Chalcone, Steareth20, Dipeptide2, Palmitoyl Tetrapeptide7, Camellia Sinensis (White Tea) Leaf Extract, Glycerin, Methyl Gluceth20, Cetyl Alcohol, Glyceryl Stearate, Stearic Acid, Polyethylene, Sodium Stearoyl Lactylate, Caffeine, Sodium Hyaluronate, Sodium Ascorbyl Phosphate, Propylene Glycol, Macrocystis Pyrifera Extract, Spirulina Maxima Extract, Fucus Vesiculosus Extract, Chondrus Crispus (Carrageenan) Extract, Nasturtium Officinale Extract, Cetraria Islandica Extract, Vitis Vinifera (Grape) Seed Extract, llex Paraguariensis (Paraguay Tea) Leaf Extract, Lecithin, Superoxide Dismutase, Butylene Glycol, Saccharomyces Lysate Extract, Squalane, Ubiquinone, Retinyl Palmitate, Tocopheryl Acetate, Dimethicone, Cyclomethicone, Acrylates/C1030 Alkyl Acrylate Crosspolymer, Carbomer, Disodium EDTA, Polysorbate 20, PPG2 Myristyl Ether Propionate, Aminomethyl Propanol, Phenoxyethanol, Methylparaben, Ethylparaben, Propylparaben, Butylparaben, Isobutylparaben",379,6430,0.5,0.0,https://www.sephora.com/product/wrinkle-revenge-eye-balm-P102504?icid2=products%20grid:p102504,0.5,100.0
Belle de Jour Angel Eyes White Lotus Care,KENZOKI,eye-treatment-dark-circle-treatment,71.0,"Caprylic/Capric Triglyceride, Palmitoyl Pentapeptide4, Hesperidin Methyl Chalcone, Steareth20, Dipeptide2, Palmitoyl Tetrapeptide7, Camellia Sinensis (White Tea) Leaf Extract, Glycerin, Methyl Gluceth20, Cetyl Alcohol, Glyceryl Stearate, Stearic Acid, Polyethylene, Sodium Stearoyl Lactylate, Caffeine, Sodium Hyaluronate, Sodium Ascorbyl Phosphate, Propylene Glycol, Macrocystis Pyrifera Extract, Spirulina Maxima Extract, Fucus Vesiculosus Extract, Chondrus Crispus (Carrageenan) Extract, Nasturtium Officinale Extract, Cetraria Islandica Extract, Vitis Vinifera (Grape) Seed Extract, llex Paraguariensis (Paraguay Tea) Leaf Extract, Lecithin, Superoxide Dismutase, Butylene Glycol, Saccharomyces Lysate Extract, Squalane, Ubiquinone, Retinyl Palmitate, Tocopheryl Acetate, Dimethicone, Cyclomethicone, Acrylates/C1030 Alkyl Acrylate Crosspolymer, Carbomer, Disodium EDTA, Polysorbate 20, PPG2 Myristyl Ether Propionate, Aminomethyl Propanol, Phenoxyethanol, Methylparaben, Ethylparaben, Propylparaben, Butylparaben, Isobutylparaben",7,395,0.5,0.0,https://www.sephora.com/product/belle-de-jour-angel-eyes-white-lotus-care-P399728?icid2=products%20grid:p399728,0.5,142.0
GloPRO® EYE MicroTip™ Attachment Head,BeautyBio,eye-treatment-dark-circle-treatment,35.0,"Caprylic/Capric Triglyceride, Palmitoyl Pentapeptide4, Hesperidin Methyl Chalcone, Steareth20, Dipeptide2, Palmitoyl Tetrapeptide7, Camellia Sinensis (White Tea) Leaf Extract, Glycerin, Methyl Gluceth20, Cetyl Alcohol, Glyceryl Stearate, Stearic Acid, Polyethylene, Sodium Stearoyl Lactylate, Caffeine, Sodium Hyaluronate, Sodium Ascorbyl Phosphate, Propylene Glycol, Macrocystis Pyrifera Extract, Spirulina Maxima Extract, Fucus Vesiculosus Extract, Chondrus Crispus (Carrageenan) Extract, Nasturtium Officinale Extract, Cetraria Islandica Extract, Vitis Vinifera (Grape) Seed Extract, llex Paraguariensis (Paraguay Tea) Leaf Extract, Lecithin, Superoxide Dismutase, Butylene Glycol, Saccharomyces Lysate Extract, Squalane, Ubiquinone, Retinyl Palmitate, Tocopheryl Acetate, Dimethicone, Cyclomethicone, Acrylates/C1030 Alkyl Acrylate Crosspolymer, Carbomer, Disodium EDTA, Polysorbate 20, PPG2 Myristyl Ether Propionate, Aminomethyl Propanol, Phenoxyethanol, Methylparaben, Ethylparaben, Propylparaben, Butylparaben, Isobutylparaben",3,2901,0.0,0.0,https://www.sephora.com/product/glopro-eye-microtip-attachment-head-P438638?icid2=products%20grid:p438638,0.5181621621621623,67.5464218652201
Eye Contour Gel,Clarins,eye-treatment-dark-circle-treatment,43.0,"Rosa Damascena Flower Water, Citrus Aurantium Amara (bitter Orange) Flower Water, Butylene Glycol, Glycerin, Carbomer, Tromethamine, Caffeine, Phenoxyethanol, Ethylhexylglycerin, PEG-8, Aloe Barbadensis Leaf Juice, PEG-32, Citric Acid, Benzyl Acohol, Centaurea Cyanus Flower Extract, Sodium Benzoate, Ginkgo Biloba Leaf Extract, Potassium Sorbate, Methylisothiazolinone, Chamomilla Recutita (Matricaria) Flower Extract, Dehydroacetic Acid, CI 42090/Blue 1",98,2849,0.7,0.0,https://www.sephora.com/product/eye-contour-gel-P94820?icid2=products%20grid:p94820,0.7,61.42857142857143
Enhancing Eye Lift Serum,Clarins,eye-treatment-dark-circle-treatment,66.0,"Glycerin, Propa Nediol, Betaine, Butylene Glycol, Acrylates/C1030 Alkyl Acrylate Crosspolymer, Tromethamine, Caffeine, Panthenol, Avena Sativa (Oat) Kernel Extract, Caprylyl Glycol, Disodium Edta, Ethylhexylglycerin, Ppg26Buteth 26, Peg40 Hydrogenated Castor Oil, Mica, Polymethyl Methacrylate, Escin, Zingiber Zerumbet Extract, Ci 77891/Titanium Dioxide, Sodium Acrylates Copolymer, Parfum/Fragrance, Hydrogenated Polyisobutene, Alcohol, Phospholipids, Phenoxyethanol, Polyglyceryl10 Stearate, Sodium Benzoate, Helianthus Annuus (Sunflower) Seed Oil, Biosaccharide Gum4, Baccharis Genistelloides Extract, Thermus Thermophillus Fer Ment, Xylitol, Diospyros Kaki Fruit Extract, Alchemilla Vulgaris Extract, Lapsa Na Communis Flower/Leaf/Stem Extract, Paullinia Cupana Seed Extract, Potassium Sorbate, Camellia Sinensis Leaf Extract, Sodium Lauryl Sulfate.",10,1517,0.5,0.0,https://www.sephora.com/product/enhanching-eye-lift-serum-P408229?icid2=products%20grid:p408229,0.5,132.0
Radiance Antioxidant Eye Cream,Eve Lom,eye-treatment-dark-circle-treatment,75.0,"Cetearyl Alcohol, Myristyl Myristate, Propanediol, Cetyl Ricinoleate, Camelina Sativa Seed Oil, Glycerin, Dimethicone, Isopropyl Isostearate, Phytosteryl/Octyldodecyl Lauroyl Glutamate, Cetearyl Glucoside, Xylitylglucoside, Phenoxyethanol, Anhydroxylitol, Hydroxyethyl Acrylate/Sodium Acryloyldimethyl Taurate Copolymer, Tocopherol, Ectoin, Galactoarabinan, Inulin Lauryl Carbamate, Panthenol, Squalane, Lysolecithin, Sclerotium Gum, Panax Ginseng Root Extract, Xylitol, Pullulan, Xanthan Gum, Disodium EDTA, Ethylhexylglycerin, Steareth20, Polysorbate 60, Gynostemma Pentaphyllum Leaf Extract, Sodium Hyaluronate, Dunaliella Salina Extract, Sorbitan Isostearate, 2Bromo2Nitropropane1,3Diol, Silica, Sodium Hydroxide, Citric Acid, Palmitoyl Tripeptide5, Sodium Benzoate, Potassium Sorbate, NHydroxysuccinimide, Sodium Citrate, Pantolactone, Chrysin, Palmitoyl Tripeptide1, Palmitoyl Tetrapeptide7.",3,1002,0.5,0.0,https://www.sephora.com/product/radiance-antioxidant-eye-cream-P440320?icid2=products%20grid:p440320,0.5,150.0
A Perfect World™ SPF 20 Age-Defense Eye Cream with White Tea,Origins,eye-treatment-dark-circle-treatment,41.0,"Isocetyl Stearoyl Stearate, Butylene Glycol, C1215 Alkyl Benzoate, Cetyl Alcohol, Butyrospermum Parkii (Shea Butter), Laureth4, Dimethicone, Trehalose, Polyethylene, Peg100 Stearate, Cetyl Esters, Camellia Sinensis (White Tea) Leaf Extract, Sigesbeckia Orientalis (St. Paul'S Wort) Extract, Vaccinium Macrocarpon (Cranberry) Fruit Extract, Vaccinium Angustifolium (Blueberry) Fruit Extract, Solanum Tuberosum (Potato) Pulp Extract, Opuntia Tuna Extract, Lycium Chinense (Wolfberry) Fruit Extract, Eriobotrya Japonica (Loquat) Leaf Extract, Molasses Extract\Saccharum Officinarum\Extrait De Mélasse, Betula Alba (Birch) Bark Extract, Passiflora Incarnata Flower Extract, Lythrum Salicaria Extract, Saccharomyces Lysate Extract, Phytosphingosine, Aminopropyl Ascorbyl Phosphate, Leontopodium Alpinum Extract, Algae Extract, Sodium Hyaluronate, Yeast Extract\Faex\Extrait De Levure, Boswellia Serrata Extract, Astrocaryum Murumuru Seed Butter, Ergothioneine, Oryzanol, Hydroxyethyl Acrylate/Sodium Acryloyldimethyl Taurate Copolymer, Lauric Acid, Glycerin, Squalane, Tocopheryl Acetate, Isostearic Acid, Caprylyl Glycol, Polyhydroxystearic Acid, Polysorbate 60, Sodium Pca, Urea, Sodium Phytate, Aluminum Hydroxide, Tromethamine, Hexylene Glycol, Polyquaternium51, Lecithin, Bht, Phenoxyethanol, Mica, Iron Oxides (Ci 77491, Ci 77492, Ci 77499).",51,4721,0.5,0.0,https://www.sephora.com/product/a-perfect-world-spf-20-age-defense-eye-cream-with-white-tea-P417308?icid2=products%20grid:p417308,0.5,82.0
Line Release Under Eye Repair Cream,Kate Somerville,eye-treatment-dark-circle-treatment,125.0,"Phenyl Trimethicone, Cyclopentasiloxane, Cyclotetrasiloxane, Dipeptide Diaminobutyroyl Benzylamide Diacetate, PPG12/SMDI Copolymer, Glycerin, Theobroma Grandiflorum Seed Butter, Dimethicone, C1215 Alkyl Benzoate, Dimethiconol, Sodium Polyacrylate, Sodium Stearoyl Glutamate, Phenoxyethanol, Butylene Glycol, Steareth2, PEG/PPG18/18 Dimethicone, Carbomer, Cetyl Esters, Ethylhexyl Cocoate, Palmitoyl Oligopeptide, Phospholipids, Sodium PCA, Palmitoyl Tetrapeptide7, Polysorbate 20, Polyquaternium51, Sodium Hyaluronate, Trehalose, Urea, Ceramide 2, Cucumis Sativus (Cucumber) Fruit Extract, Ethylhexylglycerin, PEG10 Rapeseed Sterol, Tocopheryl Acetate, Tribehenin, Hydrolyzed Rice Bran Protein, Acetyl Hexapeptide3, Ascorbyl Palmitate, Glycolipids, Lecithin, Retinyl Palmitate, Xanthan Gum, Arginine, Glycine, Lysine, Proline, Glycine Soja (Soybean) Oil, Oxido Reductases",68,3463,0.5,0.0,https://www.sephora.com/product/line-release-under-eye-repair-cream-P232920?icid2=products%20grid:p232920,0.5,250.0
All Natural Retinol Infused Eye Mask,KNC Beauty,eye-treatment-dark-circle-treatment,5.0,"Hyaluronic Acid, Gold, Collagen, Licorice Root Extract, Aloe, Vitamin A, Rosemary Extract.",12,2021,0.0,0.0,https://www.sephora.com/product/all-natural-retinol-infused-eye-mask-P442738?icid2=products%20grid:p442738,0.5181621621621623,9.649488837888585
PRE:EMPT SERIES™ Brightening Eye Cream,Perricone MD,eye-treatment-dark-circle-treatment,55.0,"Caprylic/Capric Triglyceride, Cetyl Alcohol, Hexylene Glycol, Stearyl Alcohol, Glycerin, Polysorbate 20, Dimethyl MEA, Tetrahexyldecyl Ascorbate, Butyrospermum Parkii (Shea) Butter, Tetrahydrobisdemethoxydiferuloylmethane, Persea Gratissima (Avocado) Oil, Sodium Hyaluronate, Caffeine, Olea Europaea (Olive) Leaf Extract, Lepidium Sativum Sprout Extract, Tetrahydrodiferuloylmethane, Tetrahydrodemethoxydiferuloylmethane, Epigallocatechin Gallatyl Glucoside, NHydroxysuccinimide, Acetyl Tyrosine, Lecithin, Carbomer, Citric Acid, Glyceryl Stearate, PEG100 Stearate, PEG12 Glyceryl Dimyristate, Caprylyl Glycol, Steareth20, Phenoxyethanol, Iron Oxides (CI 77491), Silica, Titanium Dioxide (CI 77891).",66,4103,0.5,0.0,https://www.sephora.com/product/pre-empt-series-brightening-eye-cream-P408539?icid2=products%20grid:p408539,0.5,110.0
High Performance Continuous Moisture Eye Cream,Anthony,eye-treatment-dark-circle-treatment,40.0,"Glycerin, Caprylic/Capric Triglyceride, C1215 Alkyl Benzoate, Glyceryl Stearate, Propanediol, Peg100 Stearate, Cetearyl Alcohol, Butyrospermum Parkii (Shea) Butter, Dimethicone, Ethylene/Acrylic Acid Copolymer, Ppg15 Stearyl Ether, Squalane, Jojoba Esters, Simmondsia Chinensis (Jojoba) Seed Oil, Hydrogenated Ethylhexyl Olivate, Caprylic/Capric/ Myristic/Stearic Triglyceride, Hydrogenated Olive Oil Unsaponifiables, Algae Extract, Pullulan, Myristyl Myristate, Arachidyl Alcohol, Caffeine, Aloe Barbadensis Leaf Juice Powder, Panthenol, Arachidyl Glucoside, Arnica Montana Flower Extract, Cucumis Sativus (Cucumber) Fruit Extract, Daucus Carota Sativa (Carrot) Root Extract, Zingiber Officinale (Ginger) Root Extract, Sodium Hyaluronate, Chrysin, Palmitoyl Oligopeptide, Palmitoyl Tetrapeptide7, NHydroxysuccinimide, Saccharide Isomerate, Ethylhexylglycerin, Bisabolol, Polysorbate 60, Behenyl Alcohol, C1314 Isoparaffin, Polyacrylamide, Laureth7, Steareth20, Resveratrol, Tocopheryl Acetate, Ascorbyl Palmitate, Retinyl Palmitate, Xanthan Gum, Glycosaminoglycans, Caprylyl Glycol, Aminomethyl Propanol, Tetrasodium Edta, Phenoxyethanol, Benzoic Acid, Sorbic Acid, Chlorphenesin, Benzyl Alcohol",36,2909,0.75,0.0,https://www.sephora.com/product/high-performance-continuous-moisture-eye-cream-P72706?icid2=products%20grid:p72706,0.75,53.333333333333336
Liquid Gold Firming Eye Cream,Alpha-H,eye-treatment-dark-circle-treatment,99.0,"Caprylic/Capric Triglyceride, Cetearyl Alcohol, Hydrogenated Polydecene, Stearic Acid, Glycerin, Dicapryl Carbonate, Mannitol, Polysilicone11, Ceteareth20, Niacinamide, Polymethylsilsesquioxane, Phenoxyethanol, Panthenol, Persea Gratissima (Avocado) Oil, Silk amino acids, Butylene Glycol, Hibiscus Sabdariffa (Red Sorrel) Flower Extract, Cucumis Sativus (Cucumber) Seed Extract, Caprylyl Glycol, Laureth12, Allantoin, Morus Alba Bark Extract, Sodium gluconate, Citric Acid, Pyruvic Acid, Alcohol Denat., Sodium Benzoate, Potassium Sorbate, Sodium Citrate, Ethylhexylglycerin, Microcitrus Australasica (FingerLime) Fruit Extract, Dextrin, Disodium Phosphate, Ferulic Acid, Waltheria Indica (Waltheria) Leaf Extract, Sodium Phosphate, Acetyl Tetrapeptide5, Diamond powder, Sorbic Acid, Acetyl Hexapeptide51 (Amide), Acetyl Hexapeptide8, Acetyl Octapeptide3.",9,565,0.51,0.0,https://www.sephora.com/product/liquid-gold-firming-eye-cream-P442537?icid2=products%20grid:p442537,0.51,194.11764705882354
Essential Energy Eye Definer,Shiseido,eye-treatment-dark-circle-treatment,42.0,"Dimethicone, Glycerin, Sd Alcohol 40B (Alcohol Denat.), Butylene Glycol, Dipropylene Glycol, Peg10 Dimethicone, Polymethylsilsesquioxane, Diphenylsiloxy Phenyl Trimethicone, Disteardimonium Hectorite, Trehalose, Titanium Dioxide (Ci 77891), Pentaerythrityl Tetraethylhexanoate, Sodium Chloride, Peg150, Isostearic Acid, Phenoxyethanol, Mica, Disodium Edta, Tocopheryl Acetate, Sodium Citrate, Fragrance, Alcohol, Trimethylsiloxysilicate, Tin Oxide, Caffeine, Aluminum Hydroxide, Polysilicone2, Citric Acid, Hydrogen Dimethicone, Hexyl Cinnamal, Iron Oxides (Ci 77491), Tocopherol, Limonene, Linalool, Sodium Metabisulfite, Talc, Citronellol, Angelica Keiskei Leaf/Stem Extract, Sanguisorba Officinalis Root Extract, Crataegus Monogyna Flower Extract, Geraniol, Sodium Acetylated Hyaluronate, Vaccinium Macrocarpon (Cranberry) Seed Oil, Cinnamomum Cassia Bark Extract, Citrus Unshiu Peel Extract, Zingiber Aromaticus Extract, Rubus Idaeus (Raspberry) Fruit Extract, Coix LacrymaJobi MaYuen Seed Extract, Helianthus Annuus (Sunflower) Seed Oil, Rosmarinus Officinalis (Rosemary) Leaf Extract (Rosmarinus Officinalis Leaf Extract).",3,720,0.55,0.0,https://www.sephora.com/product/essential-energy-eye-definer-P433622?icid2=products%20grid:p433622,0.55,76.36363636363636
Peptide Trio Eye Cream,boscia,eye-treatment-dark-circle-treatment,40.0,"Diisopropyl Dimer Dilinoleate, Glycerin, Glyceryl Stearate, Polyglyceryl2 Diisostearate, Butyrospermum Parkii (Shea) Butter, Squalane, Hydrogenated Polydecene, Cetyl Alcohol, Polyglyceryl6 Palmitate/Succinate, C1215 Alkyl Benzoate, Palmitoyl Hexapeptide12, Palmitoyl Tripeptide1, Palmitoyl Tetrapeptide7, Ginkgo Biloba Leaf Extract, Camellia Sinensis Leaf Extract, Sodium Hyaluronate, Prunus Amygdalus Dulcis (Sweet Almond) Oil, Persea Gratissima (Avocado) Oil, Sesamum Indicum (Sesame) Seed Oil, Panax Ginseng Root Extract, Simmondsia Chinensis (Jojoba) Seed Extract, Epilobium Angustifolium Flower/Leaf/Stem Extract, Ceramide NG, Tribehenin, Ammonium Acryloyldimethyltaurate/VP Copolymer, 1,2Hexanediol, Caprylyl Glycol, Hydroxyacetophenone, Butylene Glycol, Ozokerite, Carbomer, Xanthan Gum, Sodium Hydroxide, Cetearyl Alcohol, Polysorbate 20.",10,1770,0.51,0.0,https://www.sephora.com/product/peptide-trio-eye-cream-P446917?icid2=products%20grid:p446917,0.51,78.43137254901961
Vita Mineral™ Active 7 Eye Gel ,REN Clean Skincare,eye-treatment-dark-circle-treatment,36.0,"Diisopropyl Dimer Dilinoleate, Glycerin, Glyceryl Stearate, Polyglyceryl2 Diisostearate, Butyrospermum Parkii (Shea) Butter, Squalane, Hydrogenated Polydecene, Cetyl Alcohol, Polyglyceryl6 Palmitate/Succinate, C1215 Alkyl Benzoate, Palmitoyl Hexapeptide12, Palmitoyl Tripeptide1, Palmitoyl Tetrapeptide7, Ginkgo Biloba Leaf Extract, Camellia Sinensis Leaf Extract, Sodium Hyaluronate, Prunus Amygdalus Dulcis (Sweet Almond) Oil, Persea Gratissima (Avocado) Oil, Sesamum Indicum (Sesame) Seed Oil, Panax Ginseng Root Extract, Simmondsia Chinensis (Jojoba) Seed Extract, Epilobium Angustifolium Flower/Leaf/Stem Extract, Ceramide NG, Tribehenin, Ammonium Acryloyldimethyltaurate/VP Copolymer, 1,2Hexanediol, Caprylyl Glycol, Hydroxyacetophenone, Butylene Glycol, Ozokerite, Carbomer, Xanthan Gum, Sodium Hydroxide, Cetearyl Alcohol, Polysorbate 20.",147,3409,0.5,0.0,https://www.sephora.com/product/vita-mineral-active-7-eye-gel-P174629?icid2=products%20grid:p174629,0.5,72.0
Time Retreat Eye Treatment,Eve Lom,eye-treatment-dark-circle-treatment,75.0,"Isostearyl Neopentanoate, C1215 Alkyl Benzoate, Glycerin, Hdi/Trimethylol Hexyllactone Crosspolymer, Myristyl Myristate, Ascorbyl Tetraisopalmitate, Cetearyl Olivate, Sorbitan Olivate, Dipalmitoyl Hydroxyproline, Phenoxyethanol, Lecithin, Alcohol Denat., Pentylene Glycol, Avena Sativa (Oat) Kernel Extract, Carbomer, Benzyl Alcohol, Hydroxyethyl Acrylate/Sodium Acryloyldimethyl Taurate Copolymer, Polysorbate 81, Squalane, Xanthan Gum, Sodium Hydroxide, Ethylhexylglycerin, Sodium Hyaluronate, Disodium Edta, Tocopherol, Alcohol, Retinol, Polysorbate 20, Silica, Polysorbate 60, Dehydroacetic Acid, Potassium Phosphate, Sorbitan Isostearate, Soy Isoflavones (Geistein).",14,1612,0.5,0.0,https://www.sephora.com/product/time-retreat-eye-treatment-P414077?icid2=products%20grid:p414077,0.5,150.0
Neuropeptide Firming & Illuminating Under-Eye Cream,Perricone MD,eye-treatment-dark-circle-treatment,170.0,"Butylene Glycol, Glycerin, Dimethicone, Cyclopentasiloxane, Stearic Acid, Niacinamide, 1,2Hexanediol, Cetearyl Alcohol, Sucrose Distearate, Cyclohexasiloxane, Caprylic/Capric Triglyceride, Behenic Acid, Polyglyceryl10 Myristate, Cetyl Ethylhexanoate, Simmondsia Chinensis (Jojoba) Seed Oil, Macadamia Ternifolia Seed Oil, Argania Spinosa Kernel Oil, Titanium Dioxide, Dipeptide2, Palmitoyl Tetrapeptide7, Acetyl Tetrapeptide9, Ceramide NP, Phytosteryl Isostearate, Hydrogenated Lecithin, Paeonia Suffruticosa Root Extract, Scutellaria Baicalensis Root Extract, Hesperidin Methyl Chalcone, Allantoin, Tocopheryl Acetate, Lactobacillus/Soybean Ferment Extract, Xanthan Gum, Adenosine, Viscum Album (Mistletoe) Leaf Extract, Imperata Cylindrica Root Extract, Synthetic Fluorphlogopite, Mannitol, Carbomer, Sodium Hydroxide, Disodium EDTA, Behenyl Alcohol, Batyl Alcohol, Ammonium Acryloyldimethyltaurate/VP Copolymer, Glyceryl Stearate, Steareth20, Tin Oxide.",6,1709,0.5,0.0,https://www.sephora.com/product/neuropeptide-eye-therapy-P211329?icid2=products%20grid:p211329,0.5,340.0
Divine Eyes,L'Occitane,eye-treatment-dark-circle-treatment,80.0,"Glycerin, Rosa Centifolia Flower Caprylic/Capric Triglyceride, C1422 Alcohols, Dimethicone, Glyceryl Stearate, Oenothera Biennis (Evening Primrose) Oil, Butyrospermum Parkii (Shea) Butter, Helichrysum Italicum Flower Oil, Myrtus Communis Oil, Helichrysum Italicum Extract, Camelina Sativa Seed Oil, Borago Officinalis Seed Oil, Echium Plantagineum Seed Oil, Fraxinus Excelsior Bark Extract, Polygonum Fagopyrum Seed Extract, Helianthus Annuus (Sunflower) Seed Oil, Rosmarinus Officinalis (Rosemary) Leaf Extract, Mel/Honey, Hydrogenated Vegetable Oil, Sucrose Palmitate, C1220 Alkyl Glucoside, Glyceryl Linoleate, Carbomer, Peg100 Stearate, Sodium Phytate, Ethylhexylglycerin, Phenoxyethanol, Chlorphenesin, Sodium Benzoate, Potassium Sorbate, Tocopheryl Acetate, Alcohol, Tocopherol, Limonene.",18,1704,0.5,0.0,https://www.sephora.com/product/divine-eyes-P396251?icid2=products%20grid:p396251,0.5,160.0
Baggage Claim Rose Gold Eye Masks,Wander Beauty,eye-treatment-dark-circle-treatment,25.0,"Glycerin, Butylene Glycol, 1,2Hexanediol, Aloe Barbadensis Leaf Juice, Xanthan Gum, Polyglyceryl4 Caprate, Panthenol, Hydroxyethylcellulose, Portulaca Oleracea Extract, Calendula Officinalis Flower Extract, Myrciaria Dubia Fruit Extract, Butyrospermum Parkii (Shea) Butter, Ethylhexylglycerin, Disodium EDTA, Scutellaria Baicalensis Root Extract, Glyceryl Caprylate, Sodium hyaluronate, Tocopheryl Acetate, Simmondsia Chinensis (Jojoba) Seed Oil, Lavandula Angustifolia (Lavender) Oil , Lecithin, Cyclopentasiloxane, Hydrogenated Lecithin, Natto Gum, Glycine, Serine, Glutamic Acid, Betaglucan, Aspartic Acid, Leucine, Alanine, Lysine, Arginine, Tyrosine, Phenylalanine, Threonine, Proline, Valine, Isoleucine, Histidine, Methionine, Cysteine, Acetyl Hexapeptide8, Copper Tripeptide1.",3,15950,0.0,0.0,https://www.sephora.com/product/baggage-claim-rose-gold-eye-masks-P437960?icid2=products%20grid:p437960,0.5181621621621623,48.24744418944293
Wild Seed Firming Eye Cream,Primera,eye-treatment-dark-circle-treatment,64.0,"Squalane, Propanediol, Polyglyceryl3 Methylglucose Distearate, Dimethicone, Diisostearylmalate, Glyceryl Stearate, Hydrogenated Castor Oil Isostearate, Cetearyl Alcohol, Phytosteryl Isostearyl Dimerdilinoleate, Behenyl Alcohol, Glycerin,1,2Hexanediol, Butylene Glycol, Polyacrylate13, Polyisobutene, Fragrance / Parfum, Disodium Edta,Ethylhexylglycerin, Adenosine, Polysorbate 20, Sorbitan Isostearate, Sodium Polyacrylate, Dextrin, Theobromacacao (Cocoa) Extract, Butyrospermum Parkii (Shea) Butter, Glycine Soja (Soybean) Sprout Extract, Glycine Soja(Soybean) Seed Extract, Hydrogenated Soybean Oil, Tocopherol.",2,609,0.84,0.0,https://www.sephora.com/product/primera-wild-seed-firming-eye-cream-P447192?icid2=products%20grid:p447192,0.84,76.19047619047619
Immortelle Precious Eye Balm,L'Occitane,eye-treatment-dark-circle-treatment,45.0,"aqua/water, polymethyl methacrylate, caprylic/capric triglyceride, glycerin, myreth3 myristatedimethicone, hydroxyethyl acrylate/sodium acryloyldimethyl, taurate copolymer, methylpropanediol, Sorbitol, Isononyl Isononanoate, Helichrysum Italicum Extract, Helianthus Annuus (Sunflower) Seed Oil, Helichrysum Italicum Flower Oil, Rosa Centifolia Flower Oenothera Biennis (Evening Primrose) Oil, Borago Officinalis Seed Oil, Butyrospermum Parkii (Shea) Butter, Caffeine, Escin, Hyaluronic Acid, Corn Starch Modified, Phenoxyethanol, Chlorphenesin, Ethylhexylglycerin, Carbomer, Xanthan Gum, Polysorbate 60, Sorbitan Isostearate, Sodium, Hydroxide, Sucrose Palmitate, Disodium Edta, Silanetriol, Glyceryl Linoleate, Sodium Benzoate, Citric Acid , Tocopherol, Potassium Sorbate.",1,571,0.5,0.0,https://www.sephora.com/product/l-occitane-immortelle-precious-eye-balm-P452803?icid2=products%20grid:p452803,0.5,90.0
Photo Dynamic Therapy Energizing Eye Renewal Cream,DERMAdoctor,eye-treatment-dark-circle-treatment,65.0,"Cyclopentasiloxane, Caprylic/Capric Triglyceride, Yeast Amino Acids, Butyl Methoxydibenzoylmethane, Butylene Glycol, Glycerin, Polysilicone11, Aminobutyric Acid, Barium Sulfate, Cetyl Alcohol, Stearic Acid, Propanediol, Euglena Gracilis Extract, Glyceryl Stearate, PEG100 Stearate, Tricalcium Phosphate, Dimethicone, Sodium Stearoyl Glutamate, Steareth20, Tocopheryl Acetate, Cyclohexasiloxane, Portulaca Oleracea Extract, Panax Ginseng Root Extract, Centella Asiatica Extract, Sorbitan Laurate, Caffeine, Xanthan Gum, Morinda Citrifolia Extract, Zizyphus Jujuba Seed Extract, Hydroxyethylcellulose, Acetyl Dipeptide1 Cetyl Ester, Phytoecdysteroids, Glaucium Flavum Leaf Extract, Disodium EDTA, Phenoxyethanol, Methylparaben, Ethylparaben, Propylparaben, Butylparaben, Diazolidinyl Urea.",61,1610,0.5,0.0,https://www.sephora.com/product/photodynamic-therapy-energizing-eye-renewal-cream-P376241?icid2=products%20grid:p376241,0.5,130.0
Goat Milk De-Puffing Eye Balm,Kate Somerville,eye-treatment-dark-circle-treatment,38.0,"Propanediol, BisPEG18 Methyl Ether Dimethyl Silane, Glycerin, Sodium Stearate, DiPPG2 Myreth10 Adipate, Synthetic Fluorphlogopite, Goat Milk Powder, Lactose, Milk Protein, Manuka (Leptospermum) Honey Extract, Jojoba Oil PEG150 Esters, Aloe Barbadensis Leaf Extract, Medicago Sativa (Alfalfa) Seed Extract, Polianthes Tuberosa Callus Extract, Hydrolyzed Lupine Protein, Menthoxypropanediol, Phenoxyethanol, Ethylhexylglycerin, Lactic Acid.",153,7946,0.3,0.0,https://www.sephora.com/product/goat-milk-de-puffing-eye-balm-P407401?icid2=products%20grid:p407401,0.3,126.66666666666667
Lotus Caress to Moisturize Eyes,KENZOKI,eye-treatment-dark-circle-treatment,35.0," Glycerin,  Pentylene Glycol,  Cetearyl Isononanoate,  Ethylene/Acrylic Acid Copolymer,  Neopentyl Glycol Dicaprylate/Dicaprate,  Butylene Glycol,  Nelumbo Nucifera Root  Phenoxyethanol, Hydroxyethyl Acrylate/Sodium Acryloyldimethyl Taurate Copolymer,  Squalane,  Methyl Gluceth20, Sorbitol,  Acrylates/C1030 Alkyl Acrylate Crosspolymer,  Poloxamer 407,  Tocopheryl Acetate,  Tromethamine, Fragrance,  Algin,  Polysorbate 60,  Sodium Hyaluronate,  Xanthan Gum,  Saccharomyces Cerevisiae Extract,  Polyvinyl Alcohol, Ophiopogon Japonicus Root Extract,  Cellulose Gum,  Fagus Sylvatica Bud Extract,  Hexyl Cinnamal,  Ethylhexylglycerin,  Linalool,  AlphaIsomethyl Ionone,  Nelumbo Nucifera Flower Extract,  BHT,  Tocopherol",8,633,0.5,0.0,https://www.sephora.com/product/lotus-caress-to-moisturize-eyes-P399712?icid2=products%20grid:p399712,0.5,70.0
KateCeuticals™ Contouring Eye Serum,Kate Somerville,eye-treatment-dark-circle-treatment,125.0,"Cyclopentasiloxane, Dimethiconol, Ethylhexyl Cocoate, Glycerin, Pullulan, Phenoxyethanol, Carbomer, Sodium Hydroxide, Caprylyl Glycol, Algae Extract, Ethylhexylglycerin, Phenyl Trimethicone, Disodium EDTA, Adenosine, Sodium Hyaluronate, Dipalmitoyl Hydroxyproline , Glycine Soja (Soybean) Seed Extract, Maltodextrin, Acetyl Octapeptide3, Pentapeptide18, Sucrose Palmitate, Caprylic/Capric Triglyceride, Dimethicone, Rubus Fruticosus (Blackberry) Leaf Extract, Glyceryl Linoleate, Commiphora Mukul Resin Extract, Lecithin, Ceramide NG, Palmitoyl Tripeptide5, Glycolipids, Tocopherol.",2,1047,0.5,0.0,https://www.sephora.com/product/kateceuticals-contouring-eye-serum-P409915?icid2=products%20grid:p409915,0.5,250.0
Hypoallergenic Cica Sleeping Mask,LANEIGE,facial-treatment-masks,34.0,"Water / Aqua / Eau, Propanediol, Cetyl Ethylhexanoate, Squalane, Hydrogenated Poly(C614 Olefin), Glycerin, Panthenol, Cetearyl Alcohol, Butyrospermum Parkii (Shea) Butter, Glyceryl Stearate Citrate, 1,2Hexanediol, Polyglyceryl3 Methylglucose Distearate, Polyglyceryl10 Stearate, Hydroxyethyl Acrylate/Sodium Acryloyldimethyl Taurate Copolymer, Butylene Glycol, Acrylates/C1030 Alkyl Acrylate Crosspolymer, Glyceryl Caprylate, Ethylhexylglycerin, Disodium Edta, Asiaticoside, Madecassic Acid, Sorbitan Isostearate, Asiatic Acid, Melaleuca Alternifolia (Tea Tree) Leaf Oil, Aureobasidium Pullulans Ferment, Chamaecyparis Obtusa Leaf Extract, Cymbopogon Martini Oil, Tocopherol.",394,23526,0.0,0.0,https://www.sephora.com/product/laneige-hypoallergenic-cica-sleeping-mask-P454313?icid2=products%20grid:p454313,2.447428571428571,13.892131683399489
Jet Lag Mask,Summer Fridays,facial-treatment-masks,48.0,"Caprylic /Capric Triglyceride, Castanea Sativa (Chestnut) Seed Extract, Diheptyl Succinate, Capryloyl Glycerin/Sebacic Acid Copolymer, Pentylene Glycol, Butyrospermum Parkii (Shea)Butter, Cetearyl Alcohol, Niacinamide, Hydroxyethyl Acrylate/Sodium Acryloyldimethyl Taurate Copolymer, Glycerin, Sorbitan Stearate, Glyceryl Stearate , PEG 100 Stearate, Phenoxyethanol, Ethylhexylglycerin, Physalis Angulata Extract, Ceramide NP, Ceramide AP, Ceramide EOP, Phytosphingosine, Cholesterol, Sodium Lauroyl Lactylate, Carbomer, Xanthan Gum, Sodium Hyaluronate, Aminopropyl Ascorbyl Phosphate, Tetrasodium Glutamate Diacetate, Arginine, Citric Acid, Tocopheryl Acetate, Mentha Arvensis (Cornmint) Oil, Mentha Piperita (Peppermint) Oil, Citrus Aurantium Dulcis (Orange)Peel Oil, Limonene, Cucumis Sativus (Cucumber) Fruit Extract.",2000,101315,0.0,2.25,https://www.sephora.com/product/jet-lag-mask-P429952?icid2=products%20grid:p429952,2.25,21.333333333333332
Face Mask,SEPHORA COLLECTION,facial-treatment-masks,6.0," Butylene Glycol, Glycerin, Betaine, 1,2Hexanediol, Hydroxyacetophenone, Xanthan Gum, Lecithin, Salix Alba (Willow) Bark Extract, Kaolin, Parfum (Fragrance), Phenoxyethanol,  Hydrolyzed Rice Bran Extract, Bakuchiol, Magnolia Officinalis Flower Extract, Camellia Sinensis Leaf Extract, Citric Acid, Sodium Benzoate, Limonene,  Linalool, Potassium Sorbate, Quartz.",1000,109894,0.0,0.0,https://www.sephora.com/product/face-mask-P429722?icid2=products%20grid:p429722,2.447428571428571,2.451552650011674
Rare Earth Deep Pore Cleansing Masque,Kiehl's Since 1851,facial-treatment-masks,36.0,"Kaolin, Bentonite, Propanediol, Glycerin, CI 77891/Titanium Dioxide, Caprylic/Capric Triglyceride, Cetearyl Alcohol, Zea Mays Starch/Corn Starch, Phenoxyethanol, Ceteareth20, Caprylyl Glycol, Xanthan Gum, Ethylhexylglycerin, Tocopherol, Lecithin, Aloe Barbadensis/Aloe Barbadensis Leaf Juice, Avena Sativa Flour/Oat Kernel Flour, Allantoin.",274,52528,4.2,0.0,https://www.sephora.com/product/rare-earth-deep-pore-cleansing-mask-P422002?icid2=products%20grid:p422002,4.2,8.571428571428571
Sheet Masks,Dr. Jart+,facial-treatment-masks,9.0,"Caprylic/Capric Triglyceride, Glycerin, Niacinamide, Dipropylene Glycol, Cetearyl Alcohol, Trehalose, Stearic Acid, Allantoin, Citrus Limon (Lemon) Peel Oil, Citrus Aurantium Bergamia (Bergamot) Fruit Oil, Eucalyptus Globulus Leaf Oil, Rosmarinus Officinalis (Rosemary) Leaf Oil, Lavandula Angustifolia (Lavender) Oil, Citrus Aurantium Dulcis (Orange) Peel Oil, Citrus Grandis (Grapefruit) Peel Oil, Sodium Hyaluronate, Calcium Pantothenate, Sodium Ascorbyl Phosphate, Tocopheryl Acetate, Pyridoxine HCl, Maltodextrin, Sodium Starch Octenylsuccinate, Silica, Glutathione, Bisabolol, Sorbitan Sesquioleate, Glyceryl Stearate, Polysorbate 60, Hydroxyethylcellulose, Carbomer, Triethanolamine, Disodium EDTA, Ethylhexylglycerin, Phenoxyethanol",422,87713,0.0,0.0,https://www.sephora.com/product/sheet-masks-P429529?skuId=1723873&icid2=products%20grid:p429529,2.447428571428571,3.6773289750175118
Pitera Facial Treatment Mask,SK-II,facial-treatment-masks,95.0,"Saccharomycopsis Ferment Filtrate*, Butylene Glycol, Xanthan Gum, Sodium Salicylate, Methylparaben, Disodium EDTA. *Pitera.",374,48305,0.0,0.0,https://www.sephora.com/product/facial-treatment-mask-P375852?skuId=1448463&icid2=products%20grid:p375852,2.447428571428571,38.81625029185151
Salicylic Acid 2% Masque,The Ordinary,facial-treatment-masks,12.0,"Kaolin, Squalane, Glycerin, Dimethyl Isosorbide, Silica Cetyl Silylate, Salicylic Acid, Sodium Polyacrylate, Pentylene Glycol, Charcoal Powder, 4tButylcyclohexanol, Sclerotium Gum, Acacia Senegal Gum, Xanthan Gum, Phytic Acid, Polysorbate 20, Trisodium Ethylenediamine Disuccinate, Chlorphenesin, Phenoxyethanol.",64,21149,1.7,0.0,https://www.sephora.com/product/the-ordinary-salicylic-acid-2-masque-P448530?icid2=products%20grid:p448530,1.7,7.0588235294117645
Resurfacing BHA Glow Mask,Tata Harper,facial-treatment-masks,65.0,"Aloe Barbadensis Leaf Juice*, Salix Alba (Willow) Bark Extract, Sclerotium Gum, Lactobacillus Ferment, Maltooligosyl Glucoside, Lactobacillus/Punica Granatum Fruit Ferment Extract, Leuconostoc Ferment Filtrate, Beta Vulgaris/Beet Root Extract/Extrait de Racine de Betterave, Kaolin (White Clay), Hydrogenated Starch Hydrolysate, Hydrolyzed Corn Starch, Aroma**, CI77491 (Red Iron Oxide), Sodium Phytate, Benzyl Alcohol, Citral, Citronellol, Eugenol, Geraniol, Limonene, Linalool. *Ingredients from organic farming. **Clinical grade essential oils blend.",541,42725,0.0,1.0,https://www.sephora.com/product/resurfacing-mask-P379707?icid2=products%20grid:p379707,1.0,65.0
Honey Potion Renewing Antioxidant Hydration Mask,Farmacy,facial-treatment-masks,56.0,"Glycerin, Diglycerin, Polyglyceryl10 Stearate, Echinacea Purpurea Root Extract, Honey Extract, Propolis Extract, Royal Jelly Extract, Panthenol, Vanillyl Butyl Ether, Allantoin, Zingiber Officinale (Ginger) Root Extract, Aroma (Flavor)*, Hippophae Rhamnoides Oil, Phenoxyethanol, Water. *Natural Flavor.",1000,91415,0.0,4.1,https://www.sephora.com/product/honey-potion-renewing-antioxidant-hydration-mask-with-echinacea-greenenvy-P410873?icid2=products%20grid:p410873,4.1,13.658536585365855
Mask Stick,SEPHORA COLLECTION,facial-treatment-masks,8.0,"Aqua (Water), Glycerin, Kaolin, Propylene Glycol, Sodium Stearate, CI 77891 (Titanium Dioxide), CI 77491 (Iron Oxides), Parfum (Fragrance), Sodium Citrate, Xanthan Gum, Disteardimonium Hectorite, Gellan Gum, Phenoxyethanol, Stearic Acid, Biosaccharide Gum1, Sodium Hydroxide, Citrullus Lanatus (Watermelon) Fruit Extract.",136,22963,0.0,0.0,https://www.sephora.com/product/mask-stick-P445447?icid2=products%20grid:p445447,2.447428571428571,3.2687368666822327
Violet-C Radiance Mask,Tatcha,facial-treatment-masks,68.0,* Hadasei3,500,67204,1.7,0.0,https://www.sephora.com/product/violet-c-radiance-mask-P420699?icid2=products%20grid:p420699,1.7,40.0
Rose Face Mask,Fresh,facial-treatment-masks,62.0,"Butylene Glycol, Glycerin, Pentylene Glycol, PEG60 Hydrogenated Castor Oil, Rosa Centifolia Flower, Rosa Damascena Flower Rosa Damascena Extract, Cucumis Sativus (Cucumber) Fruit Extract, Anthemis Nobilis Flower Oil, Camellia Sinensis Leaf Extract, Porphyridium Cruentum Extract, Rosa Damascena Flower Oil, Aloe Barbadensis Leaf Extract, Aspalathus Linearis Leaf Extract, Faex (Yeast Extract), Tocopherol, Carbomer, Tetrasodium EDTA, Sodium Hydroxide, Maris Aqua (Sea Water), Caprylic/Capric Triglyceride, Glyceryl Acrylate/Acrylic Acid Copolymer, Sodium Hyaluronate, Caramel, Maltodextrin, Citric Acid, Sodium Benzoate, Potassium Sorbate, Phenoxyethanol, Citronellol, Geraniol.",2000,109308,0.0,3.3,https://www.sephora.com/product/rose-face-mask-P12336?icid2=products%20grid:p12336,3.3,18.78787878787879
Clear Improvement® Active Charcoal Mask to Clear Pores,Origins,facial-treatment-masks,13.0,"Myrtus Communis (Myrtle) Leaf Kaolin, Bentonite, Butylene Glycol, Montmorillonite, Polysorbate 20, Peg100 Stearate, Charcoal Powder, Xanthan Gum, Lecithin, Peg150 Distearate, Propylene Glycol Stearate, Sorbitan Laurate, Glycerin, Propylene Glycol Laurate, Simethicone, Caprylyl Glycol, Ethylhexylglycerin, Hexylene Glycol, Trisodium Edta, Dehydroacetic Acid, Phenoxyethanol.",4000,170161,0.0,1.0,https://www.sephora.com/product/clear-improvement-active-charcoal-mask-to-clear-pores-P297524?icid2=products%20grid:p297524,1.0,13.0
Drink Up™ Intensive Overnight Hydrating Mask with Avocado & Swiss Glacier Water,Origins,facial-treatment-masks,26.0," Glycerin, Cetyl Alcohol,   Glyceryl Polymethacrylate,  Niacinamide, Hydroxyethyl Urea , Peg75,  Dimethicone, Persea Gratissima (Avocado) Oil,  Ppg15 Stearyl Ether, Peg8, Glycereth26, Sorbitan Stearate, Citrus Aurantium Amara (Bitter Orange)Leaf/Twig Oil*, Citrus Aurantium Dulcis (Orange) Peel Oil*, Ricinus Communis (Castor) Seed Oil*, Osmanthus Fragrans Flower Extract, Rosa Damascena Extract, Ribes Nigrum Bud Extract, Cinnamomum Camphora (Camphor) Leaf Extract,  Benzaldehyde, Hexenyl Acetate, GammaDecalactone, Ionone, Ethyl Acetate, Alcohol, Linalool, Limonene, Isopropyl Isostearate, Peg100 Stearate, Citrus Aurantium Dulcis (Orange) Peel Wax, Prunus Armeniaca (Apricot) Kernel Oil,  Mangifera Indica (Mango) Seed Butter, Sucrose** , Hypnea Musciformis (Algae) Extract, Avena Sativa (Oat) Kernel Extract, Triticum Vulgare (Wheat Bran) Extract, Cladosiphon Okamuranus Extract, Cetearyl Alcohol, Caffeine, Oryza Sativa (Rice) Extract, Gelidiella Acerosa Extract, Butylene Glycol,  Aloe Barbadensis Leaf Extract, Pantethine, Olea Europaea (Olive) Fruit Extract, Cocos Nucifera (Coconut) Oil, Punica Granatum (Pomegranate) Sterols, Sorbitol, Caprylyl Glycol, Tocopheryl Acetate, Oryzanol, Trehalose, Bisabolol, Cetyl Ethylhexanoate, Sodium Hyaluronate, Carbomer, Hexylene Glycol, Potassium Hydroxide, Dextrin, Disodium Edta,  Potassium Sorbate, Phenoxyethanol. *Essential Oil. **Organic Sucrose (Brown Sugar).",1000,13639,0.0,2.5,https://www.sephora.com/product/drink-up-intensive-overnight-hydrating-mask-with-avocado-swiss-glacier-water-P440925?icid2=products%20grid:p440925,2.5,10.4
Cold Plunge Pore Mask,OLEHENRIKSEN,facial-treatment-masks,38.0,"Kaolin, Glycerin, Disodium Lauryl Sulfosuccinate, Bentonite, Cetearyl Alcohol, Lactic Acid, Lauramidopropyl Betaine, Sodium C1416 Olefin Sulfonate, Menthoxypropanediol, Persea Gratissima (Avocado) Oil, Phenoxyethanol, Potassium Hydroxide, Salicylic Acid, Mentha Piperita (Peppermint) Oil, Sodium Chloride, Ethylhexylglycerin, Propanediol, Sodium Phytate, Xanthan Gum, Epilobium Fleischeri Extract, Saussurea Involucrata Extract, Citric Acid, Potassium Sorbate, Macrocystis Pyrifera (Kelp) Extract*, Eucalyptus Globulus Leaf Extract*, Chondrus Crispus (Carrageenan) Extract*, Camellia Sinensis Leaf Extract*, Tocopherol, Chromium Hydroxide Green (Ci 77289), Titanium Dioxide (Ci 77891).",1000,52022,3.0,0.0,https://www.sephora.com/product/cold-plunge-pore-mask-P431848?icid2=products%20grid:p431848,3.0,12.666666666666666
Watermelon + AHA Glow Sleeping Mask Mini,Glow Recipe,facial-treatment-masks,22.0,"Sodium Hyaluronate, Glycerin, Caulerpa Lentillifera (Seaweed) Extract, Simethicone, Citrullus Lanatus (Watermelon) Fruit, Silica, Propanediol, Glycolic Acid, Lactic Acid, Cucurbita Pepo (Pumpkin) Fruit Extract, Punica Granatum (Pomegranate) Fruit Extract, Musa Sapientum (Banana) Fruit Extract , Paeonia Suffruticosa (Peony) Root Extract, Glycyrrhiza Glabra (Licorice) Root Extract, Brassica Oleracea Capitata (Cabbage) Leaf Extract, Ipomoea Batatas (Sweet Potato) Root Extract, Betaine, Beta Glucan, Hydroxyethylcellulose, Xanthan Gum, Alcohol, Fragrance.",185,28078,0.0,1.0,https://www.sephora.com/product/watermelon-glow-sleeping-mask-mini-P428659?icid2=products%20grid:p428659,1.0,22.0
Lover Rubber Masks,Dr. Jart+,facial-treatment-masks,12.0,"Methylpropanediol, Chondrus Crispus Extract, Glycerin, 1,2Hexanediol, Algin, Calcium Lactate, Butylene Glycol, Codium Fragile Extract, EnteromorphaCompressa Extract, Chlorella Minutissima Extract, Dipotassium Glycyrrhizate,Panthenol, Allantoin, PEG60 Hydrogenated Castor Oil, Titanium Dioxide, Polymethylsilsesquioxane, Melia Azadirachta Leaf Extract, Melia Azadirachta Flower Extract,Coccinia Indica Fruit Extract, Solanum Melongena (Eggplant) Fruit Extract, Aloe BarbadensisFlower Extract, Simmondsia Chinensis (Jojoba) Seed Oil, Ocimum SanctumLeaf Extract, Curcuma Longa (Turmeric) Root Extract, Corallina Officinalis Extract,Silica, Citrus Aurantium Dulcis (Orange) Peel Oil, Citrus Limon (Lemon) Peel Oil, CitrusGrandis (Grapefruit) Peel Oil, Citrus Aurantium Bergamia (Bergamot) Fruit Oil, RosmarinusOfficinalis (Rosemary) Leaf Oil, Eucalyptus Globulus Leaf Oil, Lavandula Angustifolia(Lavender) Oil, Disodium EDTA, Ceratonia Siliqua Gum, Sucrose, PotassiumChloride, Xanthan Gum, Citric Acid, Sodium Citrate, Phenoxyethanol, Ethylhexylglycerin.",212,46920,1.5,0.0,https://www.sephora.com/product/lover-rubber-masks-P429528?icid2=products%20grid:p429528,1.5,8.0
Pumpkin Enzyme Mask Enzymatic Dermal Resurfacer,Peter Thomas Roth,facial-treatment-masks,60.0,"Cucurbita Pepo (Pumpkin), Alumina, Glycerin, Triethanolamine, Carbomer, Lactobacillus/Pumpkin Fruit Ferment Filtrate, Sodium Lactate, Ascorbic Acid, Tocopheryl Acetate, Retinyl Palmitate, BHT, Sodium Hyaluronate, Leuconostoc/Radish Root Ferment Filtrate, Helianthus Annuus (Sunflower) Seed Oil, Citric Acid, Disodium EDTA, Benzoic Acid, Sorbic Acid, Potassium Sorbate, Sodium Benzoate, Chlorphenesin, Phenoxyethanol, Benzyl Alcohol, Cinnamal, Fragrance.",568,34151,5.0,0.0,https://www.sephora.com/product/pumpkin-enzymatic-dermal-resurfacer-P387261?icid2=products%20grid:p387261,5.0,12.0
Instant Detox Mask,Caudalie,facial-treatment-masks,39.0,"Bentonite, Glycerin*, Acacia Senegal Gum*, Xanthan Gum, Benzyl Alcohol, Alcohol*, Sodium Dehydroacetate, Citrus Aurantium Bergamia (Bergamot) Fruit Oil*, Vitis Vinifera (Grape) Fruit Extract*, Lavandula Angustifolia (Lavender) Oil*, Sodium Citrate, Dehydroacetic Acid, Coffea Arabica (Coffee) Seed Extract*, Coffea Robusta Seed Extract*, Citric Acid*, Papain*, Cupressus Sempervirens Oil*, Salvia Sclarea (Clary) Oil*, Commiphora Myrrha Oil*, Santalum Album (Sandalwood) Oil*, Anthemis Nobilis Flower Oil*, Petroselinum Crispum (Parsley) Seed Oil*, Carbomer, 1,2Hexanediol, Caprylyl Glycol, Sodium Benzoate, Lactic Acid, Potassium Sorbate, Algin, Limonene, Linalool. *Plant Origin.",534,39386,2.5,0.0,https://www.sephora.com/product/instant-detox-mask-P395615?icid2=products%20grid:p395615,2.5,15.6
Luminizing Black Charcoal Mask,boscia,facial-treatment-masks,34.0,"Polyvinyl Alcohol, Hamamelis Virginiana (Witch Hazel) Glycereth26, Butylene Glycol, Glycerin, Pentylene Glycol, Montmorillonite, Polysorbate 20, Acrylates/Palmeth25 Acrylate Copolymer, Acrylates Copolymer, Lonicera Japonica (Honeysuckle) Flower Extract, Xanthan Gum, Ascorbyl Glucoside, Lonicera Caprifolium (Honeysuckle) Flower Extract, Diglycerin, Simmondsia Chinensis (Jojoba) Seed Extract, Epilobium Angustifolium Flower/Leaf/Stem Extract, Pinus Pinaster Bark Extract, Rosmarinus Officinalis (Rosemary) Leaf Oil, Eucalyptus Globulus Leaf Oil, Charcoal Powder, Iron Oxides (CI 77499).",5000,155713,0.0,2.8,https://www.sephora.com/product/luminizing-black-mask-P266800?icid2=products%20grid:p266800,2.8,12.142857142857144
Black Tea Instant Perfecting Mask,Fresh,facial-treatment-masks,92.0,"Glycerin, Rice Ferment Filtrate (Sake), Caprylic/CapricTriglyceride, Pentylene Glycol, Sodium Polyacrylate, Betaine, Saccharomyces FermentFiltrate, Camellia Sinensis Leaf Extract, Avena Sativa (Oat) Kernel Extract, Vitis Vinifera (Grape) Seed Oil, Litchi Chinensis Seed Extract, Rubus Fruticosus (Blackberry) LeafExtract, Rosa Damascena Flower Oil, Sodium Hyaluronate, Adenosine, Tocopheryl Acetate, Tocopherol, Ethylhexyl Palmitate, Poloxamer 407, Butylene Glycol, Parfum(Fragrance), Hydrogenated Lecithin, Menthoxypropanediol, Maltodextrin, Silica, CI77891 (Titanium Dioxide), Trihydroxystearin, Hydroxyethylcellulose, DisodiumEDTA, Sodium Citrate, Caprylyl Glycol, Citric Acid, Caramel, Hexylene Glycol,Potassium Sorbate, BHT, Biotin, Phenoxyethanol, Linalool.",873,60359,0.0,3.3,https://www.sephora.com/product/black-tea-instant-perfecting-mask-P217513?icid2=products%20grid:p217513,3.3,27.87878787878788
The Lifting and Firming Mask,La Mer,facial-treatment-masks,250.0,"Declustered Water ()\Aqua\Eau DeStructuree (), Declustered Water (+)\Aqua\Eau DeStructuree (+), Dimethicone, Hdi/Trimethylol Hexyllactone Crosspolymer, Cyclopentasiloxane, Hydrogenated Polyisobutene, Hydrogenated Vegetable Oil, Caprylic/Capric/Myristic/Stearic Triglyceride, Polysilicone11, Peg100 Stearate, Peg8 Dimethicone, Peg10 Dimethicone, Algae (Seaweed) Extract, Sesamum Indicum (Sesame) Seed Oil, Medicago Sativa (Alfalfa) Seed Powder, Helianthus Annuus (Sunflower) Seedcake, Prunus Amygdalus Dulcis (Sweet Almond) Seed Meal, Eucalyptus Globulus (Eucalyptus) Leaf Oil, Sodium Gluconate, Copper Gluconate, Calcium Gluconate, Magnesium Gluconate, Zinc Gluconate, Tocopheryl Succinate, Niacin, Sesamum Indicum (Sesame) Seed Powder, Vitis Vinifera (Grape) Seed Extract, Citrus Aurantifolia (Lime) Peel Extract, Sigesbeckia Orientalis (St. Paul's Wort) Extract, Crithmum Maritimum Extract, Eryngium Maritimum Extract, Polygonum Cuspidatum Root Extract, Silybum Marianum (Lady's Thistle) Extract, Bupleurum Falcatum root extract, humulus lupulus (hops) Extract, Citrus Reticulata (Tangerine) Peel Extract, Mimosa Tenuiflora Bark Extract, Narcissus Tazetta Bulb Extract, Chlorella Vulgaris Extract, Saccharomyces Lysate Extract, Prunus Mume Fruit Extract, Whey Protein\Lactis Protein\Proteine Du PetitLait, Gelidium Cartilagineum Extract, Glycerin, Coenzyme A, Micrococcus Lysate, Laminaria Digitata Extract, Rosma rinus Officinalis (Rosemary) Extract, Laminaria Ochroleuca Extract, Punica Granatum (Pomegranate) Fruit Juice, Sorbitol, Corallina Officinalis Extract, Molasses Extract\Saccharum Officinarum\Extrait De Melasse, Glycine Soja (Soybean) Seed Extract, Tourmaline, Caffeine, Linolenic Acid, Hydrogenated Lecithin, Gold, Hydrolyzed Wheat Protein, Glycosaminoglycans, Palmitoyl Oligopeptide, Ammonium Acryloyldimethyltaurate/Beheneth25 Methacrylate Crosspolymer, Bifida Ferment Lysate, Alcaligenes Polysaccharides, Butylene Glycol, Tetraacetylphytosphingosine, Dipotassium Glycyrrhizate, Lecithin, Acetyl Glucosamine, Sodium Hyaluronate, Laureth23, Acetyl Hexapeptide8, Linoleic Acid, Dipalmitoyl Hydroxyproline, Propylene Glycol Diethylhexanoate, Yeast Extract\Faex\Extrait De Levure, Caprylic/Capric Triglyceride, Laureth4, Tocopheryl Acetate, Diethylhexyl Syringylidenemalonate, Pentylene Glycol, Peg8, Potassium Sorbate, Yeast Polysaccharides, Hydroxypropyl Cyclodextrin, Nordihydroguaiaretic Acid, Cyclodextrin, Maltodextrin, Sucrose, Glyceryl Polymethacrylate, Fragrance (Parfum), Polymethylsilsesquioxane, Silica, Ethylbisiminomethylguaiacol Manganese Chloride, Disodium Edta, Phenoxyethanol, Linalool, Hydroxycitronellal, Citronellol, Geraniol, Limonene, Green 5 (Ci 61570).",32,12741,0.0,1.7,https://www.sephora.com/product/the-lifting-firming-mask-P416538?icid2=products%20grid:p416538,1.7,147.05882352941177
FAB Pharma Arnica Relief & Rescue Mask,First Aid Beauty,facial-treatment-masks,32.0,"Aqua (Eau), C1215 Alkyl Benzoate, Glycerin, Butyrospermum Parkii (Shea) Butter, Glyceryl Stearate, Behenyl Alcohol, Theobroma Cacao (Cocoa) Seed Butter, Glyceryl Citrate/Lactate/Linoleate/Oleate, Cannabis Sativa Seed Oil, Cocos Nucifera (Coconut) Oil, Aloe Barbadensis Leaf Juice, Cetearyl Olivate, Allantoin, Phenoxyethanol, Caprylyl Glycol, Sorbitan Olivate, Sodium Polyacrylate, Pentylene Glycol, Butylene Glycol, Hydrogenated Polydecene, Xanthan Gum, Tanacetum Annuum Leaf Oil, Melia Azadirachta Leaf Extract, Trideceth6, Tocopheryl Acetate, Melia Azadirachta Flower Extract, Coccinia Indica Fruit Extract, Solanum Melongena Fruit Extract, Aloe Barbadensis Flower Extract, Colloidal Oatmeal, Calendula Officinalis Flower Extract, Camellia Sinensis Leaf Extract, Glycyrrhiza Glabra (Licorice) Root Extract, Chrysanthemum Parthenium (Feverfew) Extract, Arnica Montana Flower Extract, Centella Asiatica Extract, Ruscus Aculeatus Root Extract, Hydroxyphenyl Propamidobenzoic Acid, Ocimum Sanctum Leaf Extract, Curcuma Longa (Turmeric) Root Extract, Corallina Officinalis Extract, Ascorbyl Palmitate, Citric Acid, Leuconostoc/Radish Root Ferment Filtrate, Potassium Sorbate, Sodium Benzoate, Ethylhexylglycerin.",79,9000,3.4,0.0,https://www.sephora.com/product/first-aid-beauty-fab-pharma-arnica-relief-rescue-mask-P453103?icid2=products%20grid:p453103,3.4,9.411764705882353
Original Skin™ Retexturizing Mask with Rose Clay,Origins,facial-treatment-masks,26.0,"Aqua (Eau), C1215 Alkyl Benzoate, Glycerin, Butyrospermum Parkii (Shea) Butter, Glyceryl Stearate, Behenyl Alcohol, Theobroma Cacao (Cocoa) Seed Butter, Glyceryl Citrate/Lactate/Linoleate/Oleate, Cannabis Sativa Seed Oil, Cocos Nucifera (Coconut) Oil, Aloe Barbadensis Leaf Juice, Cetearyl Olivate, Allantoin, Phenoxyethanol, Caprylyl Glycol, Sorbitan Olivate, Sodium Polyacrylate, Pentylene Glycol, Butylene Glycol, Hydrogenated Polydecene, Xanthan Gum, Tanacetum Annuum Leaf Oil, Melia Azadirachta Leaf Extract, Trideceth6, Tocopheryl Acetate, Melia Azadirachta Flower Extract, Coccinia Indica Fruit Extract, Solanum Melongena Fruit Extract, Aloe Barbadensis Flower Extract, Colloidal Oatmeal, Calendula Officinalis Flower Extract, Camellia Sinensis Leaf Extract, Glycyrrhiza Glabra (Licorice) Root Extract, Chrysanthemum Parthenium (Feverfew) Extract, Arnica Montana Flower Extract, Centella Asiatica Extract, Ruscus Aculeatus Root Extract, Hydroxyphenyl Propamidobenzoic Acid, Ocimum Sanctum Leaf Extract, Curcuma Longa (Turmeric) Root Extract, Corallina Officinalis Extract, Ascorbyl Palmitate, Citric Acid, Leuconostoc/Radish Root Ferment Filtrate, Potassium Sorbate, Sodium Benzoate, Ethylhexylglycerin.",1000,76953,0.0,2.5,https://www.sephora.com/product/original-skin-retexturizing-mask-with-rose-clay-P397890?icid2=products%20grid:p397890,2.5,10.4
Sleeping Mask - Coconut Water,SEPHORA COLLECTION,facial-treatment-masks,4.0,"Butylene Glycol, Glycerin, Betaine, Phenoxyethanol, Caprylic/Capric Triglyceride, Dimethicone, Acrylates/C1030 Alkyl Acrylate Crosspolymer, PEG40 Hydrogenated Castor Oil, Isononyl Isononanoate, Ethylhexylglycerin, Sodium Hydroxide, Fragrance, PEG30 Dipolyhydroxystearate, Trideceth6, Cocos Nucifera (Coconut) Fruit Juice, Sodium Hyaluronate, Citric Acid, Potassium Sorbate, Sodium Benzoate",13,0,0.0,0.0,https://www.sephora.com/product/sleeping-mask-coconut-water-P433534?icid2=products%20grid:p433534,2.447428571428571,1.6343684333411164
Purity Made Simple Pore Extractor Mask,philosophy,facial-treatment-masks,35.0,"Kaolin, Solum Diatomeae/Diatomaceous Earth/Terre De Distomees, Propanediol, Bentonite, Decyl Glucoside, Alchol Denat., Lauryl Glucoside, Propylene Glycol, Polysilicone11, Pvp, Xanthan Gum, Sailicylic Acid, Sodium Pca, Sodium Citrate, Citric Acid, Fragrance, Chlorphenesin, Linalool, Disodium Edta, Limonene, Laureth12, Phenoxyethanol, Geraniol, Vanillyl Butyl Ether, Ethylhexylglycerin, Titanium Dioxide (Ci 77891).",441,33406,0.0,2.5,https://www.sephora.com/product/purity-made-simple-pore-extractor-mask-P417621?icid2=products%20grid:p417621,2.5,14.0
PHAT Glow Facial™ Mask,OLEHENRIKSEN,facial-treatment-masks,50.0,"Glycerin, Kaolin, Gluconolactone, Gluconic Acid, Polyglyceryl10 Stearate, Propanediol, Bentonite, Cetearyl Alcohol, Salvia Hispanica (Chia) Seed Oil, Betula Alba Juice, Glyceryl Stearate, Polyacrylate13, Sodium Hydroxide, Fragrance, Pullulan, Polyisobutene, Phenoxyethanol, Caprylyl Glycol, Xanthan Gum, Potassium Sorbate, Polysorbate 20, Hexylene Glycol, Sorbitan Isostearate, Tocopherol, Biotin, Hyaluronic Acid, Niacinamide, Panthenol, Chamomilla Recutita (Matricaria) Flower Extract, Citrus Limon (Lemon) Fruit Extract, Glycyrrhiza Glabra (Licorice) Root Extract, Saccharum Officinarum (Sugar Cane) Extract, Santalum Album (Sandalwood) Extract, Eriophorum Spissum Flower/Stem Extract, Chlorphenesin, Leuconostoc/Radish Root Ferment Filtrate, Sorbic Acid, Iron Oxides (Ci 77491, Ci 77499), Citral, Limonene, Linalool.",1000,30095,1.7,0.0,https://www.sephora.com/product/phat-glow-facial-mask-P448207?icid2=products%20grid:p448207,1.7,29.411764705882355
Overtime Mask,Summer Fridays,facial-treatment-masks,44.0,"Prunus Amygdalus Dulcis (Sweet Almond) Oil, Glycerin, Isopropyl Palmitate, Carthamus Tinctorius (Safflower) Seed Oil, Glyceryl Stearate SE, Cetearyl Alchol, Ceteareth20, Prunus Armeniaca (Apricot) Seed Powder, BetaCarotene, Acrylates/Palmeth25 Acrylate Copolymer, Avena Sativa (Oat) Kernel Protein, Cucurbita Pepo (Pumpkin) Seed Oil, Cucurbita Pepo (Pumpkin) Seed Extract, Chamomilla Recutita (Matricaria) Flower Extract, Lavandula Angustifolia (Lavender) Flower Extract, Melissa Officinalis Leaf Extract, Cinnamomum Cassia Leaf Oil, Eugenia Caryophyllus (Clove) Leaf Oil, Myristica Fragrans (Nutmeg ) Kernel Oil, Elettaria Cardamomum Seed Oil, Zingiber Officinale (Ginger) Root Oil, Tocopheryl (Vitamin E) Acetate, Xanthan Gum, Tetrasodium Glutamate Diacetate, Phenoxyethanol, Ethylhexylglycerin, Cinnamic Aldehyde, Eugenol.",348,44740,2.25,0.0,https://www.sephora.com/product/overtime-mask-P436387?icid2=products%20grid:p436387,2.25,19.555555555555557
Lotus Youth Preserve Rescue Mask,Fresh,facial-treatment-masks,62.0,"Glycerin, Propylene Glycol Dicaprylate/Dicaprate,Pentylene Glycol, Cetearyl Alcohol, Lithothamnion Calcareum Powder,Caprylic/Capric Triglyceride, Cetearyl Isononanoate, Betaine, PolyacrylateCrosspolymer6, Steareth21, Laminaria Saccharina Extract, Cocos Nucifera(Coconut) Shell Powder, Nelumbo Nucifera Seed Powder, Citrus Limon (Lemon)Peel Oil, Cucumis Sativus (Cucumber) Fruit Extract, Ficus Carica (Fig) FruitExtract, Averrhoa Carambola Leaf Extract, Crithmum Maritimum Extract,Nelumbo Nucifera Flower Extract, Hibiscus Esculentus Fruit Extract, TocopherylAcetate, Ascorbyl Tetraisopalmitate, Tocopherol, Behenyl Alcohol, CetearylGlucoside, Dimethicone, Caprylyl Glycol, Butylene Glycol, Cetyl Alcohol, SodiumPolyacrylate Starch, Stearyl Alcohol, Disodium EDTA, Sodium Hyaluronate,BHT, Tetrasodium EDTA, Hydrogenated Vegetable Oil, Caramel, XanthanGum, Sorbic Acid, Phenoxyethanol, Limonene, Citral.",381,23924,0.0,3.3,https://www.sephora.com/product/lotus-youth-preserve-rescue-mask-P426080?icid2=products%20grid:p426080,3.3,18.78787878787879
The Golden Mask,SEPHORA COLLECTION,facial-treatment-masks,6.0,"Aqua (Water), Butylene Glycol, Glycerin, Betaine, Caulerpa Lentillifera Extract, 1,2Hexanediol, Hydroxyacetophenone, PEG40 Hydrogenated Castor Oil, Parfum (Fragrance), Xanthan Gum, Sodium Carbomer, Sodium Hyaluronate, Citrus Reticulata (Tangerine) Peel Extract, Phenoxyethanol, Mel Extract (Honey Extract), Aphanothece Sacrum Polysaccharide, Sclerotium Gum, Potassium Sorbate, Sorbic Acid.",18,4333,0.0,0.0,https://www.sephora.com/product/the-golden-mask-P450137?icid2=products%20grid:p450137,2.447428571428571,2.451552650011674
Shake & Shot™ Rubber Masks,Dr. Jart+,facial-treatment-masks,12.0,"Niacinamide, Niacinamide, Calcium Pantothenate, Sodium Ascorbyl Phosphate, Tocopheryl Acetate, Pyridoxine HCl, Sodium Starch Octenylsuccinate, Maltodextrin, Silica, Hippophae Rhamnoides Fruit Extract, Glycerin, Butylene Glycol, Phenoxyethanol, Citrus Paradisi (Grapefruit), Fruit Extract, 1,2Hexanediol, Butylene Glycol, PVP, Fullerenes, Dipropylene Glycol, PEG60 Hydrogenated Castor Oil, Phenoxyethanol, Ethylhexylglycerin, Citrus Aurantium Bergamia (Bergamot) Fruit Oil, Butylene Glycol, Coptis Japonica Extract, Cyanocobalamin",681,64404,0.0,0.0,https://www.sephora.com/product/shake-shot-rubber-masks-P428658?icid2=products%20grid:p428658,2.447428571428571,4.903105300023348
Super Volcanic Clusters Pore Clearing Clay Mask,innisfree,facial-treatment-masks,15.0,"Water / Aqua / Eau, Titanium Dioxide (Ci 77891),Butylene Glycol, Silica, Glycerin, Trehalose, Volcanic Ash, Polyvinyl Alcohol, Bentonite, Kaolin, Caprylic/Caprictriglyceride, Glyceryl Stearate, Stearic Acid, Cetearylalcohol, Pvp, 1,2Hexanediol, Peg100 Stearate, Polysorbate60, Iron Oxides (Ci 77499), Hydrogenated Vegetableoil, Xanthan Gum, Juglans Regia (Walnut) Shell Powder,Sorbitan Stearate, Zea Mays (Corn) Starch, Polyacrylate13, Polysorbate 20, Iron Oxides (Ci 77492), Mannitol, Microcrystalline Cellulose, Lactic Acid/Glycolic Acidcopolymer, Lactic Acid, Polyisobutene, Iron Oxides (Ci 77491), Menthoxypropanediol, Tetrasodium Pyrophosphate, Disodium Edta, Ethylhexylglycerin, Sorbitan Isostearate, Aluminum Hydroxide, Triethoxycaprylylsilane, Tocopherol.",134,14303,3.38,0.0,https://www.sephora.com/product/super-volcanic-clusters-pore-clearing-clay-mask-P449853?icid2=products%20grid:p449853,3.38,4.437869822485207
Turmeric 2-in-1 Brightening & Exfoliating Mask,KORA Organics,facial-treatment-masks,48.0,**From essential oils.,276,28750,3.38,0.0,https://www.sephora.com/product/turmeric-brightening-exfoliating-mask-P433627?icid2=products%20grid:p433627,3.38,14.201183431952662
Evercalm™ Ultra Comforting Rescue Mask,REN Clean Skincare,facial-treatment-masks,48.0,*100% Natural Fragrance,412,23031,1.7,0.0,https://www.sephora.com/product/evercalm-ultra-comforting-rescue-mask-P415620?icid2=products%20grid:p415620,1.7,28.235294117647058
The Rose Gold Mask,SEPHORA COLLECTION,facial-treatment-masks,6.0,"Aqua (Water), Butylene Glycol, Lecithin, Glycerin, 1,2Hexanediol, Hydroxyacetophenone, PEG40 Hydrogenated Castor Oil, Sodium Polyacrylate, Phenoxyethanol, Parfum (Fragrance), Xanthan Gum, Allium Chinense Bulb Extract, Sodium Hyaluronate, Glycosyl, Trehalose, Hydrogenated Starch Hydrolysate, Hydrolyzed Rice Bran Extract, Quartz.",13,3872,0.0,0.0,https://www.sephora.com/product/the-rose-gold-mask-P450138?icid2=products%20grid:p450138,2.447428571428571,2.451552650011674
Limited Edition Resurfacing BHA Glow Mask,Tata Harper,facial-treatment-masks,150.0,"Aloe Barbadensis Leaf Juice*, Salix Alba (Willow) Bark Extract, Sclerotium Gum, Lactobacillus Ferment, Maltooligosyl Glucoside, Lactobacillus/Punica Granatum Fruit Ferment Extract, Leuconostoc Ferment Filtrate, Beta Vulgaris/Beet Root Extract/Extrait de Racine de Betterave, Kaolin (White Clay), Hydrogenated Starch Hydrolysate, Hydrolyzed Corn Starch, Aroma**, CI77491 (Red Iron Oxide), Sodium Phytate, Benzyl Alcohol, Citral, Citronellol, Eugenol, Geraniol, Limonene, Linalool",2,0,0.0,0.0,https://www.sephora.com/product/limited-edition-resurfacing-bha-glow-mask-P451298?icid2=products%20grid:p451298,2.447428571428571,61.28881625029186
The Blue Mask,SEPHORA COLLECTION,facial-treatment-masks,6.0,"Aqua (Water), Butylene Glycol, Lecithin, Rice Ferment Filtrate (Sake), PEG40 Hydrogenated Castor Oil, 1,2Hexanediol, Hydroxyacetophenone, Sodium Polyacrylate, Phenoxyethanol, Parfum (Fragrance), Glycosyl Trehalose, Xanthan Gum, Hydrogenated Starch Hydrolysate, Sodium Hyaluronate, Sapphire Powder, Menthol, Menthyl Lactate.",12,2672,0.0,0.0,https://www.sephora.com/product/the-blue-mask-P450136?icid2=products%20grid:p450136,2.447428571428571,2.451552650011674
Glycol Lactic Radiance Renewal Mask,REN Clean Skincare,facial-treatment-masks,58.0,"Glycerin, Polysorbate 60, Lecithin, Lactic Acid, Vitis Vinifera (Grape) Seed Oil, Ribes Nigrum (Black Currant) Seed Oil, Citrus Limon (Lemon) Fruit Extract, Xanthan Gum, Vaccinium Macrocarpon (Cranberry) Seed Oil, Maltodextrin, Sodium Lactate, Carica Papaya (Papaya) Fruit Extract, Ananas Sativus (Pineapple) Fruit Extract, Glyceryl Caprylate, Passiflora Edulis Fruit Extract, Vitis Vinifera (Grape) Fruit Extract, Parfum* (Fragrance), Citrus Nobilis (Mandarin Orange) Peel Oil, Citrus Grandis (Grapefruit) Peel Oil, Citrus Tangerina (Tangerine) Peel Oil, Citrus Aurantium Dulcis (Orange) Flower Oil, Alcohol Denat., Benzyl Alcohol, Phenoxyethanol, Potassium Sorbate, Tocopherol, Hippophae Rhamnoides Oil, Helianthus Annuus (Sunflower) Seed Oil, Rosmarinus Officinalis (Rosemary) Leaf Extract, Sodium Bisulfite, Citral, Geraniol, Limonene, Linalool. *100% Natural Fragrance.",1000,43979,0.0,1.7,https://www.sephora.com/product/glycol-lactic-radiance-renewal-mask-P203616?icid2=products%20grid:p203616,1.7,34.11764705882353
Face Mask - Aloe Vera - Replenishing,SEPHORA COLLECTION,facial-treatment-masks,6.0,"Butylene Glycol, Aloe Barbadensis Leaf Juice, Glycerin, Betaine, 1,2Hexanediol, Hydroxyacetophenone, Saccharide Isomerate, Xanthan Gum, Parfum (Fragrance), Aloe Barbadensis Leaf Extract,  Phalaenopsis Amabilis Extract, Phenoxyethanol, Citric Acid,  Sodium Citrate, Potassium Sorbate, Sodium Benzoate.",17,0,0.0,0.0,https://www.sephora.com/product/face-mask-aloe-vera-P432068?icid2=products%20grid:p432068,2.447428571428571,2.451552650011674
MultiVitamin Power Recovery Mask,Dermalogica,facial-treatment-masks,59.0,"Palmitoyl Oligopeptide, Palmitoyl Tetrapeptide7, Chondrus Crispus (Carrageenan) Extract, Arginine/Lysine Polypeptide, Camellia Sinensis Leaf Extract, Chamomilla Recutita (Matricaria) Flower Extract, Avena Sativa (Oat) Kernel Extract, Hydrolyzed Soy Protein, Phospholipids, Retinyl Palmitate, Ascorbyl Palmitate, Linoleic Acid, BetaCarotene, Lactic Acid, Olea Europaea (Olive) Fruit Oil, Hydrogenated Olive Oil, Dimethicone, Vitis Vinifera (Grape) Seed Extract, Citrus Medica Limonum (Lemon) Peel Extract, Glycyrrhiza Glabra (Licorice) Root Extract, Symphytum Officinale Root Extract, Arctium Majus Root Extract, Anthemis Nobilis Flower Oil, Sodium PCA, Allantoin Decylene Glycol, Menthoxypropanediol, Potassium Cetyl Phosphate, Sodium Polyacrylate, Ammonium Glycyrrhizate, PPG15 Stearyl Ether Benzoate, Polysorbate 20, Propylene Glycol, Carbomer, Schlerotium Gum, Disodium EDTA, Aminomethyl Propanol, Phenoxyethanol, Annatto (CI 75120).",103,9190,2.5,0.0,https://www.sephora.com/product/multivitamin-power-recovery-masque-P423130?icid2=products%20grid:p423130,2.5,23.6
YOUTHMUD® Glow Stimulating & Exfoliating Treatment Mask,GLAMGLOW,facial-treatment-masks,59.0,"Kaolin, Magnesium Aluminum Silicate, Silica, Pumice, Camellia Sinensis (Green Tea) Leaf, Montmorillonite, Camellia Oleifera Leaf Extract, Lavandula Hybrida (Lavandin) Oil, Hedera Helix (Ivy) Extract, Centella Asiatica (Hydrocotyl) Extract, Ruscus Aculeatus (Butcherbroom) Root Extract, Silybum Marianum (Lady's Thistle) Extract, Tocopheryl Acetate, Glycerin, Ethylhexylglycerin, Xanthan Gum, PVP, Caprylyl Glycol, Hexylene Glycol, Fragrance, Hexyl Cinnamal, Linalool, Benzyl Benzoate,  Limonene, Cinnamal, BHT, Phenoxyethanol, Chlorphenesin, Mica.",2000,3235,0.0,1.7,https://www.sephora.com/product/youthmud-tinglexfoliate-treatment-mask-P448190?icid2=products%20grid:p448190,1.7,34.705882352941174
Hydration Lover Rubber Mask,Dr. Jart+,facial-treatment-masks,12.0,"Methylpropanediol, Chondrus Crispus Extract, Glycerin, 1,2Hexanediol, Algin, Calcium Lactate, Butylene Glycol, Codium Fragile Extract, EnteromorphaCompressa Extract, Chlorella Minutissima Extract, Dipotassium Glycyrrhizate,Panthenol, Allantoin, PEG60 Hydrogenated Castor Oil, Titanium Dioxide, Polymethylsilsesquioxane, Melia Azadirachta Leaf Extract, Melia Azadirachta Flower Extract,Coccinia Indica Fruit Extract, Solanum Melongena (Eggplant) Fruit Extract, Aloe BarbadensisFlower Extract, Simmondsia Chinensis (Jojoba) Seed Oil, Ocimum SanctumLeaf Extract, Curcuma Longa (Turmeric) Root Extract, Corallina Officinalis Extract,Silica, Citrus Aurantium Dulcis (Orange) Peel Oil, Citrus Limon (Lemon) Peel Oil, CitrusGrandis (Grapefruit) Peel Oil, Citrus Aurantium Bergamia (Bergamot) Fruit Oil, RosmarinusOfficinalis (Rosemary) Leaf Oil, Eucalyptus Globulus Leaf Oil, Lavandula Angustifolia(Lavender) Oil, Disodium EDTA, Ceratonia Siliqua Gum, Sucrose, PotassiumChloride, Xanthan Gum, Citric Acid, Sodium Citrate, Phenoxyethanol, Ethylhexylglycerin.",116,12140,1.5,0.0,https://www.sephora.com/product/hydration-lover-rubber-mask-P418172?icid2=products%20grid:p418172,1.5,8.0
Clay Mask,SEPHORA COLLECTION,facial-treatment-masks,8.0,"Kaolin, Talc, Steareth2, Shea Butter, Fuller's Earth, Hydrogenated Polyisobutene, Butylene Glycol, Stearic Acid, CI 77891 (Titanium Dioxide), Glycerin, Cetearyl Alcohol, Steareth21, Ethylhexyl Stearate, Luffa Cylindrica Fruit Powder, Phenoxyethanol, PPG15 Stearyl Ether, Benzophenone4, Xanthan Gum, Disodium EDTA, Enantia Chlorantha Bark Extract, Fragrance, Ethylhexylglycerin, Benzyl Salicylate, Camellia Sinensis Leaf Extract, Citric Acid, CI 77492 (Iron Oxides), Sodium Benzoate, Potassium Sorbate, Oleanolic Acid, Denatonium Benzoate, CI 42090 (Blue 1), BHT, CI 19140 (Yellow 5), Tocopherol.",963,65570,1.18,0.0,https://www.sephora.com/product/clay-mask-P420145?icid2=products%20grid:p420145,1.18,6.779661016949153
 Hello Calm™ Relaxing & Hydrating Face Mask with Hemp Seed Oil,Origins,facial-treatment-masks,28.0,**Essential Oil.,246,23963,2.5,0.0,https://www.sephora.com/product/hello-calm-relaxing-hydrating-face-mask-with-cannabis-sativa-seed-oil-P436909?icid2=products%20grid:p436909,2.5,11.2
Out of Trouble™ 10 Minute Mask to Rescue Problem Skin,Origins,facial-treatment-masks,26.0,**Essential Oil.,882,63143,0.0,2.5,https://www.sephora.com/product/out-of-trouble-10-minute-mask-to-rescue-problem-skin-P297551?icid2=products%20grid:p297551,2.5,10.4
Face Mask - Lychee - Moisturizing,SEPHORA COLLECTION,facial-treatment-masks,6.0,"Butylene Glycol, Glycerin, Betaine, 1, 2Hexanediol, Hydroxyacetophenone, Saccharide Isomerate, Xanthan Gum, 3OEthyl Ascorbic Acid, Propanediol, Glycosyl Trehalose, Fragrance, Phosphatidylcholine, Litchi Chinensis Fruit Extract, Phenoxyethanol, Polysorbate 80, Citric Acid, Sodium Citrate, Ascorbyl Palmitate, Litchi Chinensis Seed Extract, Prunus Persica (Peach) Flower Extract, Tocopheryl Acetate.",42,9947,0.0,0.0,https://www.sephora.com/product/face-mask-lychee-moisturizing-P440017?icid2=products%20grid:p440017,2.447428571428571,2.451552650011674
Black Tea Instant Perfecting Mask Mini,Fresh,facial-treatment-masks,35.0,"Glycerin, Rice Ferment Filtrate (Sake), Caprylic/CapricTriglyceride, Pentylene Glycol, Sodium Polyacrylate, Betaine, Saccharomyces FermentFiltrate, Camellia Sinensis Leaf Extract, Avena Sativa (Oat) Kernel Extract, Vitis Vinifera (Grape) Seed Oil, Litchi Chinensis Seed Extract, Rubus Fruticosus (Blackberry) LeafExtract, Rosa Damascena Flower Oil, Sodium Hyaluronate, Adenosine, Tocopheryl Acetate, Tocopherol, Ethylhexyl Palmitate, Poloxamer 407, Butylene Glycol, Parfum(Fragrance), Hydrogenated Lecithin, Menthoxypropanediol, Maltodextrin, Silica, CI77891 (Titanium Dioxide), Trihydroxystearin, Hydroxyethylcellulose, DisodiumEDTA, Sodium Citrate, Caprylyl Glycol, Citric Acid, Caramel, Hexylene Glycol,Potassium Sorbate, BHT, Biotin, Phenoxyethanol, Linalool.",16,2495,0.0,1.0,https://www.sephora.com/product/black-tea-instant-perfecting-mask-mini-P432256?icid2=products%20grid:p432256,1.0,35.0
The Famous Pink Mask,Erno Laszlo,facial-treatment-masks,88.0,"Magnesium Carbonate, Algin, Silica, Calcium Sulphate, Pentasodium Triphosphate, CI 77491, CI 77492, CI 77499 (Iron Oxides), CI 77947 (Zinc Oxide).",115,8338,0.0,5.0,https://www.sephora.com/product/hydra-therapy-skin-vitality-treatment-masks-P392627?icid2=products%20grid:p392627,5.0,17.6
SUPERMASK - The Charcoal Mask,SEPHORA COLLECTION,facial-treatment-masks,6.0,"Glycerin, Hydroxyethyl Urea, Alcohol Denat, 1,2Hexanediol, Phenoxyethanol, Butylene Glycol, Epilobium Fleischeri Extract, Coceth7, Hydrolyzed Jojoba Esters, PPG1PEG9 Lauryl Glycol Ether, Betaine, Hydroxyethyl Acrylate/Sodium Acryloyldimethyl Taurate Copolymer, PEG40 Hydrogenated Castor Oil, Arginine, Carbomer, Ethylhexylglycerin, Fragrance, Disodium EDTA, Citric Acid, Charcoal Powder, Polysorbate 60, Sorbitan Isostearate, Potassium Sorbate, Tocopherol.",73,9672,0.0,0.0,https://www.sephora.com/product/charcoal-mask-P432421?icid2=products%20grid:p432421,2.447428571428571,2.451552650011674
Rescue Mask,Eve Lom,facial-treatment-masks,85.0,"Kaolin, Glycerin, Alcohol Denat., (Mel) Honey, Prunus Amygdalus Dulcis (Sweet Almond) Seed Meal, Phenoxyethanol, Camphor, Magnesium Aluminum Silicate, Calcium Chloride, Magnesium Chloride, Sodium Chloride, Ethylhexylglycerin, Aluminum Chlorohydrate, Allantoin.",49,10553,0.0,3.4,https://www.sephora.com/product/rescue-mask-P381441?icid2=products%20grid:p381441,3.4,25.0
Hydra Biome Probiotic Superdose Face Mask With Real Greek Yoghurt,KORRES,facial-treatment-masks,49.0,"Yogurt, Glycerin, Hexyldecyl Stearate, Diisostearyl Malate, Prunus Armeniaca (Apricot) Kernel Oil, Squalane, C1422 Alcohols, Isoamyl Laurate, Prunus Amygdalus Dulcis (Sweet Almond) Oil, Arachidyl Alcohol, Pentylene Glycol, Butyrospermum Parkii (Shea) Butter, Peg100 Stearate, Aloe Barbadensis Leaf Juice Powder, Algin, AlphaGlucan Oligosaccharide, Arachidyl Glucoside, Ascorbyl Palmitate, Behenyl Alcohol, Bisabolol, C1220 Alkyl Glucoside, Caprylyl Glycol, Chlorella Vulgaris Extract, Disodium Phosphate, Epigallocatechin Gallatyl Glucoside, Ethylhexylglycerin, Gallyl Glucoside, Glyceryl Polyacrylate, Helianthus Annuus (Sunflower) Seed Oil, Hydrogenated Palm Glycerides, Hydrogenated Palm Kernel Glycerides, Hydrolyzed Sodium Hyaluronate, Hydroxyethyl Acrylate/Sodium Acryloyldimethyl Taurate Copolymer, Lactic Acid, Lactobacillus, Laminaria Digitata Extract, Lecithin, Lonicera Caprifolium (Honeysuckle) Flower Extract, Lonicera Japonica (Honeysuckle) Flower Extract, Maltodextrin, Maris Aqua/Sea Water/Eau De Mer, Ozonized Oryza Sativa (Rice) Callus Culture Extract, Phenethyl Alcohol, Polymnia Sonchifolia Root Juice, Potassium Phosphate, Propyl Gallate, Pullulan, Saccharide Isomerate, Serine, Sodium Carboxymethyl BetaGlucan, Sodium Hyaluronate, Sodium Polyacrylate Starch, Tetrasodium Glutamate Diacetate, Tocopherol, Trehalose, Urea, Zingiber Officinale (Ginger) Root Extract, Benzyl Alcohol, Phenoxyethanol, Salicylic Acid, Sorbic Acid, Parfum/Fragrance.",396,3935,3.38,0.0,https://www.sephora.com/product/hydra-biome-probiotic-greek-yogurt-mask-P449171?icid2=products%20grid:p449171,3.38,14.497041420118343
Mask-Imum Revival Hydra-Plumping Mask,Naturally Serious,facial-treatment-masks,42.0,Kaolin Clay: Absorbs excess oil and impurities.,59,2278,3.4,0.0,https://www.sephora.com/product/mask-imum-revival-hydra-plumping-mask-P433976?icid2=products%20grid:p433976,3.4,12.352941176470589
Hello FAB Ginger & Turmeric Vitamin C Jelly Mask,First Aid Beauty,facial-treatment-masks,32.0,"Butylene Glycol, Carbomer, Curcuma Longa (Turmeric) Root Extract, Selaginella Lepidophylla Extract, Zingiber Officinale (Ginger) Root Extract, Ascorbyl Glucoside, Beta Vulgaris (Beet) Root Extract (Extrait de Racine de Betterave), Glycyrrhiza Glabra (Licorice) Root Extract, Chrysanthemum Parthenium (Feverfew) Extract, Camellia Sinensis Leaf Extract, Alteromonas Ferment Filtrate, Glycerin, Hydrolyzed Corn Starch, Allantoin, Sodium PCA, Zingiber Officinale (Ginger) Root Oil, Thymus Vulgaris (Thyme) Flower/Leaf Oil, Myrtus Communis Oil, Eugenia Caryophyllus (Clove) Bud Oil, Eucalyptus Globulus Leaf Oil, Elettaria Cardamomum Seed Oil, Eugenia Caryophyllus (Clove) Leaf Oil, Citrus Limon (Lemon) Peel Oil, Citrus Aurantifolia (Lime) Oil, Biosaccharide Gum1, Lactic Acid, PAnisic Acid, Phenoxyethanol, Disodium EDTA, Lactobacillus Ferment, Sorbitan Oleate Decylglucoside Crosspolymer, Citric Acid, Sodium Hydroxide, Potassium Hydroxide, Terpineol Acetate, Linalyl Acetate, Geranyl Acetate, CI 75120 (Annatto).",242,19254,4.0,0.0,https://www.sephora.com/product/hello-fab-ginger-turmeric-vitamin-c-jelly-mask-P424959?icid2=products%20grid:p424959,4.0,8.0
Clear Improvement™ Charcoal Honey Mask to Purify and Nourish,Origins,facial-treatment-masks,34.0,*Essential Oil,869,17312,2.5,0.0,https://www.sephora.com/product/clear-improvement-tm-charcoal-honey-mask-to-purify-nourish-P433444?icid2=products%20grid:p433444,2.5,13.6
The Brilliance Brightening Mask,La Mer,facial-treatment-masks,250.0,"Declustered Water ()\Aqua\Eau DeStructuree () , Declustered Water (+)\Aqua\Eau DeStructuree (+) , Methyl Gluceth20 , Peg75 , Butylene Glycol , Glycerin , BisPeg18 Methyl Ether Dimethyl Silane , Algae (Seaweed) Extract , Sesamum Indicum (Sesame) Seed Oil , Medicago Sativa (Alfalfa) Seed Powder , Helianthus Annuus (Sunflower) Seedcake , Prunus Amygdalus Dulcis (Sweet Almond) Seed Meal , Eucalyptus Globulus (Eucalyptus) Leaf Oil , Sodium Gluconate , Copper Gluconate , Calcium Gluconate , Magnesium Gluconate , Zinc Gluconate , Tocopheryl Succinate , Niacin , Sesamum Indicum (Sesame) Seed Powder , Ascophyllum Nodosum Extract , Corallina Officinalis Extract , Laminaria Saccharina Extract , Chlorella Vulgaris Extract , Laminaria Digitata Extract , Palmaria Palmata Extract , Pyrus Malus (Apple) Fruit Extract , Hordeum Vulgare (Barley) Extract\Extrait D'Orge , Triticum Vulgare (Wheat) Germ Extract , Morus Nigra (Mulberry) Root Extract , Scutellaria Baicalensis Root Extract , Vitis Vinifera (Grape) Seed Extract , Rosmarinus Officinalis (Rosemary) Leaf Extract , Saccharomyces Lysate Extract , Citrus Reticulata (Tangerine) Peel Extract , Asparagopsis Armata Extract , Sigesbeckia Orientalis (St. Paul'S Wort) Extract , Punica Granatum (Pomegranate) Fruit Juice , Citrullus Vulgaris (Watermelon) Fruit Extract , Vitis Vinifera (Grape) Fruit Extract , Tourmaline , Linolenic Acid , Lens Esculenta (Lentil) Fruit Extract , Polygonum Cuspidatum Root Extract , Oleth5 , Glycereth26 , Citrus Aurantifolia (Lime) Peel Extract , Squalane , Humulus Lupulus (Hops) Extract , Yeast Extract\Faex\Extrait De Levure , Acetyl Hexapeptide8 , Tocopheryl Acetate , Caffeine , Hydrolyzed Rice Extract , Acetyl Glucosamine , Yeast Polysaccharides , Hydrolyzed Jojoba Esters , Sodium Rna , Oleth10 Phosphate , Camelina Sativa Seed Oil , Bifida Ferment Lysate , Sodium Hyaluronate , Sodium Pca , Tetraacetylphytosphingosine , Micrococcus Lysate , Sucrose , Carbomer , Caprylyl Glycol , Sorbitol , Dipotassium Glycyrrhizate , Tetrahexyldecyl Ascorbate , Sodium Hydroxide , Magnesium Ascorbyl Phosphate , Sodium Lactate , Xanthan Gum , Choleth24 , Linoleic Acid , Hexylene Glycol , Ceteth24 , Lecithin , Hydrogenated Lecithin , Ethylbisiminomethylguaiacol Manganese Chloride , Nordihydroguaiaretic Acid , Alcohol Denat. , Fragrance (Parfum) , Disodium Edta , Bht , Hydroxycitronellal , Limonene , Linalool , Geraniol , Citronellol , Benzyl Salicylate , Benzyl Benzoate , Phenoxyethanol.",19,6724,0.0,0.0,https://www.sephora.com/product/the-brilliance-brightening-mask-P418364?icid2=products%20grid:p418364,2.447428571428571,102.14802708381977
MOSCHINO + SEPHORA Toy Honey Mask,SEPHORA COLLECTION,facial-treatment-masks,8.0,"Glycerin, Butylene Glycol, Dipropylene Glycol, Propanediol, 1,2Hexanediol, Sodium Hyaluronate, Honey Extract, Royal Jelly Extract, Glycyrrhiza Glabra (Licorice) Root Extract, Zingiber Officinale (Ginger) Root Extract, Schizandra Chinensis Fruit Extract, Coptis Japonica Root Extract, Camellia Sinensis Leaf Extract, Caprylyl Glycol, Polysorbate 20, Arginine, Acrylates/C1030 Alkyl Acrylate Crosspolymer, Carbomer, Sodium Polyacrylate, Dipotassium Glycyrrhizate, Allantoin, Ethylhexylglycerin, Chlorphenesin, Fragrance.",19,5005,0.0,0.0,https://www.sephora.com/product/moschino-x-sephora-toy-honey-mask-P443775?icid2=products%20grid:p443775,2.447428571428571,3.2687368666822327
Turmeric & Cranberry Seed Energizing Radiance Mask,Kiehl's Since 1851,facial-treatment-masks,45.0,"Kaolin, Sorbitol, Bentonite, Butylene Glycol, Silica, CI 77891/Titanium Dioxide, Vaccinium Macrocarpon (Cranberry) Seed, Pentylene Glycol, 1,2Hexanediol, Simmondsia Chinensis Oil/Jojoba Seed Oil, Caprylyl Glycol, Xanthan Gum, Polysorbate 60, Polyacrylamide, CI 77492/Iron Oxides, Glycerin, C1314 Isoparaffin, Curcuma Longa Extract/Turmeric Root Extract, Ascorbyl Glucoside, Trisodium Ethylenediamine Disuccinate, Laureth7, Eucalyptus Globulus Leaf Oil, Camellia Oleifera Leaf Extract, Mentha Piperita Extract/Peppermint Leaf Extract, Menthol, Epilobium Angustifolium ExtractEpilobium Angustifolium Flower/leaf/stem Extract, Aminomethyl Propanol, Vaccinium Macrocarpon (Cranberry) Seed Oil.",115,18666,3.4,0.0,https://www.sephora.com/product/turmeric-cranberry-seed-energizing-radiance-mask-P422264?icid2=products%20grid:p422264,3.4,13.23529411764706
Calendula & Aloe Soothing Hydration Mask,Kiehl's Since 1851,facial-treatment-masks,45.0,"Glycerin, Aloe Barbadensis Leaf Juice, Butylene Glycol, Ppg26Buteth26, Peg40 Hydrogenated Castor Oil, Glyceryl Acrylate/Acrylic Acid Copolymer, Carbomer, Calendula Officinalis Flower, Phenoxyethanol, Limonene, Calendula Officinalis Flower Extract, Ethylhexylglycerin, Citrus Limon Peel Oil / Lemon Peel Oil, Paeonia Suffruticosa Root Extract, Scutellaria Baicalensis Root Extract, Sodium Hydroxide, Citrus Aurantium Dulcis (Orange) Peel Oil, Tocopheryl Acetate, Cassia Angustifolia Seed Polysaccharide, Pelargonium Graveolens Flower Oil, Anthemis Nobilis Flower Oil, Citral, Citric Acid, Potassium Sorbate, Artemisia Absinthium Extract, Sodium Benzoate, Tocopherol.",50,11882,3.4,0.0,https://www.sephora.com/product/calendula-aloe-soothing-hydration-mask-P422014?icid2=products%20grid:p422014,3.4,13.23529411764706
The Lifting and Firming Mask Mini,La Mer,facial-treatment-masks,75.0,"Declustered Water ()\Aqua\Eau DeStructuree (), Declustered Water (+)\Aqua\Eau DeStructuree (+), Dimethicone, Hdi/Trimethylol Hexyllactone Crosspolymer, Cyclopentasiloxane, Hydrogenated Polyisobutene, Hydrogenated Vegetable Oil, Caprylic/Capric/Myristic/Stearic Triglyceride, Polysilicone11, Peg100 Stearate, Peg8 Dimethicone, Peg10 Dimethicone, Algae (Seaweed) Extract, Sesamum Indicum (Sesame) Seed Oil, Medicago Sativa (Alfalfa) Seed Powder, Helianthus Annuus (Sunflower) Seedcake, Prunus Amygdalus Dulcis (Sweet Almond) Seed Meal, Eucalyptus Globulus (Eucalyptus) Leaf Oil, Sodium Gluconate, Copper Gluconate, Calcium Gluconate, Magnesium Gluconate, Zinc Gluconate, Tocopheryl Succinate, Niacin, Sesamum Indicum (Sesame) Seed Powder, Vitis Vinifera (Grape) Seed Extract, Citrus Aurantifolia (Lime) Peel Extract, Sigesbeckia Orientalis (St. Paul's Wort) Extract, Crithmum Maritimum Extract, Eryngium Maritimum Extract, Polygonum Cuspidatum Root Extract, Silybum Marianum (Lady's Thistle) Extract, Bupleurum Falcatum root extract, humulus lupulus (hops) Extract, Citrus Reticulata (Tangerine) Peel Extract, Mimosa Tenuiflora Bark Extract, Narcissus Tazetta Bulb Extract, Chlorella Vulgaris Extract, Saccharomyces Lysate Extract, Prunus Mume Fruit Extract, Whey Protein\Lactis Protein\Proteine Du PetitLait, Gelidium Cartilagineum Extract, Glycerin, Coenzyme A, Micrococcus Lysate, Laminaria Digitata Extract, Rosma rinus Officinalis (Rosemary) Extract, Laminaria Ochroleuca Extract, Punica Granatum (Pomegranate) Fruit Juice, Sorbitol, Corallina Officinalis Extract, Molasses Extract\Saccharum Officinarum\Extrait De Melasse, Glycine Soja (Soybean) Seed Extract, Tourmaline, Caffeine, Linolenic Acid, Hydrogenated Lecithin, Gold, Hydrolyzed Wheat Protein, Glycosaminoglycans, Palmitoyl Oligopeptide, Ammonium Acryloyldimethyltaurate/Beheneth25 Methacrylate Crosspolymer, Bifida Ferment Lysate, Alcaligenes Polysaccharides, Butylene Glycol, Tetraacetylphytosphingosine, Dipotassium Glycyrrhizate, Lecithin, Acetyl Glucosamine, Sodium Hyaluronate, Laureth23, Acetyl Hexapeptide8, Linoleic Acid, Dipalmitoyl Hydroxyproline, Propylene Glycol Diethylhexanoate, Yeast Extract\Faex\Extrait De Levure, Caprylic/Capric Triglyceride, Laureth4, Tocopheryl Acetate, Diethylhexyl Syringylidenemalonate, Pentylene Glycol, Peg8, Potassium Sorbate, Yeast Polysaccharides, Hydroxypropyl Cyclodextrin, Nordihydroguaiaretic Acid, Cyclodextrin, Maltodextrin, Sucrose, Glyceryl Polymethacrylate, Fragrance (Parfum), Polymethylsilsesquioxane, Silica, Ethylbisiminomethylguaiacol Manganese Chloride, Disodium Edta, Phenoxyethanol, Linalool, Hydroxycitronellal, Citronellol, Geraniol, Limonene, Green 5 (Ci 61570).",9,2361,0.0,0.5,https://www.sephora.com/product/the-lifting-firming-mask-mini-P428637?icid2=products%20grid:p428637,0.5,150.0
Goddess Clay Mask,Charlotte Tilbury,facial-treatment-masks,55.0,"Stearic Acid, Glycerin, Prunus Amygdalus Dulcis (Sweet Almond) Oil, Kaolin, Titanium Dioxide (Ci 77891), Glyceryl Stearate, Triethanolamine, Phenoxyethanol, Ethylhexylglycerin, Parfum (Fragrance), Chlorphenesin, Disodium Edta, Rosa Canina Fruit Oil, Peg8, Iron Oxides (Ci 77491), Iron Oxides (Ci 77492), Iron Oxides (Ci 77499), Helianthus Annuus (Sunflower) Seed Oil, Tocopherol, Ascorbyl Palmitate, Nicotiana Sylvestris Leaf Cell Culture, Ascorbic Acid, Citric Acid, Plumeria Rubra Flower Extract, Hexyl Cinnamal, Benzyl Benzoate, Linalool, Hydroxycitronellal, Cinnamyl Alcohol.",32,6532,2.54,0.0,https://www.sephora.com/product/goddess-clay-mask-P433522?icid2=products%20grid:p433522,2.54,21.653543307086615
Squalane + Vitamin C Rose Mask,Biossance,facial-treatment-masks,48.0,Rose Otto Oil: Calms stressed skin.,324,8822,1.69,0.0,https://www.sephora.com/product/squalane-vitamin-c-rose-flash-mask-P444618?icid2=products%20grid:p444618,1.69,28.402366863905325
ALIVE Prebiotic Balancing Mask,Algenist,facial-treatment-masks,38.0,"Glycerin, Water (Aqua, Eau), Sodium Cocoyl Glycinate, Propanediol, Kaolin, Lactococcus Ferment Lysate, Bentonite, Magnesium Aluminum Silicate, Maltooligosyl Glucoside, Myristic Acid, Lactic Acid, Glyceryl Stearate, Algae Oligosaccharides, Chlorella Vulgaris Extract, Alteromonas Ferment Extract, Corallina Officinalis Extract, Curcuma Longa (Turmeric) Root Extract, Melia Azadirachta Leaf Extract, Melia Azadirachta Flower Extract, Ocimum Basilicum (Basil) Flower/Leaf Extract, Ocimum Sanctum Leaf Extract, Tocopherol, Hydrogenated Starch Hydrolysate, Cocamidopropyl Betaine, Sodium Methyl Oleoyl Taurate, Butylene Glycol, CocoGlucoside, Lauryl Glucoside, Styrene/Acrylates Copolymer, Phytosteryl/Octyldodecyl Lauroyl Glutamate, Ethylhexylglycerin, Lauric Acid, Palmitic Acid, Cellulose Gum, Sucrose, Sodium Chloride, Mica, Sodium Benzoate, Phenoxyethanol, Titanium Dioxide, Iron Oxides (CI 77491), Manganese Violet (CI 77742), Chromium Hydroxide Green (CI 77289).",57,6933,1.7,0.0,https://www.sephora.com/product/alive-prebiotic-balancing-mask-P442859?icid2=products%20grid:p442859,1.7,22.35294117647059
Avocado Nourishing Hydration Mask,Kiehl's Since 1851,facial-treatment-masks,45.0,"Aqua/Glycerin, Caprylic/Capric Triglyceride, BisDiglyceryl Polyacyladipate2, Squalane, Ethylhexyl Palmitate, Cetearyl Alcohol, Cetyl Esters, Propanediol, Oenothera Biennis Oil/Evening Primrose Oil, Butyrospermum Parkii Butter/Shea Butter, PEG100 Stearate, Glyceryl Stearate, Persea Gratissima Oil/Avocado Oil, Theobroma Grandiflorum Seed Butter, Persea Gratissima Fruit Extract/Avocado Fruit Extract, Bentonite, Phenoxyethanol, Gellan Gum, Caprylyl Glycol, Melia Azadirachta Leaf Extract, CI 77492/Iron Oxides, Sodium Chloride, CI 77288/Chromium Oxide Greens, Magnesium Sulfate, Tocopheryl Acetate, Ethylhexylglycerin, Melia Azadirachta Flower.",210,6417,3.4,0.0,https://www.sephora.com/product/kiehls-avocado-nourishing-hydration-mask-P446422?icid2=products%20grid:p446422,3.4,13.23529411764706
Vitamin C Glow Face Mask,Fresh,facial-treatment-masks,62.0,"Glucose, Citrus Limon (Lemon) Fruit Extract, Citrus Clementina Fruit Extract, Citrus Sinensis (Orange) Fruit Extract, Fructose, Glycerin, Sucrose, Citrus Medica Limonum (Lemon) Fruit Extract, Vaccinium Myrtillus Fruit Extract, Pyrus Cydonia Seed Extract, Saccharum Officinarum (Sugar Cane) Extract, Glycine Soja (Soybean) Oil, Citrus Aurantium Dulcis (Orange) Fruit Extract, Acer Saccharum (Sugar Maple) Extract, Tocopheryl Acetate, Ascorbyl Tetraisopalmitate, Tocopherol, Xanthan Gum, Butylene Glycol, Sclerotium Gum, Tetrasodium EDTA, Sodium Citrate, Parfum (Fragrance), Panthenol, Caramel, Sodium Metabisulfite, Citric Acid, Potassium Sorbate, Magnesium Aspartate, Zinc Gluconate, Copper Gluconate, CI 75120 (Annatto), Phenoxyethanol, Limonene.",510,36928,0.0,3.3,https://www.sephora.com/product/vitamin-nectar-vibrancy-boosting-face-mask-P410401?icid2=products%20grid:p410401,3.3,18.78787878787879
pores no more® Vacuum Cleaner® Pore Purifying Mask,Dr. Brandt Skincare,facial-treatment-masks,42.0,"Water (Aqua), Silica, Butylene Glycol, Benzyl Alcohol, Mannitol, Alcohol Denat., Xanthan Gum, Cellulose, Lavandula Angustifolia (Lavender) Oil, Glycolic Acid, Menthone Glycerin Acetal, Enantia Chlorantha Bark Extract, Sodium Hydroxide, Disodium Edta, Glycerin, Salicylic Acid, Oleanolic Acid, Acrylates Copolymer, Caprylic/Capric Triglyceride, Tocopheryl Acetate, Hydroxypropyl Methylcellulose, Iris Florentina Root Extract, Sodium Benzoate, Potassium Sorbate, Rosa Multiflora (Rose) Fruit Extract, Ci 77007 (Ultramarines), Ci 77891 (Titanium Dioxide), Ci 77120 (Barium Sulfate).",174,8876,1.0,0.0,https://www.sephora.com/product/pores-no-more-vacuum-cleaner-pore-purifying-mask-P429662?icid2=products%20grid:p429662,1.0,42.0
R + R Mask,Summer Fridays,facial-treatment-masks,52.0,"Carthamus Tinctorius (Safflower) Seed Oil, Sucrose, Silica, Sesamum Indicum (Sesame) Seed Oil, Argania Spinosa (Argan) Kernel Oil, Caprylic/Capric Triglyceride, Hydrogenated Vegetable Oil, Tetrahexyldecyl Ascorbate (Vitamin C), Rosa Damascene (Bulgarian Rose) Flower Oil, Rosa Gallica (Rose) Flower Powder, Tocopherol (Vitamin E), Persea Gratissima (Avocado) Oil, Vitis Vinifera (Grape) Seed Oil, Tocopheryl (Vitamin E) Acetate, All Natural Fragrance, Phenoxyethanol, Ethylhexylglycerin.",359,34884,2.25,0.0,https://www.sephora.com/product/r-r-mask-P440504?icid2=products%20grid:p440504,2.25,23.11111111111111
SUPERMASK - The Freezing Mask,SEPHORA COLLECTION,facial-treatment-masks,6.0,"Glycerin, Caprylic/Capric Triglyceride, Butylene Glycol, 1,2Hexanediol, Aloe Barbadensis Leaf Juice, Ceratonia Siliqua (Carob) Gum, Chondrus Crispus (Carrageenan) Extract, Caprylic/Capric Glycerides, PEG60 Hydrogenated Castor Oil, CI 42090 (Blue 1), Pseudoalteromonas Ferment Extract, Potassium Chloride, Polyacrylate13, CI 19140 (Yellow 5), Phenyl Trimethicone, Allantoin, Menthyl PCA, Sucrose, Polyisobutene, Fragrance, Eucalyptus Globulus Leaf Menthol, Polysorbate 20, Sorbitan Isostearate, Disodium EDTA, Isopropyl Alcohol, Citric Acid, Dipropylene Glycol, Caprylyl Glycol, Sodium Benzoate, Potassium Sorbate, Potassium Hydroxide.",99,10673,0.0,0.0,https://www.sephora.com/product/supermask-freezing-mask-P442590?icid2=products%20grid:p442590,2.447428571428571,2.451552650011674
Instant Masks,SEPHORA COLLECTION,facial-treatment-masks,7.0,"Fructose, PVP, Ethylhexyl Stearate, Glycerin, CI 77891 (Titanium Dioxide), Xanthan Gum, Polyacrylamide, Phenoxyethanol, C1314 Isoparaffin, Menthyl Lactate, Laureth7, Ethylhexyl Methoxycinnamate, Disodium EDTA, Ethylhexylglycerin, Poloxamer 338, Fragrance, BHT, Ethylhexyl Salicylate, Butyl Methoxydibenzoylmethane, CI 77492 (Iron Oxides), PPG51/Smdi Copolymer, Mentha Piperita (Peppermint) Leaf Extract, Citric Acid, CI 42090 (Blue 1), Sodium Benzoate, Potassium Sorbate, Sodium Citrate, Tocopherol.",263,29783,0.0,0.0,https://www.sephora.com/product/instamasks-P442589?icid2=products%20grid:p442589,2.447428571428571,2.8601447583469537
SUPERMASK - The Bubble Mask,SEPHORA COLLECTION,facial-treatment-masks,6.0,"Fructose, PVP, Ethylhexyl Stearate, Glycerin, CI 77891 (Titanium Dioxide), Xanthan Gum, Polyacrylamide, Phenoxyethanol, C1314 Isoparaffin, Menthyl Lactate, Laureth7, Ethylhexyl Methoxycinnamate, Disodium EDTA, Ethylhexylglycerin, Poloxamer 338, Fragrance, BHT, Ethylhexyl Salicylate, Butyl Methoxydibenzoylmethane, CI 77492 (Iron Oxides), PPG51/Smdi Copolymer, Mentha Piperita (Peppermint) Leaf Extract, Citric Acid, CI 42090 (Blue 1), Sodium Benzoate, Potassium Sorbate, Sodium Citrate, Tocopherol.",183,15360,0.0,0.0,https://www.sephora.com/product/bubble-mask-P432420?icid2=products%20grid:p432420,2.447428571428571,2.451552650011674
Face Mask - Coconut - Nourishing,SEPHORA COLLECTION,facial-treatment-masks,6.0,"Butylene Glycol, Glycerin, Betaine, Mannitol, 1,2Hexanediol, Hydroxyacetophenone, Saccharide Isomerate, Xanthan Gum, Ammonium Glycyrrhizate,  Chenopodium Quinoa Seed Extract, PEG40 Hydrogenated Castor Oil, Parfum (Fragrance), Caffeine, Zinc Gluconate, Cocos Nucifera (Coconut) Fruit Extract, Phenoxyethanol, Cocos Nucifera (Coconut) Oil, Citric Acid,  Aesculus Hippocastanum (Horse Chestnut) Seed Extract, Sodium Citrate, Potassium Sorbate, Sodium Benzoate, Gardenia Tahitensis Flower, Tocopherol.",17,0,0.0,0.0,https://www.sephora.com/product/face-mask-coconut-P432067?icid2=products%20grid:p432067,2.447428571428571,2.451552650011674
Quench Intense Hydration Mask,Saturday Skin,facial-treatment-masks,6.0,"Saccharomyces Ferment, Methylpropanediol,1,2Hexanediol, Alcohol, Glycerin, Dipropylene Glycol, Butylene Glycol, Citrullus Vulgaris (Watermelon) Fruit Extract, Aloe Barbadensis leaf Extract, Sodium Hyaluronate, Citrus Medica Limonum (Lemon) Peel Oil, Juniperus Mexicana Oil, Lavandula Angustifolia (Lavender) Oil, Rosmarinus Officinalis (Rosemary) Leaf Oil, Eucalyptus Globulus Leaf Oil, Citrus Aurantium Dulcis (Orange) Peel Oil, Citrus Grandis (Grapefruit) Peel Oil, Hydrogenated Lecithin, Cholesterol, shPolypeptide1, shPolypeptide8, shPolypeptide9, shPolypeptide45, shPolypeptide22, shOligopeptide1, shOligopeptide2, PEG800, Polysorbate 20, Carbomer, Disodium EDTA, Potassium Hydroxide, Ethylhexylglycerin.",768,9813,0.0,0.0,https://www.sephora.com/product/quench-intense-hydration-mask-P423683?icid2=products%20grid:p423683,2.447428571428571,2.451552650011674
Redness Recovery+ Antioxidant Redness Treatment Overnight Mask,Skinfix,facial-treatment-masks,50.0,"Glycerin, Tridecyl Neopentanoate, Cetearyl Ethylhexanoate, Olus Oil (Vegetable Oil), Propanediol, Glyceryl Stearate Citrate, Ammonium Acryloyldimethyltaurate/VP Copolymer, Vitis Vinifera (Grape) Seed Oil, Isosorbide Disunflowerseedate, Isosorbide Dicaprylate, Tetrapeptide14, Echium Plantagineum Seed Oil, Aspalathus Linearis Extract, Hydrolyzed Hyaluronic Acid, Mel Extract (Honey Extract), Boswellia Serrata Extract, Ceramide NP, Phytosphingosine, Ceramide AP, Cholesterol, Ceramide EOP, Colloidal Oatmeal, Rosa Damascena Flower Cucumis Sativus (Cucumber) Fruit Simmondsia Chinensis (Jojoba) Seed Wax, Olea Europaea (Olive) Husk Oil, Helianthus Annuus (Sunflower) Seed Oil, Camellia Sinensis Leaf Extract, Aloe Barbadensis Leaf Juice, Tocopherol, Trisodium Ethylenediamine Disuccinate, Butylene Glycol, Xanthan Gum, Ethylhexylglycerin, Sodium Lauroyl Lactylate, Carbomer, Phenoxyethanol, Potassium Sorbate, Sodium Benzoate, Citric Acid, ChlorophyllinCopper Complex (Ci 75810).",189,7328,1.7,0.0,https://www.sephora.com/product/redness-recovery-antioxidant-redness-treatment-overnight-mask-P442850?icid2=products%20grid:p442850,1.7,29.411764705882355
Bright Lover Rubber Mask,Dr. Jart+,facial-treatment-masks,12.0,"Methylpropanediol, Chondrus Crispus Extract, Glycerin, 1,2Hexanediol, Algin, Calcium Lactate, Laminaria Japonica Extract, Undaria Pinnatifida Extract, Sargassum Fulvellum Extract, Dipotassium Glycyrrhizate, Panthenol, Allantoin, PEG60Hydrogenated Castor Oil, Titanium Dioxide, Polymethylsilsesquioxane, Curcuma Longa (Turmeric) Root Extract, Melia Azadirachta Flower Extract, Melia Azadirachta LeafExtract, Melia Azadirachta Bark Extract, Corallina Officinalis Extract, Moringa OleiferaSeed Oil, Ocimum Sanctum Leaf Extract, Silica, Citrus Nobilis (Mandarin Orange) PeelOil, Disodium EDTA, Butylene Glycol, Ceratonia Siliqua Gum, Sucrose, Potassium Chloride, Xanthan Gum, Citric Acid, Sodium Citrate, Phenoxyethanol, Ethylhexylglycerin.",88,14088,1.5,0.0,https://www.sephora.com/product/bright-lover-rubber-mask-P418171?icid2=products%20grid:p418171,1.5,8.0
Cucumber Gel Mask Extreme Detoxifying Hydrator,Peter Thomas Roth,facial-treatment-masks,55.0,"Butylene Glycol, Cucumis Sativus (Cucumber) Fruit Extract, Ananas Sativus (Pineapple) Fruit Extract, Vaccinium Myrtillus Fruit/Leaf Extract, Carica Papaya (Papaya) Fruit Extract, Acer Saccharum (Sugar Maple) Extract, Saccharum Officinarum (Sugar Cane) Extract, Aloe Barbadensis Leaf Juice, Chamomilla Recutita (Matricaria) Flower Extract, Chamomilla Recutita (Matricaria) Flower Oil, Citrus Limon (Lemon) Fruit Extract, Citrus Aurantium Dulcis (Orange) Fruit Extract, Mangifera Indica (Mango) Fruit Extract, Sodium Pca, Allantoin, Glycerin, Propylene Glycol, Disodium Edta, Sodium Hydroxide, Citric Acid, Carbomer, Triethanolamine, Polysorbate 20, Potassium Sorbate, Sodium Benzoate, Phenoxyethanol, Yellow 5 (Ci 19140), Blue 1 (Ci 42090).",438,16414,5.0,0.0,https://www.sephora.com/product/cucumber-gel-mask-extreme-detoxifying-hydrator-P382204?icid2=products%20grid:p382204,5.0,11.0
Superfood Skin Reset Antioxidant Mask,Youth To The People,facial-treatment-masks,44.0,"Kaolin, Organic Glycerin, Organic Brassica Oleracea (Kale) Leaf Extract, OrganiSpinacia Oleracea (Spinach) Leaf Extract, Organic Camellia Sinensis (Green Tea) Leaf ExtractOrganic Chamomilla Recutita (Matricaria) Flower Extract, Organic Medicago Sativa (AlfalfaExtract, Organic Aloe Barbadensis (Aloe) Leaf Extract, Organic Spirulina Platensis (SpirulinaExtract, Plankton Extract, Helianthus Annuus (Sunflower) Seed Oil, Stearic Acid, GlyceryStearate, Tocopheryl Acetate (Vitamin E), Ascorbic Acid (Vitamin C), Panthenol (Vitamin B5)Sodium Hyaluronate Crosspolymer, Algae Extract, Chlorophyll, Sodium Citrate, SodiuAscorbate, Lecithin, Natural Fragrance, Pentylene Glycol, Ethylhexylglycerin, PhenoxyethanolPotassium Sorbate",104,22115,2.0,0.0,https://www.sephora.com/product/spirulina-microalgae-kale-spinach-age-prevention-superfood-mask-P417939?icid2=products%20grid:p417939,2.0,22.0
Brighten Pineapple Enzyme + Gemstone Instant Glow Mask,Herbivore,facial-treatment-masks,48.0,"Aloe Barbadensis (Organic Aloe) Leaf Juice, Hydroxyethyl Cellulose (plant derived), Glycerin, Carica Papaya (Organic Papaya) Fruit Extract, Pineapple Natural Melange, Citrus Aurantium var. Amara, Carica Papaya (Organic Papaya) Leaf Extract, Ananas Comosus (Organic Pineapple) Fruit Extract, Brazilian Micronized Tourmaline Gemstone Powder, Oryza Sativa (Rice) Powder, Leucidal (Radish Root Ferment).",129,26468,2.0,0.0,https://www.sephora.com/product/brighten-pineapple-enzyme-gemstone-instant-glow-mask-P400206?icid2=products%20grid:p400206,2.0,24.0
Hyaluronic Marine Hydrating Modeling Mask,Dr. Dennis Gross Skincare,facial-treatment-masks,48.0,"Glucose, Calcium Sulfate, Tetrasodium Pyrophosphate, Magnesium Oxide, Water.",56,5648,0.0,0.0,https://www.sephora.com/product/hyaluronic-marine-infusion-modeling-mask-P411360?icid2=products%20grid:p411360,2.447428571428571,19.612421200093394
Treatment Lotion Hydrating Mask,La Mer,facial-treatment-masks,30.0,"Water\Aqua\Eau, Algae (Seaweed) Extract, Glycerin, Methyl Gluceth20, BisPeg18 Methyl Ether Dimethyl Silane, Butylene Glycol, Hypnea Musciformis (Algae) Extract, Sucrose, Propanediol, Sesamum Indicum (Sesame) Seed Oil, Medicago Sativa (Alfalfa) Seed Powder, Helianthus Annuus (Sunflower) Seedcake, Prunus Amygdalus Dulcis (Sweet Almond) Seed Meal, Eucalyptus Globulus (Eucalyptus) Leaf Oil, Sodium Gluconate, Copper Gluconate, Calcium Gluconate, Magnesium Gluconate, Zinc Gluconate, Tocopheryl Succinate, Niacin, Sesamum Indicum (Sesame) Seed Powder, Citrus Aurantifolia (Lime) Peel Extract, Glycine Soja (Soybean) Seed Extract, Acetyl Hexapeptide8, Acetyl Dipeptide1 Cetyl Ester, Sea Salt\Maris Sal\Sel Marin, Codium Tomentosum Extract, Gelidiella Acerosa Extract, Caffeine, Laminaria Saccharina Extract, Alcaligenes Polysaccharides, Dipotassium Glycyrrhizate, Glycereth26, Laminaria Digitata Extract, Plankton Extract, Glycosaminoglycans, Palmaria Palmata Extract, Peg8, Ethylhexylglycerin, Sodium Pca, Urea, Ppg5Ceteth20, Jojoba Wax Peg120 Esters, Polysorbate 20, Carbomer, Yeast Extract\Faex\Extrait De Levure, Sodium Hyaluronate, Xanthan Gum, Pentylene Glycol, Trehalose, Laureth3, Hydrolyzed Yeast Protein, Hydroxyethylcellulose, Caprylyl Glycol, Fragrance (Parfum), Tourmaline, Hydroxypropyl Cyclodextrin, Glycine Soja (Soybean) Protein, Alcohol Denat., Sodium Hydroxide, Lecithin, Polyquaternium51, Disodium Edta, Citronellol, Geraniol, Hydroxycitronellal, Linalool, Limonene, Potassium Sorbate, Chlorphenesin, Phenoxyethanol.",9,5182,0.0,0.0,https://www.sephora.com/product/treatment-lotion-hydrating-mask-P437980?icid2=products%20grid:p437980,2.447428571428571,12.257763250058373
Noni Glow Sleeping Mask,KORA Organics,facial-treatment-masks,48.0,"Aloe Barbadensis (Aloe Vera) Leaf Juice*, Glycerin, Crambe Abyssinica Seed Oil Phytosterol Esters, Cocos Nucifera (Coconut) Extract*, Diglycerin, Morinda Citrifolia (Noni) Fruit Extract*, Terminalia Ferdinandiana Fruit Extract, Tremella Fuciformis Sporocarp Extract, Microcitrus Australasica Fruit Extract,  Carrageenan, Cyamposis Tetragonoloba (Guar) Gum, Xanthan Gum, Populus Tremuloides Bark Extract, Helianthus Annuus (Sunflower) Seed Oil*, Ocimum Basilicum (Basil) Oil,  Pelargonium Graveolens Flower Oil, Rosa Centifolia Flower Oil, Hydrolyzed Sodium Hyaluronate, Sodium Polyglutamate, Salicylic Acid, Acacia Senegal Gum, Glyceryl Caprylate, Glyceryl Undecylenate, Sodium Benzoate, Glucose, Sorbic Acid, Sodium Phytate, Maltodextrin (Tapioca Starch), Benzyl Alcohol, Betaine, Alcohol, Quartz, Citronellol**, Geraniol**. *Ingredient from Organic Farming.  **From essential oils.",43,6483,3.38,0.0,https://www.sephora.com/product/noni-glow-sleeping-mask-P440072?icid2=products%20grid:p440072,3.38,14.201183431952662
Hydrating Lip Mask,SEPHORA COLLECTION,facial-treatment-masks,3.0,"Butylene Glycol, Glycerin, Propanediol, 1,2Hexanediol, Olive Oil Glycereth8 Esters, Phenoxyethanol, Arginine, Carbomer, Xanthan Gum, Allantoin, Panthenol, Sodium Saccharin, Dipotassium Glycyrrhizate, Sodium Citrate, Sodium Hyaluronate, Ethylhexylglycerin, Polysorbate 20, Disodium EDTA, Parfum (Fragrance),  Tocopheryl Acetate, Butyrospermum Parkii Butter Extract (Butyrospermum Parkii (Shea Butter) Extract), Leontopodium Alpinum Extract, CI 17200 (Red 33), Sodium Benzoate, Citric Acid, Tocopherol.",177,12241,0.0,0.0,https://www.sephora.com/product/lip-mask-P429724?icid2=products%20grid:p429724,2.447428571428571,1.225776325005837
Purifying Pore & Blackhead Detox Mask,Tata Harper,facial-treatment-masks,72.0,"Hordeum Vulgare Leaf Juice*, Kaolin, Propanediol, Cetyl Alcohol, Glyceryl Stearate SE, Magnesium Aluminum Silicate, Cetearyl Alcohol, Glyceryl Undecylenate, Glyceryl Caprylate, Opuntia Ficus Indica*, Santalum Spicatum (Sandalwood) Seed Oil, AlphaGlucan Oligosaccharide, Asteriscus Graveolens Flower/Fruit/Leaf/Stem Extract, Salix Alba (Willow) Bark Extract, Lactobacillus/Punica Granatum Fruit Ferment Extract, Bioflavonoids, Papain, Sodium Phytate, Brassica Oleracea Italica (Broccoli) Extract, Sambucus Nigra Fruit Extract, Caprylic/Capric Triglyceride, Olea Europaea (Olive) Oil*, Glycerin, Alaria Esculenta Extract, Octyldodecanol, Arnica Montana (Arnica) Extract*, Borago Officinalis (Borage) Leaf Extract*, Calendula Officinalis (Calendula) Flower Extract*, Medicago Sativa (Alfalfa) Extract*, Spiraea Ulmaria (Meadowsweet) Extract*, Aloe Barbadensis Leaf Juice*, Jojoba Esters, Cetearyl Glucoside, Acacia Senegal Gum, Xanthan Gum, pAnisic Acid, Alcohol, Aroma**, Trihydroxystearin, Iron Oxides (C.I. 77491), Iron Oxides (C.I. 77499), Eugenol, Limonene, Linalool, Citral. *Ingredients from organic farming. **Clinical grade essential oils blend.",103,15552,1.0,0.0,https://www.sephora.com/product/purifying-mask-P408301?icid2=products%20grid:p408301,1.0,72.0
Spotlight Brightening Mask,Saturday Skin,facial-treatment-masks,6.0,"Saccharomyces Ferment, Methylpropanediol, 1,2Hexanediol, Alcohol, Glycerin, Dipropylene Glycol, Butylene Glycol, Vaccinium VitisIdaea Leaf Extract, Glycyrrhiza Glabra (Licorice) Root Extract, Nelumbo Nucifera Flower Extract, Citrus Medica Limonum (Lemon) Peel Oil, Juniperus Mexicana Oil, Lavandula Angustifolia (Lavender) Oil, Rosmarinus Officinalis (Rosemary) Leaf Oil, Eucalyptus Globulus Leaf Oil, Citrus Aurantium Dulcis (Orange) Peel Oil, Citrus Grandis (Grapefruit) Peel Oil, Hydrogenated Lecithin, Cholesterol, shPolypeptide1, shPolypeptide8, shPolypeptide9, shPolypeptide45, shPolypeptide22, shOligopeptide1, shOligopeptide2, PEG800, Polysorbate 20, Carbomer, Disodium EDTA, Potassium Hydroxide, Ethylhexylglycerin.",191,21456,0.0,0.0,https://www.sephora.com/product/spotlight-brightening-mask-P423684?icid2=products%20grid:p423684,2.447428571428571,2.451552650011674
Clear Skin Lover Rubber Mask,Dr. Jart+,facial-treatment-masks,12.0,"Methylpropanediol, Chondrus Crispus Extract, Glycerin, 1,2Hexanediol, Algin, Calcium Lactate, Butylene Glycol, Gelidium Cartilagineum Extract,Laminaria Japonica Extract, Enteromorpha Compressa Extract, Spirulina PlatensisExtract, Undaria Pinnatifida Extract, Dipotassium Glycyrrhizate, Panthenol,Allantoin, PEG60 Hydrogenated Castor Oil, Titanium Dioxide, Polymethylsilsesquioxane,Peat Potassium Sorbate, Acacia Senegal Gum, Hydroxypropyl Methylcellulose,Silica, Melaleuca Alternifolia (Tea Tree) Leaf Oil, Disodium EDTA, CeratoniaSiliqua Gum, Sucrose, Potassium Chloride, Xanthan Gum, Citric Acid, SodiumCitrate, Phenoxyethanol, Ethylhexylglycerin.",179,18004,1.5,0.0,https://www.sephora.com/product/clear-skin-lover-rubber-mask-P418169?icid2=products%20grid:p418169,1.5,8.0
Irish Moor Mud Purifying Black Mask,Peter Thomas Roth,facial-treatment-masks,60.0,"Glycerin, Peat, Charcoal Powder, Polyacrylamide, Lava Powder, Sargassum Fusiforme Extract, Kaolin, Bentonite, Lactic Acid, C1314 Isoparaffin, Isohexadecane, Sodium Acrylate/Sodium Acryloyldimethyl Taurate Copolymer, Dimethicone, Xanthan Gum, Disodium Edta, Polysorbate 80, Laureth7, Sorbitan Oleate, Sodium Benzoate, Potassium Sorbate, Phenoxyethanol, Mica (Ci 77019).",502,21019,5.0,0.0,https://www.sephora.com/product/irish-moor-mud-purifying-black-mask-P392608?icid2=products%20grid:p392608,5.0,12.0
Face Mask - Pineapple - Pore Perfecting,SEPHORA COLLECTION,facial-treatment-masks,6.0,"Butylene Glycol, Glycerin, Betaine, 1,2Hexanediol, Hydroxyacetophenone, Xanthan Gum, Glycosyl Trehalose, Sodium Polyglutamate, Sodium Polyglutamate Crosspolymer, Phosphatidylcholine, Parfum (Fragrance), Phenoxyethanol, Polysorbate 80, Ananas Sativus (Pineapple) Fruit Extract, Ascorbyl Palmitate, Ubiquinone, Tocopheryl Acetate, Potassium Sorbate, Sodium Benzoate, Citric Acid",15,0,0.0,0.0,https://www.sephora.com/product/face-mask-pineapple-P432069?icid2=products%20grid:p432069,2.447428571428571,2.451552650011674
Youth Revolution Radiance Crème & Masque,AMOREPACIFIC,facial-treatment-masks,200.0,"Butylene Glycol, Glycerin, Squalane, Pentaerythrityl Tetraethylhexanoate, Dimethicone, Niacinamide, Butyrospermum Parkii (Shea) Butter, Polyglyceryl3 Methylglucose Distearate, Sodium Polyacrylate Starch, Glyceryl Stearate Citrate, Hydrogenated Vegetable Oil, Cetearyl Alcohol, Glyceryl Stearate, Polyacrylate13, Stearic Acid, Palmitic Acid, Polyisobutene, Xanthan Gum, Glyceryl Caprylate, Fragrance, Disodium Edta, Ethylhexylglycerin, Adenosine, Polysorbate 20, Sorbitan Isostearate, Lavandula Angustifolia (Lavender) Oil, Myristic Acid, Paeonia Suffruticosa Flower Extract, Lauric Acid, Phenoxyethanol, Camellia Sinensis Leaf Extract, Tocopherol, 1,2Hexanediol, Caprylyl Glycol.",22,903,1.7,0.0,https://www.sephora.com/product/youth-revolution-radiance-creme-masque-P441062?icid2=products%20grid:p441062,1.7,117.64705882352942
Firm Lover Rubber Mask,Dr. Jart+,facial-treatment-masks,12.0,"Methylpropanediol, Chondrus Crispus Extract, Glycerin, 1,2Hexanediol, Algin, Calcium Lactate, Butylene Glycol, Porphyra Yezoensis Extract,Gelidium Cartilagineum Extract, Dipotassium Glycyrrhizate, Panthenol, Allantoin,PEG60 Hydrogenated Castor Oil, Titanium Dioxide, Polymethylsilsesquioxane, EcliptaProstrata Extract, Melia Azadirachta Leaf Extract, Moringa Oleifera Seed Oil, Silica,Rosmarinus Officinalis (Rosemary) Leaf Oil, Disodium EDTA, Ceratonia Siliqua Gum,Sucrose, Potassium Chloride, Xanthan Gum, Citric Acid, Sodium Citrate, Phenoxyethanol,Ethylhexylglycerin.",48,9437,1.5,0.0,https://www.sephora.com/product/firm-lover-rubber-mask-P418170?icid2=products%20grid:p418170,1.5,8.0
Mini Pore Waterclay Mask,LANEIGE,facial-treatment-masks,25.0,"Sea Silt, Kaolin, Glycerin, Bentonite, Alcohol, Microcrystalline Cellulose, Mentha Piperita (Peppermint) Extract, Pinus Sylvestris Bud Extract, Phytosphingosine, Glyceryl Caprylate, Lecithin, Ceteareth20, Cetyl Alcohol, Cellulose Gum, Stearyl Alcohol, Ethylhexylglycerin, Xanthan Gum ,Titanium Dioxide (CI 77891), Pentylene Glycol, Hydrogenated Polydecene, Disodium EDTA, Phenoxyethanol, Iron Oxides (CI 77499).",153,20503,2.3,0.0,https://www.sephora.com/product/mini-pore-waterclay-mask-P420660?icid2=products%20grid:p420660,2.3,10.869565217391305
BERRYGLOW™  Probiotic Recovery Face Mask,GLAMGLOW,facial-treatment-masks,49.0,"Butylene Glycol, Simmondsia Chinensis (Jojoba) Seed Oil, Butyrospermum Parkii (Shea) Butter,  Glycerin, Pentaerythrityl Tetraethylhexanoate, Lactobacillus Ferment, Vaccinium Angustifolium (Blueberry) Fruit Extract, Vaccinium Macrocarpon (Cranberry) Fruit Extract, Lycium Chinense (Wolfberry) Fruit Extract, Hibiscus Sabdariffa Flower Extract, Beta Vulgaris (Beet) Root Extract, Haberlea Rhodopensis Leaf Extract, Sodium Hyaluronate, Acetyl Glucosamine, Trehalose, Tocopherol, Yeast Extract, Tocopheryl Acetate, Ethylhexylglycerin, Xanthan Gum, Potassium Cetyl Phosphate, Sodium Hydroxide, PEG240/Hdi Copolymer BisDecyltetradeceth20 Ether, Glyceryl Stearate, PEG100 Stearate, Hydrogenated Palm Glycerides, Citric Acid,  Ammonium Acryloyldimethyltaurate/Beheneth25 Methacrylate Crosspolymer, Fragrance, Limonene,  BHT, Phenoxyethanol, Potassium Sorbate, Ext. Violet 2 (Ci 60730), Red 6 (Ci 15850), Red 33 (Ci 17200).",81,12148,2.5,0.0,https://www.sephora.com/product/berryglow-probiotic-recovery-face-mask-P446105?icid2=products%20grid:p446105,2.5,19.6
Purifying Mud Mask: Clear & Mattify,SEPHORA COLLECTION,facial-treatment-masks,16.0,"Kaolin, Glycerin, Bentonite, Capryloyl Glycine, Citrus Aurantium Dulcis (Orange) Peel Powder, C1018 Triglycerides, Fragrance, CI 77499 (Iron Oxides), Butylene Glycol, Sodium Hydroxide, 1,2Hexanediol, Caprylyl Glycol, Zinc PCA, OCymen5Ol, Copper PCA, Pentylene Glycol, Magnesium Aspartate + Zinc Gluconate + Copper Gluconate",71,5314,0.0,0.0,https://www.sephora.com/product/purifying-mud-mask-clear-mattify-P442593?icid2=products%20grid:p442593,2.447428571428571,6.5374737333644655
Rose Stem Cell Bio-Repair Gel Mask,Peter Thomas Roth,facial-treatment-masks,55.0,"Butylene Glycol, Propanediol, Peg40 Hydrogenated Castor Oil, Trideceth9, Triethanolmaine, Carbomer, Rosa Centifolia Leaf Cell Extract, Rosa Alba Leaf Cell Extract, Rosa Damascena Leaf Cell Extract, Rosa Canina Fruit Extract, Rosa Damascena Flower Oil, Rosa Canina Fruit Oil, Rose Centifolia Flower Commiphora Myrrha Leaf Cell Extract, Adenium Obesum Leaf Cell Extract, Leuconostoc/Radish Root Ferment Filtrate, Glycerin, Allantoin, Aloe Barbadensis Leaf Juice, BHT, Sodium PCA, Propylene Glycol, Ethylhexylglycerin, PPG26 Buteth26, Ethylhexyl Salicylate, Butyl Methoxydibenzoylimethane, Ethylhexyl Methoxycinnamate, Disodium EDTA, Potassium Sorbate, Red 33 (Ci 17200).",239,13856,5.0,0.0,https://www.sephora.com/product/rose-stem-cell-bio-repair-gel-mask-P386377?icid2=products%20grid:p386377,5.0,11.0
Shake & Shot™ Rubber Pore Minimizing Mask with Black Bean,Dr. Jart+,facial-treatment-masks,12.0,"Dipropylene Glycol, Tocopheryl Acetate, Chenopodium Quinoa Seed Oil, Glycine Soja (Soybean) Seed Extract, Seasmum Indicum (sesame) Seed Extract, Oryza Sativa (Rice) Extract, Morus Alba Fruit Extract, Rubus Fruitcosus (Blackberry) Fruit Extract, Euterpe Oleracea Fruit Extract, PEG60 Hydrogenated Castor Oil, Ammonium Acryloydimethyltaurate/VP Copolymer, Xanthan Gum, Citrus Aurantium Bergamia (Bergamot) Fruit Oil, Acacia Senegal Gum, Butylene Glycol, Peat Hydroxypropl Methylcellulose, Citric Acid, Glycerin, 1,2Hexanediol, Potassium Sorbate, Phenoxyethanol, Ethylhexylglycerin.",42,7344,0.0,0.0,https://www.sephora.com/product/shake-shot-rubber-pore-minimizing-mask-with-black-bean-P440284?icid2=products%20grid:p440284,2.447428571428571,4.903105300023348
Crème Ancienne® Ultimate Nourishing Honey Mask,Fresh,facial-treatment-masks,153.0,"Mel (Honey), Propylene Glycol Dicaprylate/Dicaprate, Stearalkonium Hectorite, PEG7 Glyceryl Cocoate, Limnanthes Alba (Meadowfoam) Seed Oil, Jojoba Oil PEG150 Esters, Pentylene Glycol, Butyrospermum Parkii (Shea Butter), Propylene Carbonate, Echinacea Purpurea Extract, Sucrose Laurate, Hippophae Rhamnoides Oil, Cera Alba (Beeswax), Rosa Damascena Flower Citrus Limon (Lemon) Peel Oil, Osmanthus Fragrans Flower Extract, Anthemis Nobilis Flower Oil, Rosmarinus Officinalis (Rosemary) Leaf Extract, Tocopherol, Caprylic/Capric Triglyceride, Glycerin, Sodium Metabisulfite, Citric Acid, Limonene, Citronellol.",87,13610,0.0,0.0,https://www.sephora.com/product/creme-ancienne-ultimate-nourishing-honey-mask-P381021?icid2=products%20grid:p381021,2.447428571428571,62.5145925752977
Detoxifying Silt Gelee Mask,Volition Beauty,facial-treatment-masks,60.0,"Silt, Kaolin, Carthamus Tinctorius (Safflower) Seed Oil, Panthenol, Butyrospermum Parkii (Shea Butter) Butter, Glyceryl Oleate, Jojoba Oil, Hydrolyzed Quinoa, Butyl Avocadate, Hydroxyethylcellulose, Mica, Zinc Oxide, Hydroxyapatite, Polysorbate 20, Phenoxyethanol, Hydroxyethylacrylate/Sodium Acryloyldimethyltaurate Copolymer, Squalane, Polysorbate 60, Allantoin, Cananga Odorata Flower Oil, Salvia Officinalis (Sage) Oil, Tsuga Canadensis Oil.",182,9932,2.0,0.0,https://www.sephora.com/product/detoxifying-silt-gelee-mask-P421950?icid2=products%20grid:p421950,2.0,30.0
Capture Totale Dreamskin 1-Minute Mask,Dior,facial-treatment-masks,75.0,"Silt, Kaolin, Carthamus Tinctorius (Safflower) Seed Oil, Panthenol, Butyrospermum Parkii (Shea Butter) Butter, Glyceryl Oleate, Jojoba Oil, Hydrolyzed Quinoa, Butyl Avocadate, Hydroxyethylcellulose, Mica, Zinc Oxide, Hydroxyapatite, Polysorbate 20, Phenoxyethanol, Hydroxyethylacrylate/Sodium Acryloyldimethyltaurate Copolymer, Squalane, Polysorbate 60, Allantoin, Cananga Odorata Flower Oil, Salvia Officinalis (Sage) Oil, Tsuga Canadensis Oil.",33,3759,0.0,0.0,https://www.sephora.com/product/capture-totale-dreamskin-1-minute-mask-P415618?icid2=products%20grid:p415618,2.447428571428571,30.64440812514593
Oxygen Facial Flash Recovery Mask,Dr. Brandt Skincare,facial-treatment-masks,70.0,"Glycerin, Kaolin, Methyl Perfluorobutyl Ether, Cocamidopropyl Betaine, Methyl Perfluoroisobutyl Ether, Ethyl Perfluorobutyl Ether, Ethyl Perfluoroisobutyl Ether, Pentylene Glycol, Magnesium Aluminum Silicate, Xanthan Gum, Sodium Lauryl Sulfoacetate, Ribose, Perfluorodecalin, Phenoxyethanol, Sodium Lauroyl Sarcosinate, Ppg26Buteth26, Pyrus Malus (Apple) Fruit Extract, Peg12 Glyceryl Distearate, Caprylyl Glycol, Lavandula Angustifolia (Lavender) Oil, Peg40 Hydrogenated Castor Oil, Menthyl Lactate, Sodium Chloride, Ethylhexylglycerin, Hexylene Glycol, Sodium Sulfate, Moringa Pterygosperma Seed Extract, Retinyl Palmitate, Camellia Oleifera Leaf Extract, Vitis Vinifera (Grape) Seed Extract",134,11962,1.4,0.0,https://www.sephora.com/product/oxygen-facial-flash-recovery-mask-P395390?icid2=products%20grid:p395390,1.4,50.0
#GLITTERMASK GRAVITYMUD™ Firming Treatment Mask,GLAMGLOW,facial-treatment-masks,59.0,"Polyvinyl Alcohol, Polyethylene Terephthalate, Alcohol Denat., Butylene Glycol, Glycerin, Hamamelis Virginiana (Witch Hazel) Montmorillonite, Illite, Canadian Colloidal Clay, Dipotassium Glycyrrhizate, Althaea Officinalis Leaf Extract, Porphyridium Cruentum Extract, Chondrus Crispus (Carrageenan), Ascophyllum Nodosum Powder, Sodium Hyaluronate, Lecithin, Pullulan, Soy Isoflavones, Ethylhexylglycerin, Peg12 Dimethicone, Polyurethane11, Polymethylsilsesquioxane, Polysorbate 20, Polysorbate 80, Xanthan Gum, Hydroxypropyl Methylcellulose, Tapioca Starch, Platinum Powder, Caprylyl Glycol, Pentylene Glycol, Alcohol, Citric Acid, Fragrance, Coumarin, Disodium Edta, Phenoxyethanol, Sorbic Acid, Potassium Sorbate, Aluminum Powder (Ci 77000), Black 2 (Ci 77266), Iron Oxides (Ci 77499) <iln44845></iln44845>",79,7211,0.0,0.0,https://www.sephora.com/product/glittermask-gravitymud-tm-firming-treatment-P425726?icid2=products%20grid:p425726,2.447428571428571,24.106934391781465
First Care Activating Mask,Sulwhasoo,facial-treatment-masks,60.0,"Glycyrrhiza Uralensis (Licorice) Root Extract, Propanediol, Butylene Glycol, Glycerin, Betaine, Camellia Sinensis Leaf Extract, Paeonia Albiflora Root Extract, Nelumbo Nucifera Flower Extract, Polygonatum Officinale Rhizome/Rootextract, Lilium Candidum Bulb Extract, Rehmannia Glutinosa Root Extract, Honey / Mel / Miel, Ophiopogon Japonicus Root Extract, Juglans Regia (Walnut) Seed Extract, Portulaca Oleracea Extract, Zizyphus Jujuba Fruit Extract, Biosaccharide Gum1, Natto Gum, Peg/ Ppg17/6 Copolymer, 1,2Hexanediol, Glyceryl Polymethacrylate, Bispeg18 Methyl Ether Dimethyl Silane, Carbomer, Peg60 Hydrogenated Castor Oil, Dextrin, Theobroma Cacao (Cocoa) Extract, Xanthan Gum, Ethylhexylglycerin, Tromethamine, Disodium Edta, Phenoxyethanol, Fragrance/Parfum.",2,342,0.0,0.0,https://www.sephora.com/product/first-care-activating-mask-P450631?icid2=products%20grid:p450631,2.447428571428571,24.515526500116746
Drink Up™ 10 Minute Hydrating Mask with Apricot & Swiss Glacier Water,Origins,facial-treatment-masks,26.0,"Caprylic/Capric Triglyceride,  Prunus Armeniaca (Apricot) Kernel Oil, Squalane, Glycerin,  Butylene Glycol, Isopropyl Isostearate, Peg100 Stearate,  Glyceryl Stearate, Niacinamide, Hydroxyethyl Urea, Cetearyl Alcohol,  Polysorbate 60, Citrus Aurantium Amara (Bitter Orange)Leaf/Twig Oil*, Citrus Aurantium Dulcis (Orange) Peel Oil*, Ricinus Communis (Castor) Seed Oil, Osmanthus Fragrans Flower Extract,  Rosa Damascena Extract,  Ribes Nigrum Bud Extract, Cinnamomum Camphora (Camphor) Leaf Extract,  Benzaldehyde, Hexenyl Acetate, GammaDecalactone, Ionone, Ethyl Acetate, Alcohol, Linalool, Limonene,  Oryza Sativa (Rice) Bran Oil, Hypnea Musciformis (Algae) Extract,   Gelidiella Acerosa Extract, Sorbitol, Caffeine,  Algae Extract , Caprylyl Glycol, Trehalose,  Sodium Hyaluronate,  Carbomer, Sodium Acrylates/Acrylonitrogens Copolymer,  Hexylene Glycol, Potassium Hydroxide, Sodium Dehydroacetate  Phenoxyethanol. *Essential Oil.",304,4696,0.0,2.5,https://www.sephora.com/product/drink-up-10-minute-hydrating-mask-with-apricot-swiss-glacier-water-P440927?icid2=products%20grid:p440927,2.5,10.4
Daintree AHA Brightening Mask,Dr Roebuck's,facial-treatment-masks,28.0,"Purified Kaolin, Quartz, Cetearyl Olivate, Sorbitan Olivate, Glycerin, Helianthus Annuus (Sunflower) Seed Oil, Simmondsia Chinensis (Jojoba) Seed Oil, Caprylic/Capric Triglyceride, Cetearyl Alcohol, Alcohol, Microcitrus Australasica Fruit Extract, Cetearyl Glucoside, Terminalia Ferdinandiana (Kakadu Plum) Fruit Extract, Vaccinium Myrtillus Extract, Saccharum Officinarum (Sugar Cane) Extract, Acer Saccharinum (Sugar Maple) Extract, Citrus Aurantium Dulcis (Orange) Fruit Extract, Citrus Limon (Lemon) Extract, Canola Oil, Castor Oil, Polyhydroxystearic Acid, Candelilla Wax, Sunflower Wax, Tocopheryl Acetate (Vitamin E), Camelina Sativa Seed Oil, Caprylyl Glycol, Phenoxyethanol, Xanthan Gum, Butyrospermum Parkii (Shea) Butter, Citrus Aurantifolia (Lime) Oil, Sodium Copper Chlorophyllin.",15,2722,1.69,0.0,https://www.sephora.com/product/daintree-aha-brightening-mask-P430831?icid2=products%20grid:p430831,1.69,16.568047337278106
Luminizing Pink Charcoal Mask,boscia,facial-treatment-masks,34.0,"Polyvinyl Alcohol, Hamamelis Virginiana (Witch Hazel) Glycereth26, Butylene Glycol, Glycerin, Pentylene Glycol, Montmorillonite, Polysorbate 20, Acrylates/Palmeth25 Acrylate Copolymer, Acrylates Copolymer, Lonicera Japonica (Honeysuckle) Flower Extract, Xanthan Gum, Ascorbyl Glucoside, Lonicera Caprifolium (Honeysuckle) Flower Extract, Diglycerin, Simmondsia Chinensis (Jojoba) Seed Extract, Epilobium Angustifolium Flower/Leaf/Stem Extract, Pinus Pinaster Bark Extract, Rosmarinus Officinalis (Rosemary) Leaf Oil, Eucalyptus Globulus Leaf Oil, Charcoal Powder, Titanium Dioxide (CI 77891), Carmine (CI 75470).",264,41414,2.8,0.0,https://www.sephora.com/product/luminizing-pink-mask-P424981?icid2=products%20grid:p424981,2.8,12.142857142857144
Cannabis Sativa Seed Oil Hydrating Face Mask,MILK MAKEUP,facial-treatment-masks,26.0,"Aloe Barbadensis Leaf Juice, Glycerin, Kaolin, Propylene Glycol, Sodium Stearate, Sorbitan Stearate, Disteardimonium Hectorite, Phenoxyethanol, Sodium Hydroxide, Cannabis Sativa (Hemp) Seed Oil, Gellan Gum, Ethylhexylglycerin, Stearic Acid, Tocopheryl Acetate, Helianthus Annuus (Sunflower) Seed Oil, Butylene Glycol, Silybum Marianum Extract, Rosmarinus Officinalis (Rosemary) Leaf Extract, Arnica Montana Flower Extract, Calendula Officinalis Flower Extract, Salvia Officinalis (Sage) Leaf Extract, Sodium Benzoate, Potassium Sorbate, Chlorphenesin, Sorbic Acid, Benzoic Acid, Chromium Oxide Greens (Ci 77288).",73,16419,0.0,0.0,https://www.sephora.com/product/cannabis-hydrating-face-mask-P443305?icid2=products%20grid:p443305,2.447428571428571,10.623394816717257
Keep on Masking Face Mask Holder,SEPHORA COLLECTION,facial-treatment-masks,8.0,"Aloe Barbadensis Leaf Juice, Glycerin, Kaolin, Propylene Glycol, Sodium Stearate, Sorbitan Stearate, Disteardimonium Hectorite, Phenoxyethanol, Sodium Hydroxide, Cannabis Sativa (Hemp) Seed Oil, Gellan Gum, Ethylhexylglycerin, Stearic Acid, Tocopheryl Acetate, Helianthus Annuus (Sunflower) Seed Oil, Butylene Glycol, Silybum Marianum Extract, Rosmarinus Officinalis (Rosemary) Leaf Extract, Arnica Montana Flower Extract, Calendula Officinalis Flower Extract, Salvia Officinalis (Sage) Leaf Extract, Sodium Benzoate, Potassium Sorbate, Chlorphenesin, Sorbic Acid, Benzoic Acid, Chromium Oxide Greens (Ci 77288).",25,2568,0.0,0.0,https://www.sephora.com/product/keep-on-masking-face-mask-holder-P444015?icid2=products%20grid:p444015,2.447428571428571,3.2687368666822327
Shake & Shot™ Rubber Hydro Mask,Dr. Jart+,facial-treatment-masks,12.0,"Dipropylene Glycol, Panthenol, Adansonia Digitata Leaf Extract, Pseudoalteromonas Ferment Extract, Viola Mandshurica Flower Extract, Proline, Alanine, Serine, Sodium Phosphate, Sodium Hydroxide, PEG60 Hydrogenated Castor Oil, Gardenia Florida Fruit Extract, Citrus Aurantium Bergamia (Bergamot) Fruit Oil, Butylene Glycol, Coptis Japonica Extract, Glycerin, 1,2Hexanediol, Xanthan Gum, Caprylyl Glycol, Phenoxyethanol, Ethylhexylglycerin.",55,0,0.0,0.0,https://www.sephora.com/product/shake-shot-rubber-hydro-mask-P428654?icid2=products%20grid:p428654,2.447428571428571,4.903105300023348
Charcoal Pore Pudding Intensive Wash-Off Treatment,boscia,facial-treatment-masks,38.0,"Diglycerin, Glycerin, Corn Starch, Montmorillonite, Kaolin, Talc, Ethylhexylglycerin, Hydroxyacetophenone, Polysorbate 20, Acrylates Copolymer, Ammonium Acryloyldimethyltaurate/VP Copolymer, Kappaphycus Alvarezii Extract, Butylene Glycol, PVP, Pelargonium Graveolens Flower Oil, Simmondsia Chinensis (Jojoba) Seed Extract, Sodium Hyaluronate, Sea Caprylic/Capric Triglyceride, Epilobium Angustifolium Flower/Leaf/Stem Extract, Charcoal Powder, Salicornia Herbacea Extract, Titanium Dioxide (CI 77891).",818,42763,2.8,0.0,https://www.sephora.com/product/charcoal-pore-pudding-intensive-wash-off-treatment-P404425?icid2=products%20grid:p404425,2.8,13.571428571428573
GLAMGLOW X MY LITTLE PONY #GLITTERMASK GRAVITYMUD™ Firming Treatment Mask,GLAMGLOW,facial-treatment-masks,59.0,"Vizitight (Firming Matrix, Marine Algae Plasma, and Biodefine Polymers): Delivers tighterlooking skin.",214,32513,1.7,0.0,https://www.sephora.com/product/glittermask-gravitymud-firming-treatment-my-little-pony-P429511?icid2=products%20grid:p429511,1.7,34.705882352941174
Matcha Detoxifying Face Mask,MILK MAKEUP,facial-treatment-masks,26.0,"Glycerin, Kaolin, Propylene Glycol, Sodium Stearate, Disteardimonium Hectorite, Phenoxyethanol, Sodium Hydroxide, Gellan Gum, Ethylhexylglycerin, Cocamidopropyl Dimethylamine, Stearic Acid, Salicylic Acid, Opuntia FicusIndica (Prickly Pear) Seed Oil, Helianthus Annuus (Sunflower) Seed Oil, Saccharomyces/Xylinum/Black Tea Ferment, Hamamelis Virginiana (Witch Hazel) Vinegar (Acetum/Vinaigre), Hydrogenated Vegetable Oil, Prunus Amygdalus Dulcis (Sweet Almond) Oil, Alcohol, Rosmarinus Officinalis (Rosemary) Leaf Extract, Camellia Sinensis (Green Tea) Leaf Powder, Lens Culinaris (Lentil) Fruit Extract, Potassium Sorbate, Sodium Benzoate, Tocopherol, Polygonum Multiflorum Root Extract, Chrysanthemum Morifolium Flower Extract, Titanium Dioxide (Ci 77891), Chromium Oxide Greens (Ci 77288).",81,14146,0.0,0.0,https://www.sephora.com/product/matcha-detoxifying-face-mask-P440023?icid2=products%20grid:p440023,2.447428571428571,10.623394816717257
SUPERMASK - The Mud Mask,SEPHORA COLLECTION,facial-treatment-masks,6.0,"Illite, Montmorillonite, Propanediol, Kaolin, Cetyl Alcohol, Dimethicone, Citric Acid, Glycerin, Benzyl Glycol, Panthenol, Glyceryl Stearate, PEG100 Stearate, 1,2Hexanediol, Polyacrylamide, Phenoxyethanol, Dipotassium Glycyrrhizate, Ethylhexylglycerin, Allantoin, C1314 Isoparaffin, Saccharide Isomerate, Xanthan Gum, Fragrance, Disodium EDTA, Laureth7, Raspberry Ketone, Sodium Citrate, Tocopherol.",58,6620,0.0,0.0,https://www.sephora.com/product/mud-mask-P432423?icid2=products%20grid:p432423,2.447428571428571,2.451552650011674
MOISTURE BOUND Sleeping Recovery Mask,AMOREPACIFIC,facial-treatment-masks,60.0,"Phyllostachis Bambusoides Juice, Panax Ginseng Root Extract, Butylene Glycol, Alcohol, Glycerin, Dimethicone, Squalane, Cyclopentasiloxane, Glycereth26, Camellia Sinensis Leaf Extract, Cyclohexasiloxane, Hydrolyzed Camellia Sinensis Leaf, Hydrolyzed Phyllostachis Bambusoides, Nelumbo Nucifera Flower Extract, Opuntia Coccinellifera Fruit Extract, Glycine Soja (Soybean) Seed Extract, Magnesium Aspartate, Zinc Gluconate, Copper Gluconate, Calcium Gluconate, Zingiber Officinale (Ginger) Root Extract, Tricholoma Matsutake Extract, Daucus Carota Sativa (Carrot) Root Extract, Camellia Sinensis Flower Extract, Lactobacillus/Water Hyacinth Ferment, Theanine, Epigallocatechin Gallate, Acetyl Glucosamine, Sodium Hyaluronate, Tocopherol, Kaempferol, Betaine, BetaGlucan, Niacinamide, Natto Gum, Peg60 Hydrogenated Castor Oil, Polysilicone11, Acrylates/C1030 Alkyl Acrylate Crosspolymer, Dimethiconol, Ammonium Acryloyldimethyltaurate/Vp Copolymer, Hydroxyethylcellulose, Propanediol, Xanthan Gum, Dipotassium Glycyrrhizate, Stearyl Behenate, Polyglyceryl3 Methylglucose Distearate, Peg15 Pentaerythrityl Tetra(Laureth6 Carboxylate), Caffeine, Mannitol, Phytantriol, Hydroxypropyl Bispalmitamide Mea, Poloxamer 407, Inulin Lauryl Carbamate, Polysorbate 20, Ethylhexylglycerin, Potassium Hydroxide, Disodium Edta, Phenoxyethanol, Fragrance.",180,7854,3.38,0.0,https://www.sephora.com/product/moisture-bound-sleeping-recovery-mask-P296442?icid2=products%20grid:p296442,3.38,17.75147928994083
Skin Purifying Mask,Proactiv,facial-treatment-masks,38.0,"Kaolin, Glycereth26, Linoleic Acid, Cetearyl Alcohol, Magnesium Aluminum Silicate, Synthetic Wax,Ceteareth20, Sodium Lauroyl Sarcosinate, Linolenic Acid, Tocopherol, Tocopheryl Acetate, Melaleuca Alternifolia (Tea Tree) Leaf Oil,Cymbopogon Schoenanthus Extract, Geranium Maculatum Extract, Hydrated Silica, Ethoxydiglycol, Tetrasodium Edta, SodiumSulfate, Butylene Glycol, Phenoxyethanol, Fragrance, Titanium Dioxide, Zinc Oxide, Chromium Hydroxide Green.",78,1635,3.0,0.0,https://www.sephora.com/product/skin-purifying-mask-P440062?icid2=products%20grid:p440062,3.0,12.666666666666666
Gel Mask Hydrating & Quenching,SEPHORA COLLECTION,facial-treatment-masks,20.0,"Dimethicone, Glycerin, Sodium Chloride, Dimethicone/PEG10/15 Crosspolymer, Phenoxyethanol, PEG10 Dimethicone, Fragrance, Alcohol, Crithmum Maritimum Extract, Dipropylene Glycol, Zinc Gluconate, Magnesium Aspartate, Sodium Hyaluronate, Citric Acid, Sodium Citrate, Sodium Benzoate, Potassium Sorbate, Copper Gluconate, Tocopherol, CI 42090 (Blue 1), CI 60730 (Ext. Violet 2).",114,9836,0.0,2.0,https://www.sephora.com/product/gel-mask-P418360?icid2=products%20grid:p418360,2.0,10.0
Call It A Night Activated Mask,FOREO,facial-treatment-masks,9.99,"Methylpropanediol, Glycerin, 1,2Hexanediol, Panthenol, Hydroxyacetophenone, Betaine, Carbomer, Arginine, Hydroxyethyl Acrylate/Sodium Acryloyldimethyl Taurate Copolymer, Butylene Glycol, Olea Europaea (Olive) Fruit Oil, Hydroxyethylcellulose, Dipropylene Glycol, Fragrance, Sorbitan Isostearate, Polysorbate 60, Crataegus Oxyacantha Fruit Extract, Gelidium Cartilagineum Extract, Panax Ginseng Root Extract.",10,2933,0.0,0.0,https://www.sephora.com/product/call-it-night-revitalizing-nourishing-ufo-tm-activated-mask-P433466?icid2=products%20grid:p433466,2.447428571428571,4.081835162269438
Ginger Leaf & Hibiscus Firming Mask,Kiehl's Since 1851,facial-treatment-masks,54.0,"PVP, Propanediol, Behenyl Alcohol, Caprylic/Capric Triglyceride, Isoamyl Laurate,Mangifera Indica Seed Butter/Mango Seed Butter, Butyrospermum Parkii Butter/Shea Butter, Butyrospermum Parkii Oil/Shea Oil, Pullulan, Arachidyl Alcohol, Euphorbia Cerifera Cera/Candelilla Wax, Cetearyl Alcohol, Glycerin, Butylene Glycol, CocoGlucoside, Paeonia Suffruticosa Root Extract, Scutellaria Baicalensis Root Extract, Prunus Amygdalus Dulcis Oil/Sweet Almond Oil, Hibiscus Esculentus Seed Extract, Sodium Polyacrylate, Acrylates/C1030 Feel the instant firming effect of our indulgent velvety cream mask. Formulated with Hibiscus, whose flower is Alkyl Acrylate Crosspolymer, Arachidyl Glucoside, Ethylhexylglycerin, PEG100 Stearate,Lavandula Angustifolia Oil/Lavender Oil, CorallinaOfficinalis Extract, Curcuma Longa Root Extract/Turmeric Root Extract, Elettaria Cardamomum Seed Oil, Salvia Sclarea Extract/Clary Extract, Moringa Oleifera Seed Oil, Ocimum Basilicum Flower/Leaf Extract  Basil Flower/Leaf Extract, Dipteryx Odorata Seed Extract, Cistus Ladaniferus Leaf/Stem Extract, Coumarin, Ocimum Sanctum Leaf Extract, Citral, Rosa Damascena Extract, Vanilla Planifolia Fruit Extract, Tocopherol,Citric Acid.",92,9003,3.4,0.0,https://www.sephora.com/product/ginger-leaf-hibiscus-firming-mask-P429520?icid2=products%20grid:p429520,3.4,15.882352941176471
After-Sun Mask - Watermelon,SEPHORA COLLECTION,facial-treatment-masks,5.0," Glycerin, Dipropylene Glycol,  Methylpropanediol, Glycereth26,  Dipotassium Glycyrrhizate, PEG/PPG17/6 Copolymer, Saccharide Isomerate, Hydroxyethyl Urea,  PEG32, 1,2Hexanediol, Phenoxyethanol, Arginine, Carbomer, Inositol, Panthenol,  Hydroxyethyl Acrylate/Sodium Acryloyldimethyl Taurate Copolymer, Coceth7, PPG1PEG9 Lauryl Glycol Ether,  Xanthan Gum, Fragrance, Ethylhexylglycerin, PEG40 Hydrogenated Castor Oil, Disodium EDTA, Glyceryl Polyacrylate, Citrullus Lanatus (Watermelon) Fruit Extract,  Sodium Hyaluronate,  Polysorbate 60, Sorbitan Isostearate,  Citric Acid, Sodium Citrate, Potassium Sorbate, Sodium Benzoate,Tocopherol.",166,16451,0.0,0.0,https://www.sephora.com/product/after-sun-mask-P429726?icid2=products%20grid:p429726,2.447428571428571,2.042960541676395
Face Mask,Dr. Barbara Sturm,facial-treatment-masks,120.0,"Kaolin, Glycerin, Prunus Amygdalus Dulcis (Sweet Almond) Oil,  Lactobacillus/Portulaca Oleracea Ferment Extract, Decyl Oleate, Xanthan Gum, Tocopheryl Acetate, Aloe Barbadensis Leaf Juice, Phenoxyethanol, Acrylates/C1030 Alkyl Acrylate Crosspolymer, Butylene Glycol, Chamomilla Recutita (Matricaria) Flower Extract, Sodium Hydroxide, Ethylhexylglycerin, Leuconostoc/Radish Root Ferment Filtrate.",8,967,1.69,0.0,https://www.sephora.com/product/dr-barbara-sturm-face-mask-P448711?icid2=products%20grid:p448711,1.69,71.00591715976331
Kaolin Mask,The INKEY List,facial-treatment-masks,6.99,"Kaolin, Glycerin, Caprylic/Capric Triglyceride, Cetearyl Alcohol, Cetearyl Olivate, Helianthus Annuus (Sunflower) Seed Oil, Magnesium Aluminum Silicate, Phenoxyethanol, Sorbitan Olivate, Glyceryl Stearate SE, Stearic Acid, Benzyl Alcohol, Aloe Barbadensis Leaf Juice Powder, Sodium Stearoyl Glutamate, Centella Asiatica Leaf Extract, Ethylhexylglycerin, Tocopherol, Tocopheryl Acetate, Xanthan Gum, Chondrus Crispus (Carrageenan) Extract, Dehydroacetic Acid, Trisodium Ethylenediamine Disuccinate, Lithothamnium Calcarum Extract, Sodium Hydroxide, Potassium Sorbate, Sodium Benzoate.",88,3646,1.7,0.0,https://www.sephora.com/product/kaolin-mask-P443837?icid2=products%20grid:p443837,1.7,4.111764705882353
Clearing Mask,Indie Lee,facial-treatment-masks,60.0,"Bentonite, Zinc Oxide, Colloidal Sulfur, Propanediol, Glycolic Acid, Salicylic Acid, Hyaluronic Acid, Camphor, Cetyl Alcohol, Glyceryl Stearate, Chondrus Crispus Extract, Anthemis Nobilis Flower Extract, Titanium Dioxide, Limonene, Ethylhexylglycerin, Potassium Sorbate.",37,6077,1.7,0.0,https://www.sephora.com/product/clearing-mask-P433891?icid2=products%20grid:p433891,1.7,35.294117647058826
H2 Elemental Energy Firming Foam Mask,Perricone MD,facial-treatment-masks,50.0,"Glycerin, Sodium Cocoyl Isethionate, Bentonite, Cocamidopropyl Betaine, Saccharide Isomerate, Disiloxane, Decyl Glucoside, Betaine, Dunaliella Salina Extract, Phosphatidylcholine, Sodium Borohydride, Perfluorohexane, Perfluoromethylcyclopentane, Perfluorodecalin, Disodium Adenosine Triphosphate, Octyldodecyl PCA, Menthyl PCA, Algin, Carica Papaya Fruit Extract, PEG40 Hydrogenated Castor Oil, Coconut Acid, Sodium Chloride, 1,2Hexanediol, Caprylyl Glycol, PEG150 Pentaerythrityl Tetrastearate, Xanthan Gum, Acrylates/C1030 Alkyl Acrylate Crosspolymer, Sodium Isethionate, Butylene Glycol, PEG6 Caprylic/Capric Glycerides, Potassium Hydroxide, Disodium EDTA, Sodium Hydroxide, Citric Acid, Sodium Citrate, Phenoxyethanol",20,2116,3.3,0.0,https://www.sephora.com/product/h2-elemental-energy-firming-foam-mask-P418315?icid2=products%20grid:p418315,3.3,15.151515151515152
Youth Junkie Activated Mask,FOREO,facial-treatment-masks,19.99,"Glycerin, Cetyl Ethylhexanoate, Butylene Glycol, Decyl Cocoate, Hydrolyzed Collagen, Butyrospermum Parkii (Shea) Butter, Olea Europaea (Olive) Fruit Oil, Simmondsia Chinensis (Jojoba) Seed Oil, Tocopheryl Acetate, Tremella Fuciformis Sporocarp Extract, Carnosine, Palmitoyl Tripeptide5, Panthenol, Allantoin, Dipotassium Glycyrrhizate, Adenosine, Glycereth26, Hydroxyacetophenone, Cetearyl Alcohol, Glyceryl Stearate, PEG100 Stearate, Polysorbate 60, Tromethamine, Caprylic/Capric Glycerides, Sorbitan Stearate, Acrylates/C1030 Alkyl Acrylate Crosspolymer, Carbomer, Caprylyl Glycol, Xanthan Gum, Ethylhexylglycerin, Fragrance.",10,1989,0.0,0.0,https://www.sephora.com/product/youth-junkie-mask-P436346?icid2=products%20grid:p436346,2.447428571428571,8.167756245622227
Shake & Shot™ Rubber Purifying Mask with Spirulina,Dr. Jart+,facial-treatment-masks,12.0,"Dipropylene Glycol, Ascorbic Acid, Apium Graveolens (Celery) Stem Extract, Brassica Oleracea Acephala Leaf Extract, Cichorium Intybus (Chicory) Leaf Extract, Laminaria Japonica Extract, Enteromorpha Compressa Extract, Spirulina Platensis Extract, Undaria Pinnatifida Extract, Gelidium Cartilagineum Extract, PEG60 Hydrogenated Castor Oil, Coptis Japonica Extract, Butylene Glycol, Citrus Aurantium Bergamia (Bergamot) Fruit Oil, Gardenia Florida Fruit Extract, 1,2Hexanediol, Maltodextrin, Phenoxyethanol, Ethylhexylglycerin.",14,5224,0.0,0.0,https://www.sephora.com/product/shake-shot-rubber-purifying-mask-with-spirulina-P440285?icid2=products%20grid:p440285,2.447428571428571,4.903105300023348
Clarifying AHA + BHA Mask,Tata Harper,facial-treatment-masks,72.0,"Honey, Kaolin, Sage Flower/Leaf/Stem Extract*, Rye Flour, L (+) Lactic Acid, Willow Bark Extract, Lavender Flower/Leaf/Stem Water*, Maranta Arundinacea Root Extract, Bentonite, Aroma**, Glyceryl Undecylenate, Pyrus Malus (Apple) Seed Oil, Glycerin, Hydrated Silica, Oenothera Biennis (Evening Primrose) Oil*, Santalum Spicatum (Sandalwood) Seed Oil, Lannea Microcarpa Fruit Extract, Tasmannia Lanceolata Fruit/Leaf Extract, Chlorella Pyrenoidosa, Vaccinium Myrtillus Fruit / Leaf Extract, Gaultheria Procumbens (Wintergreen) Leaf Extract, Saccharum Officinarum (Sugar Cane) Extract, Citrus Aurantium Dulcis (Orange) Fruit Extract, Lemon Fruit Extract, Acer Saccharum (Sugar Maple) Extract, Olea Europaea (Olive) Oil*, Borago Officinalis (Borage) Oil, Arnica Montana (Arnica) Extract*, Borago Officinalis (Borage) Leaf Extract*, Calendula Officinalis (Calendula) Flower Extract*, Medicago Sativa (Alfalfa) Extract*, Spiraea Ulmaria (Meadowsweet) Extract*, Sambucus Nigra Fruit Extract, AlphaGlucan Oligosaccharide, Glyceryl Caprylate, Sodium Citrate, Sodium Phytate, CI 77288, Linalool, Limonene, Geraniol, Citronellol, Citral, Eugenol, Methyl Eugenol.*Ingredients from organic farming. **Clinical grade essential oils blend.",228,12976,1.0,0.0,https://www.sephora.com/product/clarifying-mask-P420143?icid2=products%20grid:p420143,1.0,72.0
Extra-Firming Mask,Clarins,facial-treatment-masks,77.0,"Glycerin, Caprylic/Capric Triglyceride, Alcohol, Jojobaesters, Butyrospermum Parkii (Shea) Butter, Polyglycerin3, Palmitoylglycine, Pentaerythrityl Tetraisostearate, Glyceryl Stearate Se, Phenoxyethanol. Acrylates/C1030 Alkyl Acrylate Crosspolymer, Fragrance, Butyleneglycol, Ethylhexylglycerin, Sodium Polyacrylate, Tocopheryl Acetate, Sodiumhydroxide, Sodium Hyaluronate, Acacia Decurrens Flower Wax, Helianthusannuus (Sunflower) Seed Wax, Musa Sapientum (Banana) Fruit Extract, Thymuscitriodorus Flower/Leaf Extract, Malpighia Emarginata (Acerola) Seed Extract. Furcellaria Lumbricalis Extract, Ci 17200/Red 33, Potassium Sorbate, Ci 42090/Blue 1, Sea Salt.",10,2904,2.5,0.0,https://www.sephora.com/product/extra-firming-mask-P410657?icid2=products%20grid:p410657,2.5,30.8
Hydra Life Glow Better Fresh Jelly Mask,Dior,facial-treatment-masks,69.0,Apricot Seed Powder: Provides gentle physical exfoliation.,68,10542,1.8,0.0,https://www.sephora.com/product/hydra-life-glow-better-fresh-jelly-mask-P417605?icid2=products%20grid:p417605,1.8,38.333333333333336
Pomegranate AHAs & Enzymes Resurfacing Mask,KORRES,facial-treatment-masks,34.0,"Glycerin, Jojoba Esters, Alcohol Denat., Glycolic Acid, Distarch Phosphate, Kaolin, Punica Granatum Seed Powder, Simmondsia Chinensis (Jojoba) Seed Oil, Isononyl Isononanoate, Oryza Sativa (Rice) Bran Oil, Pentylene Glycol, Cetearyl Alcohol, Glyceryl Stearate Citrate, Helianthus Annuus (Sunflower) Seed Wax, Sodium Hydroxide, Salix Alba (Willow) Bark Extract, Caprylyl Glycol, Citrus Aurantifolia (Lime) Fruit Extract, Glyceryl Caprylate, Hamamelis Virginiana (Witch Hazel) Leaf Extract, Lactic Acid, Lactobacillus/Punica Granatum Fruit Ferment Extract, Leuconostoc/Radish Root Ferment Filtrate, Panthenol, Parfum/Fragrance, Phenoxyethanol, Potassium Sorbate, Sodium Benzoate, Sodium Polyacrylate, Tetrasodium Glutamate Diacetate, Xanthan Gum.",2000,9142,2.54,0.0,https://www.sephora.com/product/pomegranate-aha-enzymes-resurfacing-mask-P430949?icid2=products%20grid:p430949,2.54,13.385826771653543
Bright On Massage-Activated Vitamin C Mask,Farmacy,facial-treatment-masks,38.0,"Aloe Barbadensis Leaf Juice, Kaolin, Glycerin, Bentonite, Pyrus Malus (Apple) Fruit Extract, Propanediol, Titanium Dioxide (Ci 77891), Sorbitol, 1,2Hexanediol, Lauroyl Lysine, Chromium Oxide Greens, Maltooligosyl Glucoside, Xanthan Gum, Echinacea Purpurea Root Extract, Ascorbyl Tetraisopalmitate, Ascorbic Acid, Citrus Aurantium Dulcis (Orange) Fruit Extract, Citrus Limon (Lemon) Fruit Extract, Citrus Aurantifolia (Lime) Oil, Vaccinium Myrtillus Fruit/Leaf Extract, Vaccinium Angustifolium (Blueberry) Fruit Extract, Lavandula Angustifolia (Lavender) Oil, Acer Saccharum (Sugar Maple) Extract, Centella Asiatica Extract, Saccharum Officinarum (Sugarcane) Extract, Glycyrrhiza Glabra (Licorice) Root Extract, Lavandula Hybrida Oil, Rosmarinus Officinalis (Rosemary) Leaf Extract, Cucumis Sativus (Cucumber) Fruit Extract, Brassica Oleracea Acephala Leaf Extract, Brassica Oleracea Italica (Broccoli) Extract, Camellia Sinensis Leaf Extract, Mentha Piperita (Peppermint) Oil, Rosmarinus Officinalis (Rosemary) Leaf Oil, Citrus Aurantium Dulcis (Orange) Peel Oil, Anthemis Nobilis Flower Oil, Chamomilla Recutita (Matricaria) Flower Extract, Aloe Barbadensis Leaf Extract, Tocopherol, Betaine, Zingiber Officinale (Ginger) Root Oil, Hydrogenated Starch Hydrolysate, Perilla Ocymoides Seed Oil, Helianthus Annuus (Sunflower) Seed Oil, Trisodium Ethylenediamine Disuccinate, Citrus Aurantium Bergamia (Bergamot) Fruit Oil, Cananga Odorata Flower Oil, Cymbopogon Martini Oil, Pelargonium Graveolens Oil, Pogostemon Cablin Oil, Sclerotium Gum, Pullulan, Polygonum Cuspidatum Root Extract, Scutellaria Baicalensis Root Extract, Abies Sibirica Oil, Cellulose Gum, Sucrose, Mica, Pentaerythrityl TetraDiTButyl Hydroxyhydrocinnamate, Potassium Sorbate, Ethylhexylglycerin, Manganese Violet, Polyglyceryl10 Laurate, Cellulose Acetate Butyrate, Caprylic/Capric Triglyceride, Citric Acid, Polyglyceryl10 Myristate, Acrylates Copolymer, Sodium Benzoate, Algin, Bioflavonoids, Limonene, Linalool.",302,24936,1.7,0.0,https://www.sephora.com/product/bright-on-massage-activated-vitamin-c-mask-with-echinacea-greenenvy-P432257?icid2=products%20grid:p432257,1.7,22.35294117647059
Super Collagen Mask,Mario Badescu,facial-treatment-masks,18.0,"Kaolin, Talc, Propylene Glycol, Avena Sativa (Oat) Kernel Flour, Sorbitol, Zinc Oxide, Triticum Vulgare (Wheat) Starch, Collagen, Cellulose Gum, Carrageenan, Sodium Chloride, Fragrance, Methylparaben, Phenoxyethanol, CI 42090 (Blue 1), CI 19140 (Yellow 5)",13,5853,2.0,0.0,https://www.sephora.com/product/mario-badescu-super-collagen-mask-P440500?icid2=products%20grid:p440500,2.0,9.0
INSTAMUD™ 60 Second Pore-Refining Treatment Mask,GLAMGLOW,facial-treatment-masks,42.0,"Aloe Barbadensis Leaf Juice, Sodium C1416 Olefin Sulfonate, Bentonite, Glycerin, Kaolin, Hamamelis Virginiana (Witch Hazel) Caprylic/Capric Triglyceride, Ethyl Perfluorobutyl Ether, Sodium Cocoamphoacetate, Cocamidopropyl Betaine, Ethyl Perfluoroisobutyl Ether, Niacinamide, Sodium Hyaluronate, Avena Sativa (Oat) Kernel Extract, Pyrus Malus (Apple) Fruit Extract, Allantoin, Acetyl Glucosamine, Bisabolol, Dipotassium Glycyrrhizate, Ethylhexylglycerin, Menthol, Ppg26Buteth26, Cocamidopropyl Hydroxysultaine, Sodium Chloride, Xanthan Gum, Butyl Methoxydibenzoylmethane, Ethylhexyl Salicylate, Ethylhexyl Methoxycinnamate, Pentylene Glycol, Citric Acid, Propanediol, Peg40 Hydrogenated Castor Oil, BHT, Chlorphenesin, Phenoxyethanol, Potassium Sorbate, Titanium Dioxide (Ci 77891), Ext. Violet 2 (ci 60730).",426,24783,1.7,0.0,https://www.sephora.com/product/instamud-60-second-pore-refining-treatment-P432253?icid2=products%20grid:p432253,1.7,24.705882352941178
Shake & Shot™ Rubber Brightening Mask,Dr. Jart+,facial-treatment-masks,12.0,"Niacinamide, Niacinamide, Calcium Pantothenate, Sodium Ascorbyl Phosphate, Tocopheryl Acetate, Pyridoxine HCl, Sodium Starch Octenylsuccinate, Maltodextrin, Silica, Hippophae Rhamnoides Fruit Extract, Glycerin, Butylene Glycol, Phenoxyethanol, Citrus Paradisi (Grapefruit), Fruit Extract, 1,2Hexanediol, Butylene Glycol, PVP, Fullerenes, Dipropylene Glycol, PEG60 Hydrogenated Castor Oil, Phenoxyethanol, Ethylhexylglycerin, Citrus Aurantium Bergamia (Bergamot) Fruit Oil, Butylene Glycol, Coptis Japonica Extract, Cyanocobalamin",17,0,0.0,0.0,https://www.sephora.com/product/shake-shot-rubber-brightening-mask-P428655?icid2=products%20grid:p428655,2.447428571428571,4.903105300023348
Pore Cleaner Bubble Foam,belif,facial-treatment-masks,36.0,Moringa Oil Extract: Powerful antioxidant known for its detoxifying and antibacterial properties.,709,5495,3.38,0.0,https://www.sephora.com/product/pore-cleaner-bubble-foam-P431842?icid2=products%20grid:p431842,3.38,10.650887573964498
Pore Cleansing Clay Mask,Erno Laszlo,facial-treatment-masks,48.0,"Calamine, Kaolin, Glycerin, Glyceryl Stearate, Bentonite, Pentylene Glycol, Montmorillonite, Caprylic/Capric Triglyceride, Chondrus Crispus (Carrageenan) Extract, Polyacrylamide, Saccharum Officinarum (Sugar Cane) Extract, C1314 Isoparaffin, Xanthan Gum, Caprylyl Glycol, Ethylhexylglycerin, Laureth7, Propylene Glycol, Butylene Glycol, Disodium Edta, Rosa Damascena Flower Fragrance, Red 4 (Ci 14700), Malic Acid, Citric Acid, Ascorbic Acid, Hibiscus Sabdariffa Flower Extract, Red 33 (Ci 17200), Tartaric Acid, Crataegus Monogyna Flower Extract, Sodium Benzoate, Origanum Vulgare Leaf Extract, Potassium Sorbate, 1,2Hexanediol, Salix Alba (Willow) Bark Extract, Chamaecyparis Obtusa Leaf Extract, Viola Tricolor Extract, Octanediol, Portulaca Oleracea Extract, Scutellaria Baicalensis Root Extract, Lactobacillus/Soybean Ferment Extract, Cinnamomum Cassia Bark Extract.",7,680,3.3,0.0,https://www.sephora.com/product/pore-cleansing-clay-mask-P446636?icid2=products%20grid:p446636,3.3,14.545454545454547
Dr. Andrew Weil For Origins™ Mega-Mushroom Relief & Resilience Soothing Face Mask,Origins,facial-treatment-masks,37.0,"Carthamus Tinctorius (Safflower) Seed Oil*, Butylene Glycol, Squalane, Peg100 Stearate, Caprylic/Capric Triglyceride, Glyceryl Stearate, Tribehenin, Glycerin, Cetearyl Alcohol, Euphorbia Cerifera (Candelilla) Wax\Candelilla Cera\Cire De Candelilla, Kaolin, Citrus Aurantium Dulcis (Orange) Oil** Lavandula Angustifolia (Lavender) Oil**, Pogostemon Cablin (Patchouli) Oil**, Citrus Nobilis (Mandarin Orange) Peel Oil**, Pelargonium Graveolens Flower Oil**, Boswellia Carterii (Olibanum) Oil ***, Limonene, Linalool, Citronellol, Geraniol, Citral, Ganoderma Lucidum (Reishi Mushroom) Extract, Fuscoporia Obliqua Sclerotium Extract, Cordyceps Sinensis (Mushroom) Extract, Ergothioneine, Camelina Sativa Seed Oil, Lactobacillus Ferment, Hippophae Rhamnoides Extract*, Zingiber Officinale (Ginger) Root Extract*, Ocimum Sanctum (Holy Basil) Leaf Extract, Curcuma Longa (Turmeric) Root Extract*, Olea Europaea (Olive) Leaf Extract, Silybum Marianum Fruit Extract, Persea Gratissima (Avocado) Fruit Extract, Ascophyllum Nodosum Extract, Sucrose*, Astrocaryum Murumuru Seed Butter, Asparagopsis Armata Extract, Yeast Extract\Faex\Extrait De Levure, Cladosiphon Okamuranus Extract, Hypnea Musciformis (Algae) Extract, Behenyl Alcohol, Sorbitol, Trehalose, Adansonia Digitata Seed Oil, Caprylyl Glycol, Caffeine, Gellidiella Acerosa Extract, Calcium Carbonate, Helianthus Annuus (Sunflower) Seed Oil*, Polysorbate 20, Phytosterols, Maltodextrin, Tocotrienols, Phytosphingosine, Squalene, Saccharomyces Ferment Filtrate, Tocopherol, Sodium Hyaluronate, Potassium Hydroxide, Carbomer, Hexylene Glycol, Elaeis Guineensis (Palm) Oil, Dextrin, Phenoxyethanol, Iron Oxides (Ci 77491, Ci 77492, Ci 77499), Titanium Dioxide (Ci 77891) *Organic Safflower Oil, Organic Sunflower Oil, Organic Sea Buckthorn Extract, Organic Ginger Extract, Organic Turmeric Extract, Organic Sucrose (Brown Sugar)**Organic Essential Oils: Organic Orange Oil, Organic Mandarin Oil, Organic Patchouli Oil, Organic Geranium Oil, Organic Lavender Oil. ***Essential Oil.",130,9189,2.5,0.0,https://www.sephora.com/product/dr-andrew-weil-for-origins-tm-mega-mushroom-relief-resilience-soothing-face-mask-P429246?icid2=products%20grid:p429246,2.5,14.8
PERFECT Clarifying Pore Corrector Mask,Algenist,facial-treatment-masks,55.0,"Kaolin, Glycerin, Ammonium Acryloyldimethyltaurate/VP Copolymer, Magnesium Aluminum Silicate, Polysorbate 20, Euterpe Oleracea Pulp Powder, Algae Exopolysaccharides, Aloe Barbadensis Leaf Juice Powder, Sulfur, Ahnfeltia Concinna Extract, Salix Alba (Willow) Bark Extract, Salicylic Acid, Pseudoalteromonas Ferment Extract, Maltodextrin, Lens Esculenta (Lentil) Fruit Extract, Calcium Carbonate, Xanthan Gum, Menthyl Lactate, Quartz, Titanium Dioxide, Citric Acid, Sodium Citrate, Eucalyptus Globulus Leaf Oil, Ethylhexylglycerin, Caprylyl Glycol, Hexylene Glycol, Potassium Sorbate, Sodium Salicylate, Phenoxyethanol, Fragrance, Iron Oxides (CI 77499, CI 77491)",53,5852,2.0,0.0,https://www.sephora.com/product/perfect-clarifying-pore-corrector-mask-P407645?icid2=products%20grid:p407645,2.0,27.5
Pore Refining Solutions Charcoal Mask,CLINIQUE,facial-treatment-masks,28.5,"Kaolin , Butylene Glycol , Bentonite , Montmorillonite , Polysorbate 20 , Peg100 Stearate , Glycerin , Charcoal Powder , Laminaria Saccharina Extract , Caffeine , Lecithin , Sucrose , Propylene Glycol Laurate , Ethylhexylglycerin , Caprylyl Glycol , Propylene Glycol Stearate , Sodium Hyaluronate , Simethicone , Sorbitan Laurate , Peg150 Distearate , Hexylene Glycol , Xanthan Gum , Galactoarabinan , Trisodium Edta , Phenoxyethanol , Iron Oxides (Ci 77499) <iln41326></iln41326>",118,16015,3.4,0.0,https://www.sephora.com/product/pore-refining-solutions-charcoal-mask-P395642?icid2=products%20grid:p395642,3.4,8.382352941176471
Moisturizing Mask,Caudalie,facial-treatment-masks,39.0,"Glycerin*, Isononyl Isononanoate, Vitis Vinifera (Grape) Seed Oil*, Sorbitan Stearate*, Peg100 Stearate*, Glyceryl Stearate*, Ceteth20*, Hydroxyethyl Acrylate/Sodium Acryloyldimethyl Taurate Copolymer, Squalane*, Cetyl Alcohol*, Cetyl Palmitate*, Dimethicone, Butylene Glycol*, Ci 77891 (Titanium Dioxide), Sodium Dehydroacetate, Caprylyl Glycol, Polysorbate 60*, Parfum (Fragrance), Tocopherol*, Carbomer, Sodium Phytate*, Sodium Hydroxide, Scutellaria Baicalensis Root Extract*, Acrylates/C1030 Alkyl Acrylate Crosspolymer, Sodium Carboxymethyl BetaGlucan, Sodium Hyaluronate, Hexyl Cinnamal, Linalool, Limonene, Benzyl Benzoate, Citronellol. *Plant origin",76,8832,2.5,0.0,https://www.sephora.com/product/moisturizing-mask-P395617?icid2=products%20grid:p395617,2.5,15.6
Super Volcanic Clusters Pore Clearing Clay Mousse Mask,innisfree,facial-treatment-masks,21.0,"Water / Aqua / Eau, Silica, Titaniumdioxide (Ci 77891), Kaolin, Propanediol,Dimethicone, Alcohol, Volcanic Ash, Glycerin,Polyvinyl Alcohol, Caprylic/Capric Triglyceride,Stearic Acid, Bentonite, Palmiticacid, Cetearyl Alcohol, 1,2Hexanediol, Arginine,Hydroxypropyl Starch Phosphate, Sorbitanstearate, Juglans Regia (Walnut) Shellpowder, Iron Oxides (Ci 77499), Lactic Acid, Salicylicacid, Polysorbate 20, Lactic Acid/Glycolicacid Copolymer, Xanthan Gum, Iron Oxides(Ci 77492), Disodium Edta, Ethylhexylglycerin,Iron Oxides (Ci 77491), Colloidal Sulfur,Myristic Acid, Arachidic Acid, Aluminum Hydroxide, Triethoxycaprylylsilane, Tocopherol. Propellant: Nitrogen.",443,6030,3.38,0.0,https://www.sephora.com/product/super-volcanic-clusters-pore-clearing-clay-mousse-mask-P448213?icid2=products%20grid:p448213,3.38,6.21301775147929
Super Volcanic Clusters Pore Clearing Clay Peel Off Mask,innisfree,facial-treatment-masks,15.0,"Water / Aqua / Eau, Polyvinylalcohol, Alcohol, Butylene Glycol, Glycerin,Volcanic Ash, Pvp, Titanium Dioxide(Ci 77891), Peg75, Hydroxypropyl Starchphosphate, Silica, Ammonium Acryloyldimethyltaurate/Vp Copolymer, Peg60hydrogenated Castor Oil, Bentonite, Ironoxides (Ci 77499), Xanthan Gum, Polysorbate20, Glyceryl Caprylate, Lactic Acid/Glycolic Acid Copolymer, Disodium Edta,Menthoxypropanediol, Aluminum Hydroxide,Triethoxycaprylylsilane.",7,1372,3.38,0.0,https://www.sephora.com/product/super-volcanic-clusters-pore-clearing-clay-peel-off-mask-P449854?icid2=products%20grid:p449854,3.38,4.437869822485207
Deep Cleansing Mask,Omorovicza,facial-treatment-masks,120.0,"Hungarian Thermal Kaolin, Glycerin, Cetearyl Alcohol, Silt (Hungarian Mud), Stearic Acid, Cetearyl Olivate, Zinc Oxide, Phenoxyethanol, Sorbitan Olivate, Mannitol, Malpighia Punicifolia (Acerola) Fruit Extract, Saccharomyces (Hungarian Thermal Water) Ferment Extract, Tocopherol, Ethylhexylglycerin, Sodium Hydroxide, Fragrance, Yeast Extract, Phospholipids, Linalool, Limonene, Citronellol, Geraniol.",43,5901,1.7,0.0,https://www.sephora.com/product/deep-cleansing-mask-P309214?icid2=products%20grid:p309214,1.7,70.58823529411765
Instant Detox Hawaiian Sea Water & White Clay Face Mask,Bobbi Brown,facial-treatment-masks,54.0,"Kaolin, Bentonite, Butylene Glycol, Glycerin, Charcoal Powder, Algae Extract, Polygonum Cuspidatum Root Extract, Saccharomyces Lysate Extract, Rosmarinus Officinalis (Rosemary), Lavandula Angustifolia (Lavender) Oil, Citrus Grandis (Grapefruit) Peel Oil, Laminaria Saccharina Extract, Sodium Hyaluronate, Caprylyl Glycol, Methyldihydrojasmonate, Hexylene Glycol, Xanthan Gum, Citral, Linalool, Limonene, Phenoxyethanol <iln41895></iln41895>",21,3892,2.5,0.0,https://www.sephora.com/product/instant-detox-hawaiian-sea-water-white-clay-mask-P404244?icid2=products%20grid:p404244,2.5,21.6
SUPERMASK - The Primer Mask,SEPHORA COLLECTION,facial-treatment-masks,6.0,"Glycerin, Ethylhexyl Stearate, Methylpropanediol, Caprylic/Capric Triglyceride, Niacinamide, Xylitylglucoside, PEG450, CI 77891 (Titanium Dioxide), Anhydroxylitol, Cetearyl Alcohol, Glyceryl Stearate, Hydroxyacetophenone, Xylitol, Caprylic/Capric Glycerides, Panthenol, Carbomer, Glucose, Allantoin, Tromethamine, Xanthan Gum, Polymethylsilsesquioxane, Butylene Glycol, Fragrance, Tocopheryl Acetate, Silica, Ethylhexylglycerin, Chondrus Crispus (Carrageenan) Extract, 1,2Hexanediol, Dipotassium Glycyrrhizate, Lonicera Japonica Flower Extract (Lonicera Japonica (Honeysuckle) Flower), Disodium EDTA, Phenoxyethanol, Lonicera Caprifolium (Honeysuckle) Flower Extract, Gossypium Herbaceum (Cotton) Extract, Mica,  Althaea Rosea Flower Extract, CI 17200 (Red 33), Potassium Sorbate, Sodium Benzoate, Citric Acid.",45,4762,0.0,0.0,https://www.sephora.com/product/primer-mask-P432422?icid2=products%20grid:p432422,2.447428571428571,2.451552650011674
Acai Smoothie Mask - Anti-Pollution,SEPHORA COLLECTION,facial-treatment-masks,7.0,"Glycerin, Phenoxyethanol, C1018 Triglycerides, C1215 Alkyl Benzoate, Sodium Acrylates Crosspolymer2, Octyldodecanol, Glyceryl Polyacrylate, Glyceryl Stearate Citrate, Isononyl Isononanoate, Panthenol, Potassium Cetyl Phosphate, PPG1PEG9 Lauryl Glycol Ether, Propylene Glycol, Ethylhexyl Methoxycinnamate, Carbomer, Disodium EDTA, Euterpe Oleracea Fruit Oil, Paeonia Lactiflora Root Extract, Poloxamer 338, Ethylhexylglycerin, CI 73360 (Red 30 Lake), BHT, Fragrance, Ethylhexyl Salicylate, Butyl Methoxydibenzoylmethane, Sodium Hydroxide, Potassium Sorbate, Silica, Sodium Benzoate, PPG51/Smdi Copolymer, Citric Acid, CI 42090 (Blue 1), CI 17200 (Red 33), Tocopherol.",10,1289,0.0,0.0,https://www.sephora.com/product/acai-smoothie-mask-anti-pollution-P446817?icid2=products%20grid:p446817,2.447428571428571,2.8601447583469537
Kakadu C™ Amethyst Clay Detox Mask,DERMAdoctor,facial-treatment-masks,58.0,"Kaolin, Glycerin, Butylene Glycol, Bentonite, Magnesium Aluminum Silicate, Mica, Titanium Dioxide, Tetrahexyldecyl Ascorbate, Lactic Acid, Epigallocatechin Gallatyl Glucoside, Malic Acid, Terminalia Ferdinandiana (Kakadu Plum) Fruit Extract, Vanilla Planifolia Fruit Extract, Prunus Armeniaca (Apricot) Fruit Extract, Mangifera Indica (Mango) Fruit Extract, Tasmannia Lanceolata Fruit Extract, Syzygium Leuhmanii Fruit Extract, Kunzea Pomifera Fruit Extract, Citrus Grandis (Grapefruit) Peel Extract, Citrus Aurantium Dulcis (Orange) Peel Extract, Citrus Aurantifolia (Lime) Peel Extract, Aniba Rosaeodora (Rosewood) Wood Extract, Rosa Canina Seed Powder, Cocos Nucifera (Coconut) Oil, Allantoin, Squalane, Polysorbate 60, Montmorillonite, Propyl Gallate, Alcohol Denat., Microcrystalline Cellulose, Cellulose Gum, Chondrus Crispus (Carrageenan), Hydroxyethyl Acrylate/Sodium Acryloyldimethyl, Taurate Copolymer, Gallyl Glucoside, Sodium Phytate, Dehydroacetic Acid, Benzyl Alcohol, Ferric Ferrocyanide, Iron Oxide.",64,5476,1.7,0.0,https://www.sephora.com/product/kakadu-c-amethyst-clay-detox-mask-P393237?icid2=products%20grid:p393237,1.7,34.11764705882353
Clarifying Mask,Dr. Barbara Sturm,facial-treatment-masks,145.0,"Water (Aqua),  Kaolin,  Alcohol Denat.,  Cetearyl Alcohol, Simmondsia Chinensis (Jojoba) Seed Oil,  Lactobacillus/Portulaca Oleracea Ferment Extract,  Octyldodecanol,  Titanium Dioxide (Ci 77891), Brassica Campestris (Rapeseed) Sterols, Cetearyl Glucoside, Panthenol, Phenoxyethanol, Xanthan Gum, Zinc Pca, Allantoin, Magnesium Aluminum Silicate, Lens Esculenta (Lentil) Seed Extract, Echium Plantagineum Seed Oil, Sodium Cetearyl Sulfate, Alcohol, Ethylhexylglycerin, Caprylic/Capric Triglyceride, Helianthus Annuus (Sunflower) Seed Oil Unsaponifiables,  Disodium Edta, Sodium Hyaluronate, Hexylene Glycol, Polygonum Bistorta Root Extract, Arginine, Leuconostoc/Radish Root Ferment Filtrate, Ascorbyl Palmitate, Cardiospermum Halicacabum Flower/Leaf/Vine Extract, Pantolactone, Caprylyl Glycol, Citric Acid, Ascorbic Acid, Tocopherol.",4,490,1.69,0.0,https://www.sephora.com/product/dr-barbara-sturm-clarifying-mask-P448542?icid2=products%20grid:p448542,1.69,85.79881656804734
24K Gold Mask Pure Luxury Lift &  Firm Mask,Peter Thomas Roth,facial-treatment-masks,85.0,"Glycerin, Sodium Hyaluronate, Caffeine, Olivine Extract, Colloidal Gold, Pentylene Glycol, Carbomer, Sodium Hydroxide, Potassium Sorbate, Sodium Benzoate, Sodium Metabisulfite, Mica, Phenoxyethanol, Gold (Ci 77480), Iron Oxides (Ci 77491), Titanium Dioxide (Ci 77891).",166,11798,5.0,0.0,https://www.sephora.com/product/24k-gold-mask-pure-luxury-lift-firm-mask-P392607?icid2=products%20grid:p392607,5.0,17.0
Midnight Radiance Mask,Omorovicza,facial-treatment-masks,120.0,"Glycerin, Propanediol, Alcohol Denat., Yeast Extract, Sodium Levulinate, Sclerotium Gum, Carbomer, Chondrus Crispus Powder (Carrageenan), Sodium Anisate, Ethylhexylglycerin, Kaolin, Benzyl Alcohol, Salix Nigra (Willow) Bark Extract, Caprylyl/Capryl Glucoside, Salicylic Acid, Sodium Hydroxide, Parfum (Fragrance), Copper Gluconate, Sodium Hyaluronate, Phospholipids, Leuconostoc/Radish Root Ferment Filtrate, Benzyl Salicylate, Linalool, Limonene, Pancratium Maritimum Extract, Geraniol, Citronellol, Helianthus Annuus (Sunflower) Seed Oil.",4,2385,1.7,0.0,https://www.sephora.com/product/midnight-radiance-mask-P426334?icid2=products%20grid:p426334,1.7,70.58823529411765
H2Overdose Activated Mask ,FOREO,facial-treatment-masks,19.99,"Glycerin, Butylene Glycol, Dipropylene Glycol, Decyl Cocoate, Sodium Hyaluronate, Tremella Fuciformis Sporocarp Extract, Simmondsia Chinensis (Jojoba) Seed Oil, Portulaca Oleracea Extract, Ceramide 3, Xylitylglucoside, Anhydroxylitol, Xylitol, Tocopheryl Acetate, Caprylic/Capric Triglyceride, Cetyl Ethylhexanoate, Diglycerin, Hydroxyacetophenone, Panthenol, Allantoin, Cetearyl Olivate, Sorbitan Olivate, Tromethamine, Caprylic/Capric Glycerides, Acrylates/C1030 Alkyl Acrylate Crosspolymer, Carbomer, Caprylyl Glycol, Dipotassium Glycyrrhizate,  Ethylhexylglycerin, Xanthan Gum, Fragrance, Glucose, Hydrogenated Lecithin.",4,1829,0.0,0.0,https://www.sephora.com/product/h2overdose-mask-P436343?icid2=products%20grid:p436343,2.447428571428571,8.167756245622227
Amazonian Clay Mask,Proactiv,facial-treatment-masks,38.0,Kaolin Clay: Absorbs excess oil and draws out poreclogging impurities.,5,506,3.0,0.0,https://www.sephora.com/product/amazonian-clay-mask-P445838?icid2=products%20grid:p445838,3.0,12.666666666666666
Shake & Shot™ Rubber Soothing Mask,Dr. Jart+,facial-treatment-masks,12.0,"Dipropylene Glycol, Aloe Barbadensis Leaf Extract, Psidium Guajava Leaf Extract, Guaiazulene, Menadione, PEG60 Hydrogenated Castor Oil, Butylene Glycol, Citrus Aurantium Bergamia (Bergamot) Fruit Oil, Gardenia Florida Fruit Extract, Coptis Japonica Extract, 1,2Hexanediol, Glycerin, Caprylic/Capric Triglyceride, Hydrogenated Lecithin, Polyglyceryl10, Diisostearate, Phenoxyethanol, Ethylhexylglycerin.",27,0,0.0,0.0,https://www.sephora.com/product/shake-shot-rubber-soothing-mask-P428657?icid2=products%20grid:p428657,2.447428571428571,4.903105300023348
Make My Day Activated Mask,FOREO,facial-treatment-masks,9.99,"Acryloyldimethyl Taurate Copolymer, Hydroxyethylcellulose, Dipropylene Glycol, Fragrance, Sorbitan Isostearate, Polysorbate 60, Butylene Glycol, Gelidium Cartilagineum Extract, Brassica Oleracea Italica (Broccoli) Sprout Extract, Sodium Hyaluronate, Hydrolyzed Hyaluronic Acid, Sodium Acetylated Hyaluronate.",5,2668,0.0,0.0,https://www.sephora.com/product/make-my-day-hydrating-anti-pollution-ufo-tm-activated-mask-P433465?icid2=products%20grid:p433465,2.447428571428571,4.081835162269438
Glow Addict Activated Mask,FOREO,facial-treatment-masks,19.99,"Glycerin, Butylene Glycol, Dipropylene Glycol, Caprylic/Capric Triglyceride, Pearl Extract, Niacinamide, Tocopheryl Acetate, Tremella Fuciformis Sporocarp Extract, Simmondsia Chinensis (Jojoba) Seed Oil, Portulaca Oleracea Extract, Panthenol, Allantoin , Dipotassium Glycyrrhizate, Xylitylglucoside, Anhydroxylitol, Xylitol, 3OEthyl Ascorbic Acid, Glucose, Cetyl Ethylhexanoate, Diglycerin, Decyl Cocoate, Hydroxyacetophenone, Cetearyl Olivate, Sorbitan Olivate, Tromethamine, Caprylic/Capric Glycerides, Carbomer, Acrylates/C1030 Alkyl Acrylate Crosspolymer, Caprylyl Glycol, Ethylhexylglycerin, Xanthan Gum, Parfum/Fragrance, 1,2Hexanediol",5,2147,0.0,0.0,https://www.sephora.com/product/glow-addict-mask-P436347?icid2=products%20grid:p436347,2.447428571428571,8.167756245622227
Vitamin Nectar Vitamin C Brightening Powder,Fresh,facial-treatment-masks,40.0,"Packette 2: Oryza Sativa(Rice) Starch, Ascorbic Acid,Hydrated Silica.",28,5525,0.24,0.0,https://www.sephora.com/product/vitamin-c-brightening-glow-powder-P433982?icid2=products%20grid:p433982,0.24,166.66666666666669
Shake & Shot™ Rubber Firming Mask,Dr. Jart+,facial-treatment-masks,12.0,"Dipropylene Glycol, Retinyl Palmitate, Tocopherol, Adenosine, Ceramide NP(Ceramide 3), Simmondsia Chinensis (Jojoba) Seed Oil, Hamamelis Virginiana (Witch Hazel) Leaf Extract, Salvia Officinalis (Sage) Leaf Extract, Perfluorodecalin, Cyanocobalamin, Sucrose Palmitate, PEG60, Hydrogenated Castor Oil, Citrus Aurantium Bergamia (Bergamot) Fruit Oil, Gardenia Florida Fruit Extract, Butylene Glycol, Glycerin, 1,2Hexanediol, Xanthan Gum, Sodium Benzoate, Potassium Sorbate, Phenoxyethanol, Ethylhexylglycerin.",24,0,0.0,0.0,https://www.sephora.com/product/shake-shot-rubber-firming-mask-P428656?icid2=products%20grid:p428656,2.447428571428571,4.903105300023348
Multi-Masking™ Medley,boscia,facial-treatment-masks,18.0,"PPG20 Methyl Glucose Ether, Polyvinyl Alcohol, Glycerin, Polysorbate 20, Polysorbate 60, Sorbitol, Montmorillonite, Pentylene Glycol, Caprylyl Glycol, 1,2Hexanediol, Hydroxyacetophenone, Panthenol, Acrylates/C1030 Alkyl Acrylate Copolymer, Silica, Acrylates Copolymer, Potassium Hydroxide, Butylene Glycol, Dictyopteris Membranacea Extract, Simmondsia Chinensis (Jojoba) Seed Extract, Camellia Sinensis Leaf Extract, Sodium Ascorbyl Phosphate, Caprylic/Capric Triglyceride, Epilobium Angustifolium Flower/Leaf/Stem Extract, Citrus Aurantium Amara (Bitter Orange) Flower Oil, Eugenia Caryophyllus (Clove) Leaf, Citric Acid, Rice Ferment Filtrate (Sake), Carbomer, Salicornia Herbacea Extract, Palmitoyl Tripeptide1, Palmitoyl Tetrapeptide7, Titanium Dioxide (CI 77891), Mica (CI 77019)",209,17590,0.0,0.0,https://www.sephora.com/product/multi-masking-medley-P387135?icid2=products%20grid:p387135,2.447428571428571,7.3546579500350235
SUPERMASK - The Peeling Mask,SEPHORA COLLECTION,facial-treatment-masks,6.0,"Butylene Glycol, Glycereth26, 1,2Hexanediol, Niacinamide, Vaccinium Myrtillus Fruit Extract, Lactic Acid, Saccharum Officinarum (Sugar Cane) Extract, Potassium Hydroxide, Citrus Aurantium Dulcis (Orange) Fruit Extract, Citrus Limon (Lemon) Fruit Extract, Allantoin, Panthenol, Acer Saccharum (Sugar Maple) Extract, Xanthan Gum, Polyglyceryl10 Laurate, Polyglyceryl10 Myristate, Ethylhexylglycerin, Parfum (Fragrance), Glycerin, Disodium EDTA, CI 19140 (Yellow 5), Tocopherol.",24,2388,0.0,0.0,https://www.sephora.com/product/supermask-peeling-mask-P442592?icid2=products%20grid:p442592,2.447428571428571,2.451552650011674
Watermelon Brightening Face Mask,MILK MAKEUP,facial-treatment-masks,26.0,"Glycerin, Kaolin, Propylene Glycol, Sodium Stearate, Disteardimonium Hectorite, Phenoxyethanol, Sodium Hydroxide, Gellan Gum, Ethylhexylglycerin, Stearic Acid, Ascorbyl Palmitate, Hydrolyzed Hyaluronic Acid, Tocopheryl Acetate, Opuntia FicusIndica (Prickly Pear) Seed Oil, Cellulose Gum, Lepidium Sativum (Garden Cress) Sprout Extract, Sodium Polyacrylate, Butylene Glycol, Polysorbate 80, Alcohol, Lecithin, Citrullus Lanatus (Watermelon) Fruit Extract, Lens Culinaris (Lentil) Fruit Extract, Sodium Lactate, Carbomer, Polysorbate 20, Potassium Sorbate, Sodium Benzoate, Soy Isoflavones, Palmitoyl Tripeptide1, Palmitoyl Tetrapeptide7, Titanium Dioxide (Ci 77891), Iron Oxides (Ci 77491).",60,11714,1.0,0.0,https://www.sephora.com/product/watermelon-brightening-face-mask-P440279?icid2=products%20grid:p440279,1.0,26.0
Nose Strip,SEPHORA COLLECTION,facial-treatment-masks,3.0,"Alcohol Denat., Vinyl Caprolactam/VP/Dimethylaminoethyl Methacrylate Copolymer, Silica Dimethyl Silylate, Aqua (Water), PEG12 Dimethicone, Charcoal Powder, CI 77891 (Titanium Dioxide), Allantoin, Tocopheryl Acetate, Dipotassium Glycyrrhizate, CI 77499 (Iron Oxides), Aloe Barbadensis Leaf Juice Powder, Hamamelis Virginiana (Witch Hazel) Bark/Leaf/Twig Extract, Butylene Glycol, TButyl Alcohol, Camellia Sinensis Leaf Extract, Maltodextrin, Phenoxyethanol, Denatonium Benzoate.",683,23307,0.0,0.0,https://www.sephora.com/product/nose-strip-P408905?icid2=products%20grid:p408905,2.447428571428571,1.225776325005837
Skin Rescue Purifying Mask With Red Clay,First Aid Beauty,facial-treatment-masks,30.0,"Polyvinyl Alcohol, Glycerin, Illite, Lactobacillus Ferment, Glycereth26, Polysorbate 20, Ppg20 Methyl Glucose Ether, Rosmarinus Officinalis (Rosemary) Leaf Oil, Camellia Sinensis Leaf Extract, Chrysanthemum Parthenium (Feverfew) Extract, Glycyrrhiza Glabra (Licorice) Root Extract, Sodium Ascorbyl Phosphate, Allantoin, Bisabolol, Acrylates/C1030 Alkyl Acrylate Crosspolymer, Montmorillonite, Sodium Hydroxide, Mica, Phenoxyethanol, Iron Oxides (Ci 77491).",370,25672,3.0,0.0,https://www.sephora.com/product/skin-rescue-purifying-mask-with-red-clay-P384538?icid2=products%20grid:p384538,3.0,10.0
10-Seed Nourishing Modeling Mask,Primera,facial-treatment-masks,22.0,"Propanediol, Algin, 1,2Hexanediol, Xylitylglucoside, Anhydroxylitol, Xylitol, Glucose, Glycereth25 Pca Isostearate, Ethylhexylglycerin, Citrus Aurantium Bergamia (Bergamot) Fruit Oil, Lavandula Angustifolia (Lavender) Oil, Rosmarinus Officinalis (Rosemary) Leaf Oil, Pelargonium Graveolens Flower Oil, Citrus Nobilis (Mandarin Orange) Peel Oil.",10,1148,1.7,0.0,https://www.sephora.com/product/primera-10-seed-nourishing-modeling-mask-P447181?icid2=products%20grid:p447181,1.7,12.941176470588236
Uluru Purifying Mask,Dr Roebuck's,facial-treatment-masks,28.0,"Purified Kaolin, Quartz, Glycerin, Cetearyl Olivate, Sorbitan Olivate, Hematite Powder, Kaolin, Iron Hydroxide, Aluminum Hydroxide, Quartz, Helianthus Annuus (Sunflower) Seed Oil, Simmondsia Chinensis (Jojoba) Seed Oil, Caprylic/Capric Triglyceride, Cetearyl Alcohol, Cetearyl Glucoside, Terminalia Ferdinandiana (Kakadu Plum) Fruit Extract, Canola Oil, Castor Oil, Polyhydroxystearic Acid, Candelilla Wax, Sunflower Wax, Tocopheryl Acetate (Vitamin E), Camelina Sativa Seed Oil, Santalum Acuminatum Fruit Extract, Citrus Glauca Fruit Extract, Acacia Victoriae Fruit Extract, Alcohol, Arnica Montana Flower Extract, Caprylyl Glycol, Phenoxyethanol, Xanthan Gum, Butyrospermum Parkii (Shea) Butter, Citrus Aurantium (Bergamia) Peel Oil.",26,3836,1.69,0.0,https://www.sephora.com/product/uluru-purifying-mask-P430829?icid2=products%20grid:p430829,1.69,16.568047337278106
Dragon Fruit Brightening Superfruit Mask,Origins,facial-treatment-masks,27.0,** Sucrose (brown sugar).,34,7143,3.4,0.0,https://www.sephora.com/product/dragon-fruit-brightening-superfruit-mask-P432666?icid2=products%20grid:p432666,3.4,7.9411764705882355
Chlorophyll Detox Mask,Perricone MD,facial-treatment-masks,69.0,** Sucrose (brown sugar).,426,9952,0.0,2.0,https://www.sephora.com/product/chloro-plasma-purifying-mask-P385219?icid2=products%20grid:p385219,2.0,34.5
Overnight Glow Mask,SEPHORA COLLECTION,facial-treatment-masks,16.0,"Aqua (Water), Propylene Glycol, Butylene Glycol, Carbomer, Sorbitan Caprylate, Sodium Hydroxide, Vaccinium Myrtillus Fruit Extract, Parfum (Fragrance), Propanediol, Benzoic Acid, Saccharum Officinarum (Sugar Cane) Extract, Sodium Hyaluronate, Diethylhexyl Syringylidenemalonate, Citrus Aurantium Dulcis (Orange) Fruit Extract, Citrus Limon (Lemon) Fruit Extract, Acer Saccharum (Sugar Maple) Extract, Caprylic/Capric Triglyceride, CI 42090 (Blue 1) CI 19140 (Yellow 5).",4,1281,0.0,0.0,https://www.sephora.com/product/sephora-collection-overnight-glow-mask-P455218?icid2=products%20grid:p455218,2.447428571428571,6.5374737333644655
Face Mask Sachet Box,Dr. Barbara Sturm,facial-treatment-masks,145.0,"Kaolin, Glycerin, Prunus Amygdalus Dulcis (Sweet Almond) Oil,  Lactobacillus/Portulaca Oleracea Ferment Extract, Decyl Oleate, Xanthan Gum, Tocopheryl Acetate, Aloe Barbadensis Leaf Juice, Phenoxyethanol, Acrylates/C1030 Alkyl Acrylate Crosspolymer, Butylene Glycol, Chamomilla Recutita (Matricaria) Flower Extract, Sodium Hydroxide, Ethylhexylglycerin, Leuconostoc/Radish Root Ferment Filtrate.",0,315,2.31,0.0,https://www.sephora.com/product/dr-barbara-sturm-face-mask-sachet-box-P448712?icid2=products%20grid:p448712,2.31,62.77056277056277
Mud Mask Purifying & Mattifying ,SEPHORA COLLECTION,facial-treatment-masks,20.0,"Kaolin, Glycerin, Citrus Aurantium Dulcis (Orange) Peel Powder, Capryloyl Glycine, Magnesium Aluminum Silicate, Glyceryl Undecylenate, CI 77499 (Iron Oxides), Phenoxyethanol, Hydrogenated Palm Kernel Glycerides, Fragrance, Sodium Hydroxide, Hydrogenated Palm Glycerides, Magnesium Aspartate, Zinc Gluconate, Copper Gluconate",1000,45859,0.0,2.03,https://www.sephora.com/product/mud-mask-purifying-mattifying-P395163?icid2=products%20grid:p395163,2.03,9.852216748768473
Water Gel Mask Hydrate + Refresh,SEPHORA COLLECTION,facial-treatment-masks,16.0,"Glycerin, C1018 Triglycerides, C1519 Alkane, Butylene Glycol, Propanediol, Carbomer, Perfume (Fragrance), Hydroxyacetophenone, Acrylates/C1030 Alkyl Acrylate Crosspolymer, Caprylyl Glycol, Sodium Hydroxide, Helianthus Annuus (Sunflower) Seed Oil, Sodium Hyaluronate, Tocopherol, Laminaria Saccharina Extract, Sodium Phytate, Arginine, CI 42090 (Blue 1), CI 17200 (Red 33)",23,4955,0.0,0.0,https://www.sephora.com/product/water-gel-mask-hydrate-refresh-P443801?icid2=products%20grid:p443801,2.447428571428571,6.5374737333644655
Hemp Mousse Mask - Anti-Blemish,SEPHORA COLLECTION,facial-treatment-masks,7.0,"Glycerin, Cannabis Sativa Seed Oil, Talc, Sodium Acrylates Crosspolymer2, Tapioca Starch, C1018 Triglycerides, C1215 Alkyl Benzoate, Phenoxyethanol, Niacinamide, Fragrance, Octyldodecanol, Glyceryl Stearate Citrate, Isononyl Isononanoate, Panthenol, Potassium Cetyl Phosphate, PPG1PEG9 Lauryl Glycol Ether, Propylene Glycol, Ethylhexyl Methoxycinnamate, Carbomer, Disodium EDTA, Poloxamer 338, Ethylhexylglycerin, BHT, CI 77492 (Iron Oxides), Ethylhexyl Salicylate, Butyl Methoxydibenzoylmethane, Sodium Hydroxide, Polymethylsilsesquioxane, Silica, Potassium Sorbate, Sodium Benzoate, PPG51/Smdi Copolymer, Citric Acid, CI 15985 (Yellow 6), CI 19140 (Yellow 5), CI 42090 (Blue 1), Sodium Citrate, Xanthan Gum, Tocopherol.",17,0,0.0,0.0,https://www.sephora.com/product/hemp-mousse-mask-anti-blemish-P446822?icid2=products%20grid:p446822,2.447428571428571,2.8601447583469537
Hydra Life Pores Away Pink Clay Mask,Dior,facial-treatment-masks,69.0,Natural Pink Clay: Mattifies.,31,4999,1.7,0.0,https://www.sephora.com/product/hydra-life-pores-away-pink-clay-mask-P417606?icid2=products%20grid:p417606,1.7,40.588235294117645
Shimmer Freak Activated Mask,FOREO,facial-treatment-masks,19.99,"Methylpropanediol, Niacinamide, Rosa Centifolia Flower Caffeine, Vaccinium Macrocarpon (Cranberry) Fruit Extract, Allantoin, Panthenol, Synthetic Fluorphlogopite,1,2Hexanediol, Sodium Polyacrylate, Hydroxyacetophenone, Chlorphenesin, Butylene Glycol, Parfum/Fragrance, Titanium Dioxide (CI 77891).",5,906,0.0,0.0,https://www.sephora.com/product/shimmer-freak-mask-P436344?icid2=products%20grid:p436344,2.447428571428571,8.167756245622227
Banana Cream Mask - Nourshing,SEPHORA COLLECTION,facial-treatment-masks,7.0,"Glycerin, Butyrospermum Parkii Butter (Butyrospermum Parkii (Shea Butter)), Glyceryl Stearate, Cetearyl Alcohol, PEG100 Stearate, Fructose, Pullulan, Phenoxyethanol, Ceteareth20, Sodium Acrylates Crosspolymer2, Disodium EDTA, Xanthan Gum, Ethylhexyl Methoxycinnamate, Caramel, Ethylhexylglycerin, Bisabolol, Poloxamer 338, Parfum (Fragrance), BHT, Tocopherol, Ethylhexyl Salicylate, Butyl Methoxydibenzoylmethane, Musa Sapientum (Banana) Fruit Extract, PPG51/Smdi Copolymer, Farnesol, Silica, Glycine Soja (Soybean) Oil, CI 19140 (Yellow 5), CI 15985 (Yellow 6).",9,0,0.0,0.0,https://www.sephora.com/product/banana-cream-mask-nourshing-P446818?icid2=products%20grid:p446818,2.447428571428571,2.8601447583469537
WASO: Purifying Peel Off Mask,Shiseido,facial-treatment-masks,32.0,"Polyvinyl Alcohol, Alcohol Denat., Butylene Glycol, Glycerin, Peg75, Trehalose, Ppg15Buteth20, Mica, Phenoxyethanol, Iron Oxides (Ci 77491), Peg60 Hydrogenated Castor Oil, Succinoglycan, Cellulose Gum, Sodium Citrate, Titanium Dioxide (Ci 77891), Silica, Carbomer, Sodium Metaphosphate, Xanthan Gum, Saccharide Isomerate, Fragrance (Parfum), Dipotassium Glycyrrhizate, Alcohol, Tin Oxide, Citric Acid, Sodium Metabisulfite, Serine, Limonene, Hexyl Cinnamal, Butylphenyl Methylpropional, Benzyl Benzoate, Linalool, Eriobotrya Japonica Leaf Protoplasts, Paeonia Suffruticosa Root Extract, Perilla Ocymoides Leaf Extract, Peg30 Phytosterol, Hydrogenated Lecithin, Trisodium Edta, Bht.",195,1977,3.7,0.0,https://www.sephora.com/product/waso-purifying-peel-off-P445461?icid2=products%20grid:p445461,3.7,8.648648648648647
Clarimatte™ Invisible Pores Detox Mask,REN Clean Skincare,facial-treatment-masks,42.0,"Lavendula Angustifolia (Lavender) Flower Kaolin (French Clay), Cetearyl Alcohol (Source Coconut oil), Cetearyl Glucoside ( Source Corn), Spirulina Platensis Powder, Lactic Acid (Source Wheat), Sodium Hydroxymethylglycinate (Source Amino Acid), Phenoxyethanol (Source Aromatic Ether), Lavandula Angustifolia (Lavender) Oil, Callitris Intratropica (Blue Cypress) Oil, Citrus Aurantium Bergamia (Bergamot) Fruit Oil, Limonene, Linalool.",127,8652,1.7,0.0,https://www.sephora.com/product/pore-minimising-detox-mask-P174633?icid2=products%20grid:p174633,1.7,24.705882352941178
Hungarian Thermal Water Mineral-Rich Atomic Heat Mask,Peter Thomas Roth,facial-treatment-masks,60.0,"Magnesium Sulfate, Butyrospermum Parkii (Shea) Butter, Butylene Glycol, Dimethicone, Shea Butter Glycerides, Caprylic/Capric Triglyceride, Ceteareth20, Kaolin, Zeolite, Helianthus Annuus (Sunflower) Seed Oil, Prunus Armeniaca (Apricot) Kernel Oil, Prunus Persica (Peach) Kernel Oil, Rosa Moschata Seed Oil, Prunus Amygdalus Dulcis (Sweet Almond) Oil, Simmondsia Chinensis (Jojoba) Seed Oil, Glycine Soja (Soybean) Oil, Honey (Mel), Elaeis Guineensis (Palm) Butter, Punica Granatum Fruit Juice, Fagus Sylvatica Bud Extract, Sambucus Nigra Fruit Extract, Rosmarinus Officinalis (Rosemary) Leaf Extract, Tocopherol, Glycerin, Illite, Squalane, Hydrogenated Vegetable Oil, Lecithin, Ethylhexyl Palmitate, Dipropylene Glycol, Dimethicone/PEG10/15 Crosspolymer, Polysilicone11, Lauryl PEG9 Polydimethylsiloxyethyl Dimethicone, Ethoxydiglycol, Propylene Glycol, Sodium Citrate, Benzyl Alcohol, Benzoic Acid, Sodium Benzoate, Potassium Sorbate, Phenoxyethanol.",143,6582,5.1,0.0,https://www.sephora.com/product/hungarian-thermal-water-mineral-rich-atomic-heat-mask-P427429?icid2=products%20grid:p427429,5.1,11.764705882352942
Matte Maniac Activated Mask,FOREO,facial-treatment-masks,19.99,"Butylene Glycol, Methylpropanediol, Hamamelis Virginiana (Witch Hazel) Extract, Charcoal Powder, Chrysanthemum Morifolium Flower Extract, Centella Asiatica Extract, Saussurea Involucrata Extract, Allantoin, Panthenol, Fragrance, 1,2Hexanediol, Sodium Polyacrylate, Hydroxyacetophenone, Chlorphenesin.",8,974,0.0,0.0,https://www.sephora.com/product/matte-maniac-mask-P436345?icid2=products%20grid:p436345,2.447428571428571,8.167756245622227
Moisture Mask ,Eve Lom,facial-treatment-masks,90.0,"Glycerin, Cyclopentasiloxane, Dimethicone, Dimethicone/Vinyl Dimethicone Crosspolymer, C912 Alkane, Glyceryl Polyacrylate, Acrylates Copolymer, Propanediol, Phenoxyethanol, Polyglyceryl3 Oleate, Sodium Hydroxide, CocoCaprylate/Caprate, Sodium PCA, Tocopherol, Urea, Ethylhexylglycerin, Polymethylsilsesquioxane, Sodium Hyaluronate, Potassium Sorbate, Trehalose, Lecithin, Avena Strigosa Seed Extract, Leuconostoc/Radish Root Ferment Filtrate, Polyquaternium51, 1,2Hexanediol, Hydroxypropyl Bispalmitamide MEA, Phytic Acid.",26,3695,3.4,0.0,https://www.sephora.com/product/moisture-mask-P381431?icid2=products%20grid:p381431,3.4,26.47058823529412
Green Barley Refining Exfoliating Mask,innisfree,facial-treatment-masks,15.0,"Cellulose, Alcohol, Dipropylene Glycol, Butylene Glycol, Glycerin, Betaine, Saccharomyces/Barley Seed Ferment Filtrate, Peg60 Hydrogenated Castor Oil, Phenoxyethanol, Carbomer, Potassium Hydroxide, Fragrance, Ethylhexylglycerin, Propanediol, Hordeum Vulgare Seed Extract, Oryza Sativa (Rice) Extract, Disodium Edta, Salicylic Acid, Glycolic Acid, Camellia Japonica Leaf Extract, Camellia Sinensis Leaf Extract, Citrus Unshiu Peel Extract, Opuntia Coccinellifera Fruit Extract, Orchid Extract.",3,1487,4.05,0.0,https://www.sephora.com/product/green-barley-refining-exfoliating-mask-P449864?icid2=products%20grid:p449864,4.05,3.7037037037037037
Charcoal Nose Strip,SEPHORA COLLECTION,facial-treatment-masks,3.0,"PVP, VP/VA Copolymer, Alcohol Denat., Fragrance, CI 77499 (Iron Oxides), Glycerin, Charcoal Powder, Caprylic/Capric Triglyceride, Epilobium Fleischeri Extract, Pistacia Lentiscus (Mastic) Gum, Hydrogenated Lecithin, Phenethyl Alcohol, Dipotassium Glycyrrhizate, Citric Acid, Ethylhexylglycerin, Potassium Sorbate.",44,2246,0.0,0.0,https://www.sephora.com/product/charcoal-nose-strip-P442567?icid2=products%20grid:p442567,2.447428571428571,1.225776325005837
Liquid Gold Ultimate Perfecting Mask,Alpha-H,facial-treatment-masks,75.0,"Glycolic Acid, Caprylic/Capric Triglyceride, Lactic Acid, Cetearyl Alcohol, Glyceryl Stearate, Peg100 Stearate, Glycerin, Potassium Hydroxide, C1215 Alkyl Benzoate, Squalane, Ceteareth20, Mannitol, Stearic Acid, Undecane, Hydrolyzed Yeast Protein, Phenoxyethanol, Cyclopentasiloxane, Butylene Glycol, Panthenol, Tridecane, Butyrospermum Parkii Butter (Vitellaria Paradoxa (Shea) Butter), Mangifera Indica (Mango) Seed Butter, Simmondsia Chinensis (Jojoba) Seed Oil, Tocopheryl Acetate , Vitis Vinifera (Grape) Seed Oil, Parfum (Fragrance), Pentylene Glycol, Allantoin, Sodium Gluconate, Sodium Pca, Wheat Amino Acids, Dimethicone Crosspolymer, Sodium Hyaluronate, Disodium Edta, Sodium Benzoate, Tasmannia Lanceolata Fruit Extract, Gluconolactone, Citric Acid, Sodium Citrate, Aloe Barbadensis Extract (Aloe Vera (Aloe) Extract), Hydroxyproline, Sodium Carrageenan, Dextrin, Ferulic Acid, Waltheria Indica (Waltheria) Leaf Extract, Maris Sal (Sea Salt), Benzyl Salicylate, Citronellol, Coumarin, Hexyl Cinnamal, Butylphenyl Methylpropional, Limonene, Linalool, AlphaIsomethyl Ionone.",7,619,1.69,0.0,https://www.sephora.com/product/liquid-gold-ultimate-perfecting-mask-P442547?icid2=products%20grid:p442547,1.69,44.37869822485207
Peppermint Gum Mask - Toning,SEPHORA COLLECTION,facial-treatment-masks,7.0,"Fructose, PVP, Ethylhexyl Stearate, Glycerin, CI 77891 (Titanium Dioxide), Xanthan Gum, Polyacrylamide, Phenoxyethanol, C1314 Isoparaffin, Menthyl Lactate, Laureth7, Ethylhexyl Methoxycinnamate, Disodium EDTA, Ethylhexylglycerin, Poloxamer 338, Fragrance, BHT, Ethylhexyl Salicylate, Butyl Methoxydibenzoylmethane, CI 77492 (Iron Oxides), PPG51/Smdi Copolymer, Mentha Piperita (Peppermint) Leaf Extract, Citric Acid, CI 42090 (Blue 1), Sodium Benzoate, Potassium Sorbate, Sodium Citrate, Tocopherol.",8,0,0.0,0.0,https://www.sephora.com/product/peppermint-gum-mask-toning-P446830?icid2=products%20grid:p446830,2.447428571428571,2.8601447583469537
Water Drench® Hyaluronic Micro-Bubbling Cloud Mask,Peter Thomas Roth,facial-treatment-masks,52.0,"Cocamidopropyl Betaine, Cetyl Alcohol, Methyl Perfluorobutyl Ether, Methylperfluoroisobutyl Ether, Caprylic/Capric Triglyceride, Glycerin, Glyceryl Stearate, Peg100 Stearate, Propanediol, Sodium Chloride, Sodium Polyacrylate, Ceramide Np, Gossypium Herbaceum (Cotton) Seed Extract, Althaea Officinalis Root Extract, Sodium Hyaluronate, Potassium Cocoyl Glycinate, Xanthan Gum, Perfluorohe Xane, Potassium Cocoate, Cocamidopropyl Dimethylamine, Sodium Glycolate, Perfluoroperhydrophenanthrene, Perfluorodecalin, Sodium Hydroxide, Perfluorodimethylcyclohexane, Mica, Propylene Glycol, Saccharide Isomerate, Butylene Glycol, Citric Acid, Sodium Citrate, Potassium Sorbate, Sodium Benzoate, Sorbic Acid, Ethylhexylglycerin, Phenoxyethanol, Blue 1 (CI 42090).",7,1675,4.0,0.0,https://www.sephora.com/product/water-drench-hyaluronic-micro-bubbling-cloud-mask-P440048?icid2=products%20grid:p440048,4.0,13.0
Oat Muesli Mask - Soothing,SEPHORA COLLECTION,facial-treatment-masks,7.0,"Glycerin, Caprylic/Capric Triglyceride, Cetearyl Alcohol, Linum usitatissimum (linseed) seed flour, Dicaprylyl Carbonate, Cetearyl Glucoside, Phenoxyethanol, Sodium Polyacrylate Starch, Hydroxyethyl Acrylate/Sodium Acryloyldimethyl Taurate Copolymer, Squalane, 1,2Hexanediol, Caprylyl Glycol, Fragrance, Xanthan Gum, Polysorbate 60, Citric Acid, Sorbitan Isostearate, Avena Sativa (Oat) Kernel Extract, Tocopherol, Sodium Hydroxide.",11,0,0.0,0.0,https://www.sephora.com/product/oat-muesli-mask-soothing-P446828?icid2=products%20grid:p446828,2.447428571428571,2.8601447583469537
Purifying Mask,Caudalie,facial-treatment-masks,39.0,"Glycerin*, Isononyl Isononanoate, Vitis Vinifera (Grape) Seed Oil*, Sorbitan Stearate*, Peg100 Stearate*, Glyceryl Stearate*, Ceteth20*, Hydroxyethyl Acrylate/Sodium Acryloyldimethyl Taurate Copolymer, Squalane*, Cetyl Alcohol*, Cetyl Palmitate*, Dimethicone, Butylene Glycol*, Ci 77891 (Titanium Dioxide), Sodium Dehydroacetate, Caprylyl Glycol, Polysorbate 60*, Parfum (Fragrance), Tocopherol*, Carbomer, Sodium Phytate*, Sodium Hydroxide, Scutellaria Baicalensis Root Extract*, Acrylates/C1030 Alkyl Acrylate Crosspolymer, Sodium Carboxymethyl BetaGlucan, Sodium Hyaluronate, Hexyl Cinnamal, Linalool, Limonene, Benzyl Benzoate, Citronellol. *Plant Origin.",67,8170,2.5,0.0,https://www.sephora.com/product/purifying-mask-P395616?icid2=products%20grid:p395616,2.5,15.6
Grapefruit Peeling Mask - Skin Perfection,SEPHORA COLLECTION,facial-treatment-masks,7.0,"Glycerin, Sodium Acrylates Copolymer, Phenoxyethanol, Lecithin, Xylitylglucoside, Anhydroxylitol, Prunus Armeniaca (Apricot) Seed Powder, 1,2Hexanediol, Caprylyl Glycol, PEG40 Hydrogenated Castor Oil, Xylitol, Fragrance, Citric Acid, Lactic Acid, Disodium EDTA, Diethylhexyl Syringylidenemalonate, Glucose, Sodium Hydroxide, Limonene, Citrus Grandis (Grapefruit) Fruit Extract, Caprylic/Capric Triglyceride, Sodium Benzoate, Potassium Sorbate, CI 19140 (Yellow 5), CI 16035 (Red 40).",19,0,0.0,0.0,https://www.sephora.com/product/grapefruit-peeling-mask-skin-perfection-P446820?icid2=products%20grid:p446820,2.447428571428571,2.8601447583469537
Treatment Enzyme Peeling Masque,AMOREPACIFIC,facial-treatment-masks,70.0,"Camellia Sinensis Leaf Butylene Glycol,Glycerin, Betaine, Titanium Dioxide (Ci 77891),Hydrogenated Poly(C614 Olefin),Ammonium Acryloyldimethyltaurate/VpCopolymer, 1,2Hexanediol, Dimethicone,Polycaprolactone, Mannitol, Arginine,Hydroxyethyl Acrylate/Sodium Acryloyldimethyl Taurate Copolymer,Glycolic Acid, Polysorbate 20, Sodium Lactate,Peg240/Hdi Copolymer BisDecyltetradeceth20Ether, Fragrance, Peg75,Zea Mays (Corn) Starch, Sorbitan Isostearate,Polysorbate 60, Ethylhexylglycerin,Disodium Edta, Hydrogenated Lecithin, Papain,Trehalose, Chromium Oxide Greens (Ci 77288),Lactobacillus Ferment Lysate.",101,3545,2.7,0.0,https://www.sephora.com/product/treatment-enzyme-peeling-masque-P442969?icid2=products%20grid:p442969,2.7,25.925925925925924
Mini Goddess Clay Mask 15ml Travel Size,Charlotte Tilbury,facial-treatment-masks,15.0,"Stearic Acid, Glycerin, Prunus Amygdalus Dulcis (Sweet Almond) Oil, Kaolin, Titanium Dioxide (Ci 77891), Glyceryl Stearate, Triethanolamine, Phenoxyethanol, Ethylhexylglycerin, Parfum (Fragrance), Chlorphenesin, Disodium Edta, Rosa Canina Fruit Oil, Peg8, Iron Oxides (Ci 77491), Iron Oxides (Ci 77492), Iron Oxides (Ci 77499), Helianthus Annuus (Sunflower) Seed Oil, Tocopherol, Ascorbyl Palmitate, Nicotiana Sylvestris Leaf Cell Culture, Ascorbic Acid, Citric Acid, Plumeria Rubra Flower Extract, Hexyl Cinnamal, Benzyl Benzoate, Linalool, Hydroxycitronellal, Cinnamyl Alcohol.",5,1466,0.5,0.0,https://www.sephora.com/product/mini-goddess-clay-mask-15ml-travel-size-P451728?icid2=products%20grid:p451728,0.5,30.0
Hydra Life Extra Plump Smooth Balm Mask,Dior,facial-treatment-masks,69.0,Balanced Botanical Blend Including Shea butter and Jojoba: Nourishes the skin.,28,5078,1.7,0.0,https://www.sephora.com/product/hydra-life-extra-plump-smooth-balm-mask-P417607?icid2=products%20grid:p417607,1.7,40.588235294117645
Nose Mask - Pineapple,SEPHORA COLLECTION,facial-treatment-masks,3.0,"Hydroxyethyl Urea, Glycereth26, Glycerin, Alcohol Denat., 1,2Hexanediol, Coceth7,  PPG1PEG9 Lauryl Glycol Ether, Phenoxyethanol,  Epilobium Fleischeri Extract, PEG40 Hydrogenated Castor Oil, Ananas Sativus (Pineapple) Fruit Extract, Betaine, Fragrance, Hydroxyethyl Acrylate/Sodium Acryloyldimethyl Taurate Copolymer, Arginine, Carbomer, Ethylhexylglycerin, Disodium EDTA, Citric Acid, Potassium Sorbate, Polysorbate 60, Sorbitan Isostearate, Sodium Benzoate, Tocopherol.",83,5917,0.0,0.0,https://www.sephora.com/product/nose-mask-P429725?icid2=products%20grid:p429725,2.447428571428571,1.225776325005837
Tama Healing Mask,Dr Roebuck's,facial-treatment-masks,28.0,"Purified Kaolin, Quartz, Cetearyl Alcohol, Persea Gratissima (Avocado) Oil, Glycerin, Caprylic/Capric Triglyceride, Cetearyl Olivate, Cetearyl Glucoside, Sorbitan Olivate, Santalum Acuminatum Fruit Extract, Citrus Glauca Fruit Extract, Acacia Victoriae Fruit Extract, Butyrospermum Parkii (Shea) Butter, Camelina Sativa Seed Oil, Curcuma Longa Rhizome Extract, Honey, Tocopheryl Acetate (Vitamin E), Xanthan Gum, Cymbopogon flexuosus (Lemon Grass) Oil, Caprylyl Glycol, Phenoxyethanol.",14,2801,1.69,0.0,https://www.sephora.com/product/tama-healing-mask-P430830?icid2=products%20grid:p430830,1.69,16.568047337278106
Radiance Transforming Mask,Eve Lom,facial-treatment-masks,90.0,"Glycerin, Cannabis Sativa Seed Oil, Vitis Vinifera (Grape) Seed Oil, Camelina Sativa Seed Oil, Crambe Abyssinica Seed Oil, Sucrose Palmitate, Glycolic Acid, Hydrogenated Vegetable Oil, Polyglyceryl2 Dipolyhydroxystearate, Dipalmitoyl Hydroxyproline, Rosa Canina Fruit Oil, Sea Phenoxyethanol, Ectoin, Helianthus Annuus (Sunflower) Seed Oil, Hydrolyzed Jojoba Esters, Tocopherol, Rosa Damascena Flower Oil, Jojoba Esters, Magnesium Aspartate, Zinc Gluconate, Rosmarinus Officinalis (Rosemary) Leaf Extract, Bioflavonoids, Chlorogenic Acids, Citric Acid, Glucose, Copper Gluconate, Hydrolyzed Rhodophyceae Extract, Ethylhexylglycerin.",6,857,3.3,0.0,https://www.sephora.com/product/radiance-transforming-mask-P436671?icid2=products%20grid:p436671,3.3,27.272727272727273
Skin Nourish Coral Grass & Green Algae Moisture Face Mask,Bobbi Brown,facial-treatment-masks,54.0,"Caprylic/Capric Triglyceride, Prunus Amygdalus Dulcis (Sweet Almond) Oil, Isostearyl Neopentanoate, Peg100 Stearate, Butylene Glycol, Squalane, Glyceryl Stearate, Isopropyl Isostearate, Peg40 Stearate, Cetearyl Alcohol, Polysorbate 60, Glycerin, Chlorella Vulgaris Extract, Sigesbeckia Orientalis (St. Paul'S Wort) Extract, Hordeum Vulgare (Barley) Extract/Extrait D'Orge, Cucumis Sativus (Cucumber) Fruit Extract, Citrus Grandis (Grapefruit) Peel Oil, Lavandula Angustifolia (Lavender) Oil, Laminaria Digitata Extract, Caffeine, Algae Extract, Methyldihydrojasmonate, Oryza Sativa (Rice) Bran Oil, Astrocaryum Murumuru Seed Butter, Rosmarinus Officinalis (Rosemary), Salicornia Herbacea Extract, Propylene Glycol Dicaprate, Acetyl Glucosamine, Phytosphingosine, Sodium Hyaluronate, Ethylhexylglycerin, Whey Protein/Lactis Protein/Proteine Du PetitLait, Helianthus Annuus (Sunflower) Seedcake, Isohexadecane, Caprylyl Glycol, Trehalose, Sodium Pca, Oryzanol, Sorbitan Oleate, Polysorbate 80, Sodium Hydroxide, Tetrahexyldecyl Ascorbate, Nylon12, Carbomer, Tocopheryl Acetate, Acrylamide/Sodium Acryloyldimethyltaurate Copolymer, Sodium Acrylates/Acrylonitrogens Copolymer, Disodium Edta, Phenoxyethanol, Chlorphenesin, Linalool, Limonene, Yellow 6 (Ci 15985), Blue 1 (Ci 42090), Titanium Dioxide (Ci 77891), Red 4 (Ci 14700).",29,4947,2.5,0.0,https://www.sephora.com/product/skin-nourish-coral-grass-green-algae-moisture-mask-P404242?icid2=products%20grid:p404242,2.5,21.6
By All Greens™ Foaming Deep Cleansing Mask,Origins,facial-treatment-masks,30.0,"Disodium Cocoamphodiacetate , Kaolin , Acrylates Copolymer , Citric Acid , Algae Extract , Isopentane , Citrus Aurantium Bergamia (Bergamot) Fruit Oil*, Citrus Limon (Lemon) Peel Oil*, Citrus Aurantium Dulcis (Orange) Oil*, Cinnamomum Camphora (Camphor) Bark Oil*, Mentha Viridis (Spearmint) Leaf Oil*, Magnolia Acuminata Flower Extract, Iris Pallida Root Extract, Rosa Damascena Extract, Citral, Linalool, Limonene , Brassica Oleracea Italica (Broccoli) Extract , Spinacia Oleracea (Spinach) Leaf Extract , Vaccinium Angustifolium (Blueberry) Fruit Extract , Spirulina Platensis (Algae) Powder , Camellia Sinensis (White Tea) Leaf Extract , Camellia Sinensis (Green Tea) Leaf Extract , Daucus Carota Sativa (Carrot) Root Extract , Glycerin , Sodium Hyaluronate , Ethylhexylglycerin , Caprylyl Glycol , Tocopheryl Acetate , Isobutane , Disodium Edta , Bht , Phenoxyethanol , Chromium Oxide Greens (Ci 77288). *Essential Oil.",84,7240,2.6,0.0,https://www.sephora.com/product/by-all-greens-tm-foaming-deep-cleansing-mask-P406759?icid2=products%20grid:p406759,2.6,11.538461538461538
Rose Jelly Mask,Lancôme,facial-treatment-masks,35.0,"Water,Glycerin,Niacinamide,Dipropylene Glycol,Alcohol Denat.,Dimethicone,Butylene Glycol,Mel / Honey,Peg8,Peg/Ppg/Polybutylene Glycol8/5/3 Glycerin,Prunus Amygdalus Dulcis Oil / Sweet Almond Oil,Ci 14700 / Red 4,Ci 17200 / Red 33,Ascorbyl Glucoside,Sodium Hyaluronate,Sodium Hydroxide,Sodium Citrate,Phenoxyethanol,Arginine,Salicylic Acid,Ammonium Polyacryloyldimethyl Taurate,Dimethiconol,Propanediol,Capryloyl Salicylic Acid,AlphaIsomethyl Ionone,Carbomer,Geraniol,Farnesol,Rosa Damascena Flower Water,Tetrasodium Edta,Citric Acid,Hexyl Cinnamal,Fragrance.",16,2615,3.34,0.0,https://www.sephora.com/product/rose-jelly-mask-P433460?icid2=products%20grid:p433460,3.34,10.479041916167665
SOS Comfort Nourishing Balm Mask,Clarins,facial-treatment-masks,34.0,"Isononyl Isononanoate, Caprylic/ Capric Triglyceride, Dicaprylyl Carbonate, Propanediol, Cetearyl Alcohol, Glycerin, Betaine, Squalane, Mangifera Indica (Mango) Seed Oil, Ppg3 Myristyl Ether, Pentaerythrityl Distearate, Glyceryl Stearate, Peg100 Stearate, Hydroxyethyl Acrylate/Sodium Acryloyldimethyl Taurate Copolymer, Octyldodecanol, Mica, Cetearyl Glucoside, Phenoxyethanol, Irvingia Gabonensis Kernel Butter, Fragrance, Ethylhexylglycerin, Hydrogenated CocoGlycerides, Ci 77891/Titanium Dioxide, Synthetic Fluorphlogopite, Disodium Edta, Bisabolol, Salicyloyl Phytosphingosine, Alcohol, Tris(Tetramethylhydroxypiperidinol) Citrate, (Ci 15985) Yellow 6, (Ci 19140) Yellow 5, Citric Acid.",6,1191,2.3,0.0,https://www.sephora.com/product/sos-comfort-nourishing-balm-mask-P424373?icid2=products%20grid:p424373,2.3,14.782608695652176
SOS Hydra Refreshing Hydration Mask,Clarins,facial-treatment-masks,34.0,"Glycerin, Butylene Glycol, Stearic Acid, C1215 Alkyl Benzoate, Dicaprylyl Carbonate, Betaine, Cetearyl Ethylhexanoate, Cetyl Alcohol, Propanediol, Ci 77891/ Titanium Dioxide, Ceteareth12, Phenoxyethanol, Xylitylglucoside, Polyacrylamide, Fragrance, Anhydroxylitol, Carbomer, Synthetic Fluorphlogopite, C1314 Isoparaffin, Ethylhexylglycerin, Tocopheryl Acetate, Tromethamine, Xylitol, Caprylhydroxamic Acid, Sodium Hyaluronate, Glyceryl Acrylate/Acrylic Acid Copolymer, Disodium Edta, Laureth7, Glucose, Kalanchoe Pinnata Leaf Extract, Alumina, Alcohol .Citric Acid, Tris(Tetramethylhydroxypiperidinol) Citrate, Sodium Benzoate, Potassium Sorbate, Ci 42090/Blue 1.",12,1760,2.3,0.0,https://www.sephora.com/product/sos-hydra-refreshing-hydration-mask-P424372?icid2=products%20grid:p424372,2.3,14.782608695652176
White Marble Bright Face Mask,Erno Laszlo,facial-treatment-masks,88.0,"Diatomaceous Earth, Glucose, Calcium Sulfate Hydrate, Algin, Distarch Phosphate, Tetrasodium Pyrophosphate, Ci 77891 (Titanium Dioxide), Sodium Ascorbate, Magnesium Oxide, Simmondsia Chinensis (Jojoba) Seed Oil, Fragrance.",260,970,0.0,0.0,https://www.sephora.com/product/white-marble-bright-face-mask-P420980?icid2=products%20grid:p420980,2.447428571428571,35.956105533504555
Icebergs Hydrating Mask,Dr Roebuck's,facial-treatment-masks,28.0,"Aloe Barbadensis Leaf Juice (Organic Aloe Vera), Purified Water/Aqua, Glycerin, Decyl Glucoside, Sodium Hyaluronate, Biosaccharide gum1, Avena Sativa Kernel Extract, Cucumis Sativus Fruit Extract, Chamomilla Recutita Flower Extract, Allantoin, Dehydroacetic Acid, Benzyl Alcohol, Lecithin (and) Alcohol (and) Sodium Lactate (and) Porphyra Umbilicalis Extract (and) Phenoxyethanol (Red Algae), Pelargoneum Graveolens Flower Oil, Carbomer, Sodium Hydroxide.",8,1480,1.69,0.0,https://www.sephora.com/product/icebergs-hydrating-mask-P430832?icid2=products%20grid:p430832,1.69,16.568047337278106
SOS Pure Rebalancing Clay Mask,Clarins,facial-treatment-masks,34.0,"Kaolin, Glycerin, Caprylic/Capric Triglyceride, Dimethicone, Propanediol, Cetearyl Alcohol, Ci 77891/Titanium Dioxide, Betaine, Glyceryl Stearate, Peg100 Stearate, Illite, Cetearyl Glucoside, Fragrance, Hibiscus Sabdariffa Flower Extract, Phenoxyethanol, Pvp, Synthetic Fluorphlogopite, Caprylyl Glycol, Cetyl Alcohol, Stearyl Alcohol, Ethylhexylglycerin, Ethylparaben, Methylparaben, Polya  Crylamide, Sodium Hydroxide, C1314 Isoparaffin, Citric Acid, De  Hydroacetic Acid, Pyridoxine Hcl, Tetrasodium EDTA, Chrysin, Alumina, Epilobium Fleischeri Extract, Laureth7, Zinc Gluconate, Ci 19140/Yellow 5, Ci 42090/Blue 1, Potassium Sorbate.",9,855,2.3,0.0,https://www.sephora.com/product/sos-pure-rebalancing-clay-mask-P424374?icid2=products%20grid:p424374,2.3,14.782608695652176
The Intensive Revitalizing Mask,La Mer,facial-treatment-masks,175.0,"Water\Aqua\Eau, Isododecane, Algae (Seaweed) Extract, Dimethicone, Glycerin, Butylene Glycol, Caprylic/Capric/Myristic/Stearic Triglyceride, Peg10 Dimethicone, Hydrogenated Vegetable Oil, Sesamum Indicum (Sesame) Seed Oil, Medicago Sativa (Alfalfa) Seed Powder, Helianthus Annuus (Sunflower) Seedcake, Prunus Amygdalus Dulcis (Sweet Almond) Seed Meal, Eucalyptus Globulus (Eucalyptus) Leaf Oil, Sodium Gluconate, Copper Gluconate, Calcium Gluconate, Magnesium Gluconate, Zinc Gluconate, Tocopheryl Succinate, Niacin, Sesamum Indicum (Sesame) Seed Powder, Sea Salt\Maris Sal\Sel Marin, Nylon12, Yeast Extract\Faex\Extrait De Levure, Hydrogenated Polyisobutene, Isononyl Isononanoate, Cetyl Peg/Ppg10/1 Dimethicone, Sigesbeckia Orientalis (St. Paul's Wort) Extract, Helichrysum Arenarium (Everlasting) Extract, Citrus Grandis (Grapefruit) Peel Oil, Pelargonium Graveolens (Geranium) Flower Oil, Citrus Aurantifolia (Lime) Peel Extract, Laminaria Saccharina Extract, Rubus Idaeus (Raspberry) Leaf Extract, Gelidium Cartilagineum Extract, Mentha Viridis (Spearmint), Zingiber Officinale (Ginger) Root Extract, Avena Sativa (Oat) Kernel Extract, Polygonum Fagopyrum Seed Extract, Padina Pavonica Thallus Extract, Chlorella Vulgaris Extract, Laminaria Digitata Extract, Hydrolyzed Rice Extract, Acetyl Hexapeptide8, Glycine Soja (Soybean) Protein, Sodium Hyaluronate, Caffeine, Hydrolyzed Algin, Acetyl Glucosamine, Cholesterol, Trisiloxane, Phytosphingosine, Yeast Polysaccharides, Lavandula Angustifolia (Lavender) Flower  Wax, Caprylic/Capric Triglyceride, Dimethicone Crosspolymer3, Sucrose, Polysilicone11, Caprylyl Glycol, Synthetic Fluorphlogopite, Tocopheryl Acetate, Tetrahexyldecyl Ascorbate, Sodium Pca, Urea, Dipalmitoyl Hydroxyproline, Methyldihydrojasmonate, Trehalose, Polyquaternium51, Propylene Glycol Diethylhexanoate, Hexylene Glycol, Tourmaline, Tin Oxide, Bht, Limonene, Linalool, Geraniol, Citronellol, Titanium Dioxide (Ci 77891), Phenoxyethanol.",19,3818,2.5,0.0,https://www.sephora.com/product/the-intensive-revitalizing-mask-P417115?icid2=products%20grid:p417115,2.5,70.0
Peel-off Mask,SEPHORA COLLECTION,facial-treatment-masks,20.0,"Talc, Alcohol Denat., Polyvinyl Alcohol, Kaolin, Glycerin, Propylene Glycol, Bentonite, PEG7 Glyceryl Cocoate, Butylene Glycol, Gluconolactone, Sodium Gluconate, Fragrance, Tocopherol, Xanthan Gum, Carica Papaya Fruit Extract (Carica Papaya (Papaya) Fruit Extract), Maltodextrin, CI 19140 (Yellow 5), CI 17200 (Red 33), Citrus Paradisi (Grapefruit) Seed Extract.",13,2872,2.0,0.0,https://www.sephora.com/product/peel-off-mask-P427354?icid2=products%20grid:p427354,2.0,10.0
Belle de Jour White Lotus Mask,KENZOKI,facial-treatment-masks,82.0,"Talc, Alcohol Denat., Polyvinyl Alcohol, Kaolin, Glycerin, Propylene Glycol, Bentonite, PEG7 Glyceryl Cocoate, Butylene Glycol, Gluconolactone, Sodium Gluconate, Fragrance, Tocopherol, Xanthan Gum, Carica Papaya Fruit Extract (Carica Papaya (Papaya) Fruit Extract), Maltodextrin, CI 19140 (Yellow 5), CI 17200 (Red 33), Citrus Paradisi (Grapefruit) Seed Extract.",4,402,2.5,0.0,https://www.sephora.com/product/belle-de-jour-white-lotus-mask-P399727?icid2=products%20grid:p399727,2.5,32.8
Radiance Boost Walnut Grain & Orange Oil Exfoliating Face Mask,Bobbi Brown,facial-treatment-masks,54.0,"Alumina, Caprylic/Capric Triglyceride, Glyceryl Stearate, Butylene Glycol, Peg100 Stearate, Beeswax/Cera Alba/Cire D'Abeille, Butyrospermum Parkii (Shea Butter), Cetyl Alcohol, Glycerin, Camellia Sinensis Leaf Extract, Citrus Aurantium Dulcis (Orange) Peel Oil, Sodium Hyaluronate, Juglans Regia (Walnut) Shell Powder, Caffeine, Algae Extract, Panthenol, Steareth20, Caprylyl Glycol, Biosaccharide Gum  1, Stearyl Alcohol, Tocopheryl Acetate, Carbomer, Sodium Hydroxide, Hexylene Glycol, Disodium Edta, Phenoxyethanol <iln41896>",16,1970,2.5,0.0,https://www.sephora.com/product/radiance-boost-superfine-walnut-grain-orange-oil-exfoliating-mask-P404243?icid2=products%20grid:p404243,2.5,21.6
Rose Sorbet Cryo-Mask,Lancôme,facial-treatment-masks,39.0,"Alcohol Denat., Propanediol, Sodium, Carboxymethyl Starch, Glycerin, Honey, Ci 14700/Red 4, Ci 17200/Red 33, Tocopherol, Sodium Hyaluronate, Arginine, Spiraea Ulmaria Extract, Salicylic Acid, Sunflower Seed Oil, Menthol, Rosa Damascena Flower Citric Acid, Butylene Glycol, Sweet Almond Oil, Fragrance.",13,1743,1.7,0.0,https://www.sephora.com/product/rose-sorbet-cryo-mask-P447608?icid2=products%20grid:p447608,1.7,22.941176470588236
Face Mask - Algae - Detoxifying,SEPHORA COLLECTION,facial-treatment-masks,6.0,"Butylene Glycol, Glycerin, Betaine, Caulerpa Lentillifera Extract, 1,2Hexanediol, Hydroxyacetophenone, Xanthan Gum, Lecithin, Salix Alba (Willow) Bark Extract, Parfum (Fragrance), Phenoxyethanol, Bakuchiol, Magnolia Officinalis Flower Extract, Fucus Vesiculosus Extract, Limonene, Porphyra Umbilicalis Extract, Sodium Benzoate, Citric Acid, Potassium Sorbate, Sodium Lactate",6,0,0.0,0.0,https://www.sephora.com/product/face-mask-algae-P432071?icid2=products%20grid:p432071,2.447428571428571,2.451552650011674
V-Facial Intensive Wrap,Clarins,facial-treatment-masks,61.0,"Glycerin, Kaolin, Alcohol, Cetearyl Ethylhexanoate, Cetearyl Alcohol, Betaine, Cetyl Alcohol, Polymethyl Methacrylate, Butylene Glycol, Caffeine, Glyceryl Stearate, Ci 77891/Titanium Dioxide, Gellan Gum, Dimethicone, Phenoxyisopropanol, Escin, Ethylhexylglycerin, Sodium Cetearyl Sulfate, Sodium Lauryl Sulfate, Sodium Acrylates Copolymer, Hydrogenated Polyisobutene, Disodium Edta, Zingiber Zerumbet Extract, Parfum/Fragrance,  Phospholipids, Polyglyceryl10 Stearate, Helianthus Annuus (Sunflower) Seed Oil, Tromethamine, Alumina, Ethylene Brassylate, Xylitol, Alchemilla Vulgaris Extract, Callicarpa Japonica Fruit Extract.",14,4041,2.5,0.0,https://www.sephora.com/product/v-facial-intensive-wrap-P408230?icid2=products%20grid:p408230,2.5,24.4
Clarifying Detox Mask with Green Tea + 3% Sulfur,LANCER Skincare,facial-treatment-masks,75.0,"Sulfer (3%), Illite, Glycerin, Propanediol, Magnesium Aluminum Silicate, Kaolin, Ethyl Linoleate, Glyceryl Stearate, Cetearyl Alcohol, Ceteareth20, PEG100 Stearate, Microcrystalline Wax, Potassium Azeloyl Diglycinate, Morinda Citrifolia Extract, Citrullus Lanatus (Watermelon) Fruit Extract, Menthol, Camellia Sinensis Leaf Extract, Pyrus Malus (Apple) Fruit Extract, Lens Esculenta (Lentil) Fruit Extract, Sodium Lactate, Sodium PCA, Citrus Aurantium Bergamia (Bergamot) Peel Oil, Polyisobutene, Caprylyl/Capryl Glucoside, Sorbitan Oleate, Sodium Acrylate/Sodium Acryloyldimethyl Taurate Copolymer, Caprylyl Glycol, Ethylhexylglycerin, Potassium Chloride, Citric Acid, Disodium EDTA, Xanthan Gum, Chlorphenesin, Potassium Sorbate, Sodium Benzoate, Phenoxyethanol, Chromium Oxide Green.",196,1800,1.7,0.0,https://www.sephora.com/product/clarifying-detox-mask-with-green-tea-3-sulfur-P449181?icid2=products%20grid:p449181,1.7,44.11764705882353
Mask Love Skincare Set,Fresh,facial-treatment-masks,25.0,Rose Face Mask:,10,5302,0.0,0.0,https://www.sephora.com/product/mask-love-skincare-set-P441055?icid2=products%20grid:p441055,2.447428571428571,10.214802708381976
PRE:EMPT SERIES™ Refreshing Shower Mask,Perricone MD,facial-treatment-masks,50.0,"Methyl Gluceth20, Dimethyl MEA, Dipotassium Glycyrrhizate, Allantoin, Acetyl Tyrosine, Olea Europaea (Olive) Leaf Extract, Squalane, Lecithin, Rhodiola Rosea Root Extract, Tetrahydrodiferuloylmethane, Tetrahydrodemethoxydiferuloylmethane, Lepidium Sativum Sprout Extract, Tetrahydrobisdemethoxydiferuloylmethane, Epigallocatechin Gallatyl Glucoside, Carbomer, Polysorbate 20, Caprylyl Glycol, Pentylene Glycol, Hydrolyzed Jojoba Esters, Ammonium Acryloyldimethyltaurate/VP Copolymer, Hydroxyethyl Acrylate/Sodium Acryloyldimethyl Taurate Copolymer, Glycerin, Polysorbate 60, Phenoxyethanol, Menthyl Lactate, Fragrance, ChlorophyllinCopper Complex (CI 75810), Linalool.",20,1559,2.5,0.0,https://www.sephora.com/product/pre-empt-refreshing-shower-mask-P415707?icid2=products%20grid:p415707,2.5,20.0
Clarifying Colloidal Sulfur Mask,Dr. Dennis Gross Skincare,facial-treatment-masks,42.0,Prickly Pear: Calms redness and irritation,339,11683,0.0,0.0,https://www.sephora.com/product/clarifying-colloidal-sulfur-mask-P375270?icid2=products%20grid:p375270,2.447428571428571,17.16086855008172
Black Tea Firming Overnight Mask Mini,Fresh,facial-treatment-masks,35.0,"Glycerin, Butylene Glycol, Jojoba Esters, Isohexadecane, Ammonium Acryloyldimethyltaurate/Vp Copolymer, Dicaprylyl Carbonate, Camellia Oleifera Seed Oil, Pentylene Glycol, Ethylhexyl Palmitate, Mirabilis Jalapa Extract, Glyceryl Stearate, Steareth21, Caprylic/Capric Triglyceride, Dimethicone, Oxidized Corn Oil, Butyrospermum Parkii (Shea Butter), Cera Alba (Beeswax), Kigelia, Africana Fruit Extract, Saccharomyces Ferment Filtrate, Camellia Sinensis Leaf Extract, Rubus Fruticosus (Blackberry) Leaf Extract, Litichi Chinensis Seed Extract, Rosa Damascena Flower Oil, Sodium Hyaluronate, Adenosine, Tocopheryl Acetate, Tocopherol, Ceteareth20, Behenyl Alcohol, Fragrance, Ceteareth12, Cetearyl Alcohol, Sodium Citrate, Sodium Polyacrylate Starch, Sodium Polyacrylate, Sorbitan Laurate, Disodium Edta, Maltodextrin, Silica, Tetrasodium Edta, Hydroxyethylcellulose, Acetyl Dipeptide1 Cetyl Ester, Citric Acid, Ci 77891 (Titanium Dioxide), BHT, Potassium Sorbate, Biotin, Phenoxyethanol, Linalool, Citronellol, Geraniol.",3,0,0.0,1.0,https://www.sephora.com/product/black-tea-firming-overnight-mask-mini-P432255?icid2=products%20grid:p432255,1.0,35.0
Tinted Moisturizer Natural Skin Perfector Broad Spectrum SPF 30,Laura Mercier,sunscreen-sun-protection,47.0,"Glycerin, Butylene Glycol, Dimethicone, Peg/Ppg14/7 Dimethyl Ether, Hydrogenated Polydecene, Peg5 Glyceryl Stearate, Isododecane, Silica, Phenyl Trimethicone, Trehalose, Phenoxyethanol, Tocopherol, Butyrospermum Parkii (Shea) Butter, Macadamia Ternifolia Seed Oil, Aleurites Moluccanus Seed Oil, Rhus Verniciflua Peel Wax, Tamarindus Indica Seed Gum, Saccharide Isomerate, Pentylene Glycol, Isostearic Acid, Glyceryl Stearate Se, Polysilicone11, Behenyl Alcohol, Behenic Acid, Stearic Acid, Batyl Alcohol, Hydroxypropyl Methylcellulose Stearoxy Ether, Peg30 Phytosterol, Disodium Edta, Sodium Metaphosphate, Carbomer, Polyacrylate Crosspolymer6, Potassium Hydroxide, Bht, Sodium Citrate, Citric Acid, TButyl Alcohol. May Contain: Titanium Dioxide, Iron Oxides.",1000,148270,1.7,0.0,https://www.sephora.com/product/tinted-moisturizer-broad-spectrum-P109936?icid2=products%20grid:p109936,1.7,27.647058823529413
Unseen Sunscreen SPF 40,Supergoop!,sunscreen-sun-protection,34.0,"Avobenzone, 3%, Homosalate 8%, Octisalate 5%, Octocrylene 4%, Isododecane, Dimethicone Crosspolymer, Dimethicone/BisIsobutyl PPG20 Crosspolymer, Polymethylsilsesquioxane, Isohexadecane, Dicaprylyl Carbonate, Meadowfoam Estolide, Caprylic/Capric Triglyceride, Polyester7, Neopentyl Glycol Diheptanoate, Lithothamnion Calcareum Extract, Caprylyl Glycol, Butyrospermum Parkii (Shea) Butter, Jojoba Esters, Mannitol, Olibanum, Lecithin, Microcrystalline Cellulose, Diatomaceous Earth, Zinc Sulfate, Silica, Tocopherol.",1000,10732,1.7,0.0,https://www.sephora.com/product/supergoop-unseen-sunscreen-spf-40-P454380?icid2=products%20grid:p454380,1.7,20.0
Tinted Moisturizer Broad Spectrum SPF 20 - Oil Free,Laura Mercier,sunscreen-sun-protection,46.0,"Avobenzone, 3%, Homosalate 8%, Octisalate 5%, Octocrylene 4%, Isododecane, Dimethicone Crosspolymer, Dimethicone/BisIsobutyl PPG20 Crosspolymer, Polymethylsilsesquioxane, Isohexadecane, Dicaprylyl Carbonate, Meadowfoam Estolide, Caprylic/Capric Triglyceride, Polyester7, Neopentyl Glycol Diheptanoate, Lithothamnion Calcareum Extract, Caprylyl Glycol, Butyrospermum Parkii (Shea) Butter, Jojoba Esters, Mannitol, Olibanum, Lecithin, Microcrystalline Cellulose, Diatomaceous Earth, Zinc Sulfate, Silica, Tocopherol.",5000,94418,1.7,0.0,https://www.sephora.com/product/tinted-moisturizer-broad-spectrum-oil-free-P140906?icid2=products%20grid:p140906,1.7,27.058823529411764
Ultimate Sun Protection Lotion WetForce Broad Spectrum Sunscreen SPF 50+,Shiseido,sunscreen-sun-protection,40.0,"Dimethicone, Sd Alcohol 40B, Talc, Methyl Methacrylate Crosspolymer, Isododecane, Cetyl Ethylhexanoate, Diisopropyl Sebacate, Triethylhexanoin, Lauryl Peg9 Polydimethylsiloxyethyl Dimethicone, Glycerin, Dextrin Palmitate, Sucrose Tetrastearate Triacetate, Polybutylene Glycol/Ppg9/1 Copolymer, Trimethylsiloxysilicate, Xylitol, Silica, Sodium Chloride, Peg/Ppg14/7 Dimethyl Ether, Saxifraga Sarmentosa Extract, Sophora Angustifolia Root Extract, Disteardimonium Hectorite, Isostearic Acid, Calcium Stearate, Trisodium Edta, Vinyl Dimethicone/Methicone Silsesquioxane Crosspolymer, Alcohol, Bht, Butylene Glycol, Stearic Acid, Sodium Metabisulfite, Syzygium Jambos Leaf Extract, Tocopherol, Polysilicone2, Methylparaben, Fragrance, Iron Oxides.",152,16105,0.0,3.3,https://www.sephora.com/product/wetforce-ultimate-sun-protection-lotion-broad-spectrum-spf-50-for-face-body-P429243?icid2=products%20grid:p429243,3.3,12.121212121212121
Pure Radiant Tinted Moisturizer Broad Spectrum SPF 30,NARS,sunscreen-sun-protection,45.0,"Dimethicone, Ethylhexyl Methoxycinnamate, Titanium Dioxide, Butylene Glycol, Propanediol, Diethylhexyl Succinate, Glycerin, Nylon12, Cyclomethicone, Peg9 Polydimethylsiloxyethyl Dimethicone, Peg10 Dimethicone, Aluminum Hydroxide, Diphenylsiloxy Phenyl Trimethicone, Disteardimonium Hectorite, Sorbitan Sesquiisostearate, Stearic Acid Phenoxyethanol, Polymethylsilsesquioxane, Fragrance, Dimethicone/Vinyl, Dimethicone Crosspolymer, Trisodium, Edta, Aluminum Distearate, Talc, Ascorbyl Glucoside, Polysilicone2, Vibrio Alginolyticus Ferment Filtrate, Tocopherol, Alteromonas Ferment Filtrate, Maris Sal (Sea Salt), Hydrogen Dimethicone, Bht, Algae (Algae Extract), Sodium Metabisulfite, Curcuma Longa [Curcuma Longa (Turmeric) Root Extract], Potassium Sorbate, Geraniol, Limonene, Citral, Linalool [+/ (May Contain): Ci 77891 (Titanium Dioxide), Ci 77491 (Iron Oxides), Ci 77492 (Iron Oxides), Ci 77499 (Iron Oxides)].",2000,110865,1.9,0.0,https://www.sephora.com/product/pure-radiant-tinted-moisturizer-spf-30-pa-P302923?icid2=products%20grid:p302923,1.9,23.68421052631579
Urban Environment Oil-Free UV Protector Broad Spectrum Face Sunscreen SPF 42,Shiseido,sunscreen-sun-protection,35.0,"Dimethicone, Isododecane, Sd Alcohol 40B, Dipropylene Glycol, Ethylhexyl Palmitate, Peg10 Dimethicone, Glycerin, Polymethylsilsesquioxane, Vinyl Dimethicone/Methicone Silsesquioxane Crosspolymer, Polybutylene Glycol/Ppg9/1 Copolymer, Dimethicone/Vinyl Dimethicone Crosspolymer, Xylitol, Methyl Methacrylate Crosspolymer, Thiotaurine, Scutellaria Baicalensis Root Extract, Paeonia Albiflora Root Extract, Ononis Spinosa Root Extract, Ectoin, Lauryl Peg9 Polydimethylsiloxyethyl Dimethicone, Hydrogen Dimethicone, Butylene Glycol, Disodium Edta, Disteardimonium Hectorite, Alumina, Bht, Triethoxycaprylylsilane, Syzygium Jambos Leaf Extract, Tocopherol, Phenoxyethanol, Benzoic Acid, Fragrance, Titanium Dioxide, Mica",1000,76965,0.0,1.0,https://www.sephora.com/product/urban-environment-oil-free-uv-protector-broad-spectrum-spf-42-for-face-P307405?icid2=products%20grid:p307405,1.0,35.0
Silken Pore Perfecting Sunscreen Broad Spectrum SPF 35 PA+++,Tatcha,sunscreen-sun-protection,65.0,"Isododecane, Cyclopentasiloxane, Propanediol, Hdi/Trimethylol Hexyllactone Crosspolymer, Glycerin, Dimethicone, Octyldodecyl Neopentanoate, Behenyl Alcohol, Dimethicone/Vinyl Dimethicone Crosspolymer, Rosa Multiflora Fruit Extract, Eriobotrya Japonica Leaf Extract, Stearyl Glycyrrhetinate, Glycyrrhiza Inflata Root Extract, Camellia Sinensis Leaf Extract, Pistacia Lentiscus (Mastic) Gum, Sericin, Algae Extract, Lecithin, Inositol, Polyhydroxystearic Acid, Sorbitan Tristearate, Sodium Dilauramidoglutamide Lysine, Silica, Potassium Sorbate, Beheneth20, Sodium Acrylate/Acryloyldimethyltaurate/Dimethylacrylamide Crosspolymer, Polymethylsilsesquioxane, Methicone, Trimethylsiloxysilicate, Dimethiconol, Disodium Edta, Fragrance, Ethylhexylglycerin, Alcohol, Phenoxyethanol, Iron Oxides (Ci77491), Tin Oxide (Ci 77861), Mica (Ci 77019), Titanium Dioxide (Ci 77891).",473,54522,2.0,0.0,https://www.sephora.com/product/silken-pore-perfecting-sunscreen-broad-spectrum-spf-35-P408206?icid2=products%20grid:p408206,2.0,32.5
100% Mineral Smooth & Poreless Matte Screen SPF 40,Supergoop!,sunscreen-sun-protection,38.0,"Cyclopentasiloxane, CocoCaprylate, Isododecane, CocoCaprylate/Caprate, Dimethicone Crosspolymer, Silica Dimethyl Silylate, Dimethicone/BisIsobutyl PPG20 Crosspolymer, Argania Spinosa Kernel Oil, Tocopheryl Acetate, C1215 Alkyl Benzoate, Polyglyceryl3 Polyricinoleate, Dimethicone, Iron Oxides (CI 77492), Water (Aqua), Isostearic Acid, Propanediol, Ethylhexylglycerin, PEG/PPG18/18 Dimethicone, Bisabolol, Alumina, Hydrogen Dimethicone, Iron Oxides (CI 77491), Polyhydroxystearic Acid, Iron Oxides (CI 77499), Buddleja Officinalis Flower Extract, Triethoxycaprylylsilane, Hydrangea Arborescens Root Extract, Morus Alba Root Extract, Polysorbate 20, Resveratrol, Scutellaria Lateriflora Extract, Caprylyl Glycol, Hexylene Glycol, Pentapeptide21.",319,27375,1.5,0.0,https://www.sephora.com/product/100-mineral-smooth-poreless-matte-screen-spf-40-P434558?icid2=products%20grid:p434558,1.5,25.333333333333332
Ultimate Sun Protection Lotion WetForce Broad Spectrum Sunscreen SPF 50+ Mini,Shiseido,sunscreen-sun-protection,22.0,"Dimethicone, SD Alcohol 40B, Talc, Methyl Methacrylate Crosspolymer, Isododecane, Cetyl Ethylhexanoate, Diisopropyl Sebacate, Triethylhexanoin, Lauryl PEG9 Polydimethylsiloxyethyl Dimethicone, Glycerin, Dextrin Palmitate, Sucrose Tetrastearate Triacetate, Polybutylene Glycol/PPG9/1 Copolymer, Trimethylsiloxysilicate, Xylitol, Silica, Sodium Chloride, PEG/PPG14/7 Dimethyl Ether, Saxifraga Sarmentosa Extract, Sophora Angustifolia Root Extract, Disteardimonium Hectorite, Isostearic Acid, Calcium Stearate, Trisodium EDTA, Vinyl Dimethicone/Methicone Silsesquioxane Crosspolymer, Alcohol, BHT, Butylene Glycol, Stearic Acid, Sodium Metabisulfite, Syzygium Jambos Leaf Extract, Tocopherol, Polysilicone2, Methylparaben, Fragrance, Iron Oxides.",2,0,0.0,1.6,https://www.sephora.com/product/ultimate-sun-protection-lotion-wetforce-spf-50-P432258?icid2=products%20grid:p432258,1.6,13.75
PLAY Everyday Lotion SPF 50 with Sunflower Extract,Supergoop!,sunscreen-sun-protection,22.0,"Avobenzone 3%, Homosalate 10%, Octisalate 5%, Polyester8, Acrylates Copolymer, Diisopropyl Sebacate, Glycerin, Isodecyl Neopentanoate, Isododecane, Lauryl Lactate, Cetyl Alcohol, Potassium Cetyl Phosphate, Brassica Campestris/Aleurites Fordi Oil Copolymer, Oryza Sativa (Rice) Bran Extract, Cetearyl Olivate, Ammonium Acryloyldimethyltaurate/VP Copolymer, Hydroxyacetophenone, Sorbitan Olivate, Diethylhexyl Syringylidenemalonate, Aniba Rosaeodora (Rosewood) Wood Oi, Chlorphenesin, Citrus Aurantium Dulcis (Orange) Peel Oil, Citrus Limon (Lemon) Peel Oil, Ethylhexylglycerin, Eucalyptus Globulus Leaf Oil, Ocimum Basilicum (Basil) Flower/Leaf Extract, Pelargonium Graveolens Flower Oil, Pogostemon Cablin Oil, Pentylene Glycol, 1,2Hexanediol, Caprylyl Glycol, Xanthan Gum, Helianthus Annuus (Sunflower) Extract, Behenic Acid, Cetyl Behenate, Isostearyl Isostearate, Trisodium Ethylenediamine Disuccinate, Tocopherol, Allantoin, Rosmarinus Officinalis (Rosemary) Leaf Extract, Caprylic/Capric Triglyceride, Panthenol, Pentasodium Triphosphate, Citric Acid",7,2093,0.0,2.4,https://www.sephora.com/product/supergoop-play-everyday-lotion-spf-50-with-sunflower-extract-P454383?icid2=products%20grid:p454383,2.4,9.166666666666668
Tarteguard Mineral Powder Sunscreen Broad Spectrum SPF 30,tarte,sunscreen-sun-protection,28.0,"Polymethylsilsesquioxane, Silica, Jojoba Esters, Caprylyl Glycol, Alumina, Sodium Dehydroacetate, Phenoxyethanol, Vanillin, Caprylic/Capric Triglyceride, Hexylene Glycol, Vanilla Planifolia Fruit Extract, Aluminum Dimyristate, Triethoxycaprylylsilane, Disodium Stearoyl Glutamate, Iron Oxides, Mica.",202,23858,0.28,0.0,https://www.sephora.com/product/tarteguard-mineral-powder-sunscreen-broad-spectrum-spf-30-P430951?icid2=products%20grid:p430951,0.28,99.99999999999999
Green Defense Daily Mineral Sunscreen,Farmacy,sunscreen-sun-protection,36.0,"Water (Aqua), Ethyl Macadamiate, Cyclopentasiloxane, Ethylhexyl Palmitate, Propanediol, C1215 Alkyl Benzoate, Polysorbate 80, Glyceryl Stearate, Peg100 Stearate, Echinacea Purpurea Root Extract, Aronia Melanocarpa Fruit Extract, Hydrolyzed Verbascum Thapsus Flower, Tagetes Erecta Flower Extract, Alteromonas Ferment Extract, 7Dehydrocholesterol, Zea Mays (Corn) Oil, Helianthus Annuus (Sunflower) Seed Oil, Carthamus Tinctorius (Safflower) Seed Oil, Malic Acid, Tocopherol, Myristic Acid, Cetyl Alcohol, Glycerin, Hydrogenated Lecithin, Panthenol, Stearic Acid, Polyglyceryl6 Isostearate, Microcrystalline Cellulose, Alumina, Behenic Acid, Stearyl Alcohol, Caprylyl, Methicone, Dimethicone, Cyclohexasiloxane, Isohexadecane, Triethoxysilylethyl, Polydimethylsiloxyethyl Hexyl Dimethicone, Lauryl Peg9 Polydimethylsiloxyethyl, Dimethicone, 1,2Hexanediol, Behenyl Alcohol, Triethoxycaprylylsilane, Polyhydroxystearic Acid, Sodium Acrylate/Sodium Acryloyldimethyl Taurate Copolymer, Cellulose Gum, Sorbitan Oleate, Butylene Glycol, Phenoxyethanol, Caprylyl Glycol, Ethylhexylglycerin, Sodium Benzoate, Potassium Sorbate, Sodium Citrate, Citric Acid, Sodium Phytate.",66,9931,1.7,0.0,https://www.sephora.com/product/green-defense-daily-mineral-sunscreen-P449188?icid2=products%20grid:p449188,1.7,21.176470588235293
Umbra™ Sheer Physical Daily Defense Broad Spectrum Sunscreen SPF 30,Drunk Elephant,sunscreen-sun-protection,34.0,"Zinc Oxide 20%, Caprylic/Capric Triglyceride, Dicaprylyl Carbonate, Pentylene Glycol, Glycerin, Steareth2, Propanediol, Steareth21, Polyhydroxystearic Acid, Cetearyl Alcohol, Silica, Sclerocarya Birrea Seed Oil, Aloe Barbadensis Leaf Extract, Chondrus Crispus Extract, Haematococcus Pluvialis Extract, Helianthus Annuus (Sunflower) Sprout Extract, Vitis Vinifera (Grape) Juice Extract, Helianthus Annuus (Sunflower) Seed Oil, Simmondsia Chinensis (Jojoba) Seed Oil, Raspberry Seed Oil/Tocopheryl Succinate Aminopropanediol Esters, Hydrolyzed Wheat Protein, Tocopheryl Acetate, Tocopherol, Sea Acetyl Glucosamine, Cetearyl Glucoside, Sodium Stearoyl Glutamate, Tetrahexyldecyl Ascorbate, Glycine, Sucrose, Lecithin, Triethoxycaprylylsilane, Xanthan Gum, Trisodium Ethylenediamine Disuccinate, Caprylhydroxamic Acid, Caprylyl Glycol, Phenoxyethanol, Chlorphenesin, Sodium Dehydroacetate, Iron Oxides (CI 77491).",1000,31072,3.0,0.0,https://www.sephora.com/product/umbra-tm-sheer-physical-daily-defense-broad-spectrum-sunscreen-spf-30-P419222?icid2=products%20grid:p419222,3.0,11.333333333333334
Argan Daily Moisturizer Tinted SPF 47 Protect + Perfect,Josie Maran,sunscreen-sun-protection,36.0,*Organic. **Natural,387,12329,2.0,0.0,https://www.sephora.com/product/argan-daily-moisturizer-spf-47-protect-perfect-P394124?icid2=products%20grid:p394124,2.0,18.0
Umbra Tinte™ Physical Daily Defense Broad Spectrum Sunscreen SPF 30,Drunk Elephant,sunscreen-sun-protection,36.0,"Zinc Oxide 20%, Caprylic/Capric Triglyceride, Dicaprylyl Carbonate, Glycerin, Pentylene Glycol, Steareth2, Propanediol, Steareth21, Polyhydroxystearic Acid, Cetearyl Alcohol, Silica, Sclerocarya Birrea Seed Oil, Aloe Barbadensis Leaf Extract, Chondrus Crispus Extract, Haematococcus Pluvialis Extract, Helianthus Annuus (Sunflower) Sprout Extract, Vitis Vinifera (Grape) Juice Extract, Helianthus Annuus (Sunflower) Seed Oil, Simmondsia Chinensis (Jojoba) Seed Oil, Raspberry Seed Oil/Tocopheryl Succinate Aminopropanediol Esters, Hydrolyzed Wheat Protein, Tocopheryl Acetate, Tocopherol, Sea Acetyl Glucosamine, Cetearyl Glucoside, Sodium Stearoyl Glutamate, Tetrahexyldecyl Ascorbate, Glycine, Sucrose, Lecithin, Triethoxycaprylylsilane, Xanthan Gum, Trisodium Ethylenediamine Disuccinate, Caprylhydroxamic Acid, Caprylyl Glycol, Sodium C1416 Olefin Sulfonate, Phenoxyethanol, Chlorphenesin, Sodium Dehydroacetate, Iron Oxides. (CI 77491, CI 77492, CI 77499).",539,27906,2.0,0.0,https://www.sephora.com/product/umbra-tinte-tm-physical-daily-defense-broad-spectrum-sunscreen-spf-30-P419221?icid2=products%20grid:p419221,2.0,18.0
Invincible Setting Powder SPF 45,Supergoop!,sunscreen-sun-protection,30.0,"Calcium Aluminum Borosilicate, Silica, Polymethyl Methacrylate, Ethylhexylglycerin, Triethoxycaprylysilane, Nylon6/12, Sodium Dehydroacetate, Olive Glycerides, Ascorbyl Palmitate, Ceramide 3. May Contain +/ Iron Oxides (CI 77492, 77491, 77499), Titanium Dioxide (CI 77891).",491,23644,0.15,0.0,https://www.sephora.com/product/invincible-setting-powder-spf-45-P429247?icid2=products%20grid:p429247,0.15,200.0
Full Spectrum 360° Sun Silk Drops Organic Sunscreen SPF 30,COOLA,sunscreen-sun-protection,46.0,"Avobenzone 2.0%, Homosalate 10.0%, Octisalate 5.0%, Octocrylene 6.0%, Aloe Barbadensis Leaf Extract (Organic), Anthemis Nobilis (Chamomile) Flower Oil, Butylene Glycol, Butyloctyl Salicylate, Calcium Gluconate, Caprylic/Capric Triglyceride, Carthamus Tinctorius (Organic Safflower) Seed Oil, Citrus Aurantium Amara (Bitter Orange) Flower Extract, Citrus Aurantium Amara (Bitter Orange) Leaf/Twig Extract, Dicaprylyl Carbonate, Glycerin (Organic), Glyceryl Stearate Se, Jasminum Sambac (Jasmine) Leaf Cell Extract, Nylon12, Olea Europaea (Organic Olive) Fruit Oil, Plankton Leaf Extract, Propanediol, Schinus Molle Extract, Simmondsia Chinensis (Organic Jojoba) Seed Oil, Sodium Benzoate,  Sodium Hyaluronate, Sodium Stearoyl Glutamate, Theobroma Cacao (Cocoa) Seed Extract, Tocopheryl Acetate, Water (Aqua), Xanthan Gum.",689,29739,1.0,0.0,https://www.sephora.com/product/full-spectrum-360-sun-silk-drops-spf-30-P429516?icid2=products%20grid:p429516,1.0,46.0
Sun Safety Kit,Sephora Favorites,sunscreen-sun-protection,39.0,"Avobenzone 2.0%, Homosalate 10.0%, Octisalate 5.0%, Octocrylene 6.0%, Aloe Barbadensis Leaf Extract (Organic), Anthemis Nobilis (Chamomile) Flower Oil, Butylene Glycol, Butyloctyl Salicylate, Calcium Gluconate, Caprylic/Capric Triglyceride, Carthamus Tinctorius (Organic Safflower) Seed Oil, Citrus Aurantium Amara (Bitter Orange) Flower Extract, Citrus Aurantium Amara (Bitter Orange) Leaf/Twig Extract, Dicaprylyl Carbonate, Glycerin (Organic), Glyceryl Stearate Se, Jasminum Sambac (Jasmine) Leaf Cell Extract, Nylon12, Olea Europaea (Organic Olive) Fruit Oil, Plankton Leaf Extract, Propanediol, Schinus Molle Extract, Simmondsia Chinensis (Organic Jojoba) Seed Oil, Sodium Benzoate,  Sodium Hyaluronate, Sodium Stearoyl Glutamate, Theobroma Cacao (Cocoa) Seed Extract, Tocopheryl Acetate, Water (Aqua), Xanthan Gum.",177,24092,0.0,0.0,https://www.sephora.com/product/sun-safety-kit-P444459?icid2=products%20grid:p444459,2.773369565217391,14.06231628453851
Super Fluid Daily UV Defense Sunscreen Broad Spectrum SPF 50+,Kiehl's Since 1851,sunscreen-sun-protection,61.0,"Cyclopentasiloxane, Alcohol Denat., Silica, Dicaprylyl Ether, Styrene/Acrylates Copolymer, PEG30 Dipolyhydroxystearate, Dimethicone, Cyclohexasiloxane, Polymethylsilsesquioxane, Nylon12, Dicaprylyl Carbonate, Phenoxyethanol, Lauryl PEG/PPG18/18 Methicone, Sodium Chloride, Caprylyl Glycol, PEG8 Laurate, Poly C1030 Alkyl Acrylate, Disteardimonium Hectorite, Tocopherol, Isostearyl Alcohol, PAnisic Acid, Disodium EDTA, Dodecene, Poloxamer 407.",64,11399,0.0,4.2,https://www.sephora.com/product/super-fluid-daily-uv-defense-sunscreen-broad-spectrum-spf-50-P429522?icid2=products%20grid:p429522,4.2,14.523809523809524
Urban Environment Tinted UV Protector Broad Spectrum SPF 43,Shiseido,sunscreen-sun-protection,35.0,"Cyclopentasiloxane, Alcohol Denat., Silica, Dicaprylyl Ether, Styrene/Acrylates Copolymer, PEG30 Dipolyhydroxystearate, Dimethicone, Cyclohexasiloxane, Polymethylsilsesquioxane, Nylon12, Dicaprylyl Carbonate, Phenoxyethanol, Lauryl PEG/PPG18/18 Methicone, Sodium Chloride, Caprylyl Glycol, PEG8 Laurate, Poly C1030 Alkyl Acrylate, Disteardimonium Hectorite, Tocopherol, Isostearyl Alcohol, PAnisic Acid, Disodium EDTA, Dodecene, Poloxamer 407.",315,18095,1.1,0.0,https://www.sephora.com/product/urban-environment-tinted-uv-protector-broad-spectrum-spf-43-P378216?icid2=products%20grid:p378216,1.1,31.818181818181817
Handscreen SPF 40,Supergoop!,sunscreen-sun-protection,38.0,"Avobenzone 3%, Octisalate 5%, Octocrylene 10%, Glycerin, Butyloctyl Salicylate, C1215 Alkyl Benzoate, Cetearyl Alcohol, Propanediol, Glyceryl Stearate Citrate, Cocoglycerides, Isododecane, Cetyl Esters, Cetyl Phosphate, Diisopropyl Sebacate, Isodecyl Neopentanoate, Lauryl Lactate, Arginine, 1,2Hexanediol, Caprylyl Glycol, Hydroxyacetophenone, Polymethylsilsesquioxane, Raphanus Sativus (Radish) Seed Oil, Diethylhexyl Syringylidenemalonate, Helianthus Annuus (Sunflower) Seed Wax, Limnanthes Alba (Meadowfoam) Seed Oil, Acrylates/C1030 Alkyl Acrylate Crosspolymer, Chlorphenesin, Xanthan Gum, Trisodium Ethylenediamine Disuccinate Argania Spinosa Kernel Oil, Tocopherol, Cymbopogon Schoenanthus Oil, Hippophae Rhamnoides Fruit Oil, Elettaria Cardamomum Seed Oil, Eugenia Caryophyllus (Clove) Leaf Oil, Cinnamomum Cassia Leaf Oil, Vanillin, Eucalyptus Globulus Leaf Oil, Lavandula Hybrida Grosso Herb Oil.",153,1699,0.0,6.76,https://www.sephora.com/product/supergoop-handscreen-spf-40-P454392?icid2=products%20grid:p454392,6.76,5.621301775147929
Sunscreen Multi-Protection Broad Spectrum SPF 50,Clarins,sunscreen-sun-protection,43.0,"Dimethicone, Alcohol, Polyglyceryl3 Polydimethylsiloxyethyl Dimethicone, Aluminum Hydroxide, Stearic Acid, Nylon12, Peg12 Dimethicone, Sodium Chloride, Phenoxyethanol,  Fragrance, Peg/Ppg18/18 Dimethicone, Glycerin, Ethylhexylglycerin, Tocopheryl Acetate, Disodium Edta, Sanicula Europaea Extract, Butylene Glycol, Sodium Hyaluronate, Hydroxypropyltrimonium Maltodextrin Crosspolymer, Thermus Thermophillus Ferment, Lapsana Communis Flower/Leaf/Stem Extract, Ribes Nigrum(Black Currant) Bud Extract, Potassium Sorbate, Citric Acid, Camellia Sinensis Leaf Extract, Cucumismelo (Melon) Fruit Extract, Sodium Lauryl Sulfate.",107,6662,1.7,0.0,https://www.sephora.com/product/sunscreen-multi-protection-broad-spectrum-spf-50-P393065?icid2=products%20grid:p393065,1.7,25.294117647058822
The Broad Spectrum SPF 50 UV Protecting Fluid,La Mer,sunscreen-sun-protection,95.0,"Water\Aqua\Eau, Butyloctyl Salicylate, Methyl Trimethicone, Neopentyl Glycol Diheptanoate, Aleurites Moluccana (Kukui) Seed Oil, Lauryl Peg9 Polydimethylsiloxyethyl Dimethicone, Peg100 Stearate, Butylene Glycol, Glyceryl Stearate, Dipentaerythrityl TriPolyhydroxystearate, Potassium Cetyl Phosphate, Algae (Seaweed) Extract, Sesamum Indicum (Sesame) Seed Oil, Medicago Sativa (Alfalfa) Seed Powder, Helianthus Annuus (Sunflower) Seedcake, Prunus Amygdalus Dulcis (Sweet Almond) Seed Meal, Eucalyptus Globulus (Eucalyptus) Leaf Oil, Sodium Gluconate, Copper Gluconate, Calcium Gluconate, Magnesium Gluconate, Zinc Gluconate, Tocopheryl Succinate, Niacin, Sesamum Indicum (Sesame) Seed Powder, Laminaria Ochroleuca Extract, Malachite, Caffeine, Sorbitol, Sodium Hyaluronate, Cetyl Alcohol, Stearic Acid, Vp/Eicosene Copolymer, Ethylhexylglycerin, Saccharide Isomerate, Caprylic/Capric Triglyceride, Caprylyl Glycol, Ammonium Acryloyldimethyltaurate/Vp Copolymer, Dehydroxanthan Gum, Sodium Dehydroacetate, Citric Acid, Tourmaline, Styrene/Acrylates Copolymer, Silica, Peg8 Laurate, Fragrance (Parfum), Disodium Edta, Phenoxyethanol, Limonene, Geraniol, Hydroxycitronellal, Linalool, Citronellol, Mica, Green 5 (Ci 61570), Titanium Dioxide (Ci 77891).",47,7642,1.7,0.0,https://www.sephora.com/product/the-broad-spectrum-spf-50-uv-protecting-fluid-P417118?icid2=products%20grid:p417118,1.7,55.88235294117647
Radiance Primer Broad Spectrum SPF 35 Sunscreen,NARS,sunscreen-sun-protection,36.0,"Caprylyl Methicone, Dipropylene Glycol, Propanediol, Dimethicone, Butyloctyl Salicylate, Lactobacillus Ferment, Isododecane, Ammonium Acryloyldimethyltaurate/Vp Copolymer, Trisiloxane, Polysorbate 60, Trimethylsiloxysilicate, Dextrin Palmitate, Phenoxyethanol, C1422 Alcohols, Hydroxyethyl Acrylate/Sodium Acryloyldimethyl Taurate Copolymer, Hydrolyzed Wheat Protein/Pvp Crosspolymer, Panthenol, Fragrance, Evodia Rutaecarpa Fruit Extract, Dibutyl Ethylhexanoyl Glutamide, Dibutyl Lauroyl Glutamide, Disodium Edta, C1220 Alkyl Glucoside, Dipotassium Glycyrrhizate, Tocopheryl Acetate, Sodium Hyaluronate, Butylene Glycol, Pentylene Glycol, Tin Oxide, Potassium Sorbate, Hydroxyphenyl Propamidobenzoic Acid, Ethylhexylglycerin, Ascorbyl Palmitate, Mica,  Red 4, Yellow 5.",68,9739,1.0,0.0,https://www.sephora.com/product/radiance-primer-broad-spectrum-spf-35-sunscreen-P415965?icid2=products%20grid:p415965,1.0,36.0
Squalane + Mineral SPF 45,Biossance,sunscreen-sun-protection,39.0,"Inactive ingredients: Caprylic/Capric Triglyceride, Squalane, Polyglyceryl3 Sorbityl Linseedate, Cetyl Dimethicone, Dimethicone, Polymethylsilsesquioxane, Glycerin, Styrene/ Acrylates Copolymer, Thermus Thermophilus Ferment, Polyhydroxystearic Acid, Synthetic Fluorphlogopite, Sodium Chloride, Hydroxyacetophenone, Tocopheryl Acetate, Saccharide Isomerate, Caramel, Pentylene Glycol, 1,2Hexanediol, Caprylyl Glycol, Disteardimonium Hectorite, Triethoxycaprylylsilane, Bisabolol, Benzylidene Dimethoxydimethylindanone, Citrus Aurantium Amara (Bitter Orange) Flower Extract, Zingiber Officinale (Ginger) Root Extract",90,6532,1.69,0.0,https://www.sephora.com/product/squalane-mineral-spf-45-P429658?icid2=products%20grid:p429658,1.69,23.076923076923077
Defense Refresh (Re)setting Mist SPF 40,Supergoop!,sunscreen-sun-protection,30.0,"Avobenzone 2.8%, Homosalate 9.8%, Octisalate 4.9%, Octocrylene 9.5%), Alcohol Denat., Bisabolol, Brassica Campestris/Aleurites Fordi Oil Copolymer, Butyloctyl Salicylate, Caprylic/Capric Triglyceride, Capryloyl Glycerin/Sebacic Acid Copolymer, Dicaprylyl Carbonate, Diethylhexyl Syringylidenemalonate, Diheptyl Succinate, Diisooctyl Succinate, Ethyl Ferulate, Isododecane, Lauroyl Lysine, Mentha Piperita (Peppermint) Leaf Oil, Mentha Viridis (Spearmint) Leaf Oil, Nylon12, PVP, Rosmarinus Officinalis (Rosemary) Leaf Oil, Silica Silylate.",7,1339,0.0,3.4,https://www.sephora.com/product/supergoop-defense-refresh-re-setting-mist-spf-40-P454381?icid2=products%20grid:p454381,3.4,8.823529411764707
Clean Screen Mattifying Face Sunscreen SPF 30,REN Clean Skincare,sunscreen-sun-protection,38.0,*100% Natural Fragrance  Parfum 100% Naturel.,211,10140,1.7,0.0,https://www.sephora.com/product/clean-screen-mattifying-face-sunscreen-spf-30-P442990?icid2=products%20grid:p442990,1.7,22.35294117647059
Forever Young Body Butter with Sea Buckthorn SPF 40 PA+++,Supergoop!,sunscreen-sun-protection,38.0,"Isononyl Isononanoate, Caprylyl,, Methicone, Dicaprylyl Ether, Polyester8, Dimethicone, Glycerin, Propanediol, Cetearyl Alcohol, Hydroxyethyl Acrylate/Sodium Acryloyldimethyl Taurate Copolymer Sorbitan Stearate, Phenoxyethanol, Pyrus Malus (Apple) Fruit Extract, Potassium Cetyl Phosphate, Ceteareth20, Sodium Polyacrylate Starch, Diethylhexyl Syringylidenemalonate, Sodium PCA, Hydrogenated Palm Glycerides, Ethylhexylglycerin, Chlorphenesin, Sodium Ascorbyl Glucoside, Butylene Glycol, Disodium EDTA, Trimethylcyclohexyl Butylcarbamate, Xanthan Gum, Citrus Tangerina (Tangerine) Peel Oil, Cymbopogon Schoenanthus Oil, Elettaria Cardamomum Seed Oil, Eucalyptus Globulus Leaf Oil, Eugenia Caryophyllus (Clove) Flower Oil, Lavandula Hybrida Oil, Vanillin, Limonene, Polygonum Aviculare Extract, BHT, Citral, Hippophae Rhamnoides Fruit Extract Maltodextrin, Portulaca Oleracea Extract Potassium Sorbate, Sodium Benzoate, Tocopherol.",55,9049,5.7,0.0,https://www.sephora.com/product/forever-young-body-butter-with-sea-buckthorn-spf-40-pa-P400212?icid2=products%20grid:p400212,5.7,6.666666666666666
Max Mineral Naked Broad Spectrum SPF 45,Peter Thomas Roth,sunscreen-sun-protection,38.0,"Silica, Aluminum Hydroxide, Stearic Acid,Polymethylsilsesquioxane, Triethoxycaprylylsilane, Retinyl Palmitate (Vitamin A), Tocopheryl Acetate (Vitamin E), Ascorbyl Palmitate (Vitamin C), Salix Alba (Willow) Bark Extract, Butylene Glycol, Chlorphenesin, Potassium Sorbate, Tetrasodium EDTA.",92,7618,1.7,0.0,https://www.sephora.com/product/max-mineral-naked-broad-spectrum-spf-45-P430812?icid2=products%20grid:p430812,1.7,22.35294117647059
Clear Stick UV Protector WetForce Broad Spectrum Sunscreen SPF 50+,Shiseido,sunscreen-sun-protection,28.0,"Diphenylsiloxy Phenyl Trimethicone, Triethylhexanoin, Mineral Oil, Hydroxystearic Acid, Dibutyl Lauroyl Glutamide, Polyamide8, Peg/Ppg14/7 Dimethyl Ether, Lecithin, Glycyrrhiza Glabra (Licorice) Root Extract, Ppg17, Silica Dimethyl Silylate, BHT, Tocopherol, Pentaerythrityl TetraDiTButyl Hydroxyhydrocinnamate, Fragrance.",77,7610,0.52,0.0,https://www.sephora.com/product/wetforce-clear-stick-uv-protector-broad-spectrum-50-P429242?icid2=products%20grid:p429242,0.52,53.84615384615385
Super City Block Oil-Free Daily Face Protector Broad Spectrum 40 SPF,CLINIQUE,sunscreen-sun-protection,26.5,"Octinoxate 7.50% , Octisalate 2.00% , Titanium Dioxide 7.30% , Zinc Oxide 9.60%Trioctyldodecyl Citrate , Butylene Glycol , Dimethicone , Octyldodecyl Neopentanoate , Steareth2 , Silica , Rosa Roxburghii Fruit Extract , Citrus Unshiu Peel Extract , Porphyra Yezoensis (Algae) Extract , Glycyrrhiza Glabra (Licorice) Root Extract , Saccharomyces Lysate Extract , Cucumis Sativus (Cucumber) Fruit Extract , Betula Alba (Birch) Bark Extract , Hordeum Vulgare (Barley) Extract/Extrait D'Orge , Rosmarinus Officinalis (Rosemary) Leaf Extract , Helianthus Annuus (Sunflower) Seedcake , Gentiana Lutea (Gentian) Root Extract , Yeast Extract/Faex/Extrait De Levure , Sodium Rna , Magnesium Ascorbyl Phosphate , Dipotassium Glycyrrhizate , Tocopheryl Acetate , Pantethine , Squalane , Polyglyceryl6 Polyricinoleate , Propylene Glycol Dicaprate , Chamomilla Recutita (Matricaria) , Hexylene Glycol , Peg/Ppg18/18 Dimethicone , Caprylyl Glycol , Barium Sulfate , Polyethylene , Magnesium Aluminum Silicate , Lecithin , Ceteth2 , Peg40 Stearate , Sodium Stearate , Steareth20 , Sorbitan Tristearate , Isopropyl Titanium Triisostearate , Xanthan Gum , Stearic Acid , Aluminum Hydroxide , Citric Acid , Disodium Edta , Bht , Phenoxyethanol , Mica , Iron Oxides (Ci 77491, Ci 77492, Ci 77499) , Titanium Dioxide (Ci 77891) <iln38974></iln38974>",784,12038,1.4,0.0,https://www.sephora.com/product/super-city-block-oil-free-daily-face-protector-broad-spectrum-40-spf-P143329?icid2=products%20grid:p143329,1.4,18.92857142857143
Future Solution LX Total Protective Cream Broad Spectrum SPF 20 Sunscreen,Shiseido,sunscreen-sun-protection,265.0,"Glycerin, Dipropylene Glycol, Behenyl Alcohol, Butylene Glycol, Isohexadecane, Sd Alcohol 40B, Silica, Caprylic/Capric Triglyceride, Myristyl Myristate, Dimethicone, Polybutylene Glycol/Ppg9/1 Copolymer, Sorbitol, Stearyl Alcohol, Phytosteryl Macadamiate, Tocopheryl Acetate, Peg/Ppg17/4 Dimethyl Ether, Piperidinepropionic Acid, 2OEthyl Ascorbic Acid, Prunus Speciosa Leaf Extract, Angelica Acutiloba Root Extract, Isodonis Japonicus Leaf/Stalk Extract, Camellia Sinensis Leaf Extract, Zanthoxylum Piperitum Peel Extract, Beheneth20, Succinoglycan, Trisodium Edta, Sodium Citrate, Alcohol, Bht, Sodium Metaphosphate, Citric Acid, Talc, Dextrin Palmitate, Tocopherol, Methylparaben, Ethylparaben, Fragrance, Iron Oxides.",2,766,1.7,0.0,https://www.sephora.com/product/future-solution-lx-total-protective-cream-broad-spectrum-spf-20-sunscreen-P423167?icid2=products%20grid:p423167,1.7,155.88235294117646
Pep-Start Daily UV Protector Broad Spectrum SPF 50,CLINIQUE,sunscreen-sun-protection,19.5,"Titanium Dioxide 6.3% , Zinc Oxide 4.0%Dimethicone , Butyloctyl Salicylate , Polydiethylsiloxane , C1215 Alkyl Benzoate , Isononyl Isononanoate , Diethylhexyl Succinate , Neopentyl Glycol Diheptanoate , Methyl Trimethicone , Butylene Glycol , Ethylhexyl Methoxycrylene , Lauryl Peg9 Polydimethylsiloxyethyl Dimethicone , Silica , Laureth4 , Cetyl Peg/Ppg10/1 Dimethicone , Dipentaerythrityl TriPolyhydroxystearate , Hydrolyzed Wheat Protein/Pvp Crosspolymer , Caprylyl Glycol , Dimethicone Silylate , Dimethicone/Peg10/15 Crosspolymer , Isostearic Acid , Dimethicone Crosspolymer3 , Polyhydroxystearic Acid , Triethoxycaprylylsilane , Dipropylene Glycol , Phenoxyethanol , Iron Oxides (Ci 77491) , Iron Oxides (Ci 77492) <iln43311></iln43311>",272,15184,1.0,0.0,https://www.sephora.com/product/pep-start-daily-uv-protector-broad-spectrum-spf-50-P415773?icid2=products%20grid:p415773,1.0,19.5
Broad Spectrum SPF 50 Sunscreen Face Cream,CLINIQUE,sunscreen-sun-protection,27.0,"Oxybenzone 5.00% , Octisalate 5.00% , Homosalate 5.00% , Avobenzone 3.00% , Octocrylene 2.70%Methyl Trimethicone , Butylene Glycol , Butyloctyl Salicylate , Neopentyl Glycol Diheptanoate , Butyrospermum Parkii (Shea Butter) , Peg100 Stearate , Silica , Dipentaerythrityl TriPolyhydroxystearate , Lauryl Peg9 Polydimethylsiloxyethyl Dimethicone , Dimethicone , Glyceryl Stearate , Laurdimonium Hydroxypropyl Hydrolyzed Soy Protein , Rosmarinus Officinalis (Rosemary) Extract , Perilla Ocymoides Leaf Extract , Plankton Extract , Caffeine , Potassium Cetyl Phosphate , Sucrose , Styrene/Acrylates Copolymer , C3038 Olefin/Isopropyl Maleate/Ma Copolymer , Cetyl Alcohol , Vp/Eicosene Copolymer , Ethylhexylglycerin , Ammonium Acryloyldimethyltaurate/Vp Copolymer , Peg8 Laurate , Sodium Rna , Lecithin , Propyl Gallate , Arginine Ferulate , Tocopheryl Acetate , Caprylyl Glycol , Ascorbyl Tocopheryl Maleate , Stearic Acid , Xanthan Gum , Hexylene Glycol , Nordihydroguaiaretic Acid , Disodium Edta , Phenoxyethanol , Mica , Sodium Dehydroacetate <iln37123></iln37123>",202,9415,1.7,0.0,https://www.sephora.com/product/broad-spectrum-spf-50-sunscreen-face-cream-P232327?icid2=products%20grid:p232327,1.7,15.882352941176471
Glow Oil SPF 50,Supergoop!,sunscreen-sun-protection,34.0,"Avobenzone 3%, Homosalate 10%, Octisalate 5%, Octocrylene 10%, Caprylic/Capric Triglyceride, Alcohol, Octyldodecanol, C1215 Alkyl Benzoate, Polyester8, Polyamide3, Lauryl Lactate, Isodecyl Neopentanoate, Diisopropyl Sebacate, Diethylhexyl Syringylidenemalonate, Tocopherol, Glycine Soja (Soybean) Oil, Vitis Vinifera (Grape) Seed Oil, Raphanus Sativus (Radish) Seed Oil, Limnanthes Alba (Meadowfoam) Seed Oil, Helianthus Annuus (Sunflower) Seed Oil, Cocos Nucifera (Coconut) Oil, Butyrospermum Parkii (Shea) Butter, Argania Spinosa Kernel Oil, Pentaerythrityl Tetraditbutyl Hydroxyhydrocinnamate, Alaria Esculenta Extract, tButyl Alcohol, Cucumis Sativus (Cucumber) Fruit Extract,  Denatonium Benzoate, Citric Acid.",269,2208,0.0,5.0,https://www.sephora.com/product/supergoop-glow-oil-spf-50-P454387?icid2=products%20grid:p454387,5.0,6.8
Mineral Face Organic Matte Tint Sunscreen Lotion SPF 30,COOLA,sunscreen-sun-protection,36.0,"Titanium Dioxide 2.7%, Zinc Oxide 8.3%, Bisabolol (Organic), Brassica Campestris (Rapeseed) Seed Oil, C1314 Alkane, C912 Alkane, Calcium Sodium Borosilicate, Calcium Sodium Phosphosilicate, Camelina Sativa Seed Oil, Caprylic/Capric Triglyceride, Carthamus Tinctorius (Safflower) Oleosomes, Copernicia Cerifera (Carnauba) Wax (Organic), Dimethicone, Ethyl Ferulate, Helianthus Annuus (Sunflower) Seed Oil (Organic), Hydrated Silica, Hydrogen Dimethicone, Iron Oxides, Lecithin (Organic), Limnanthes Alba (Meadowfoam) Seed Oil, Mauritia Flexuosa (Buriti) Fruit Oil (Organic), Octyldodecyl Oleate, Oenothera Biennis (Evening Primrose) Oil (Organic), Opuntia FicusIndica Flower Extract, Pentaclethra Macroloba Seed Oil (Organic), Platonia Insignis Seed Butter (Organic), Polysilicone11, Rosa Canina Seed Extract (Organic), Rosmarinus Officinalis (Rosemary) Leaf Extract (Organic), Rubus Idaeus (Raspberry) Seed Oil (Organic), Silica, Simmondsia Chinensis (Jojoba) Seed Oil (Organic), Tapioca Starch (Organic), Theobroma Cacao (Cocoa) Seed Butter (Organic), Tocopherol, Trihydroxystearin, Vitis Vinifera (Grape) Seed Oil (Organic), Water.",0,712,1.7,0.0,https://www.sephora.com/product/coola-suncare-mineral-face-organic-matte-tint-sunscreen-lotion-spf-30-P455342?icid2=products%20grid:p455342,1.7,21.176470588235293
Mineral Crème Broad Spectrum SPF 50 UVA-UVB Sunscreen,MDSolarSciences,sunscreen-sun-protection,30.0,"Dimethicone, Dimethicone Crosspolymer, Caprylic/Capric Triglyceride, Glyceryl Isostearate, Polyhydroxystearic Acid, Silica, Dimethicone/Vinyl Dimethicone Crosspolymer, Butyloctyl Salicylate, Polysilicone15, Iron Oxides, PEG/PPG18/18 Dimethicone, Triethoxycaprylylsilane, Tetrahexyldecyl Ascorbate, Camellia Sinensis (Green Tea) Extract, Vaccinium Macrocarpon (Cranberry) Fruit Extract, Punica Granatum (Pomegranate) Extract.",359,11489,0.0,1.7,https://www.sephora.com/product/mineral-cr-me-broad-spectrum-spf-50-uva-uvb-sunscreen-P383591?icid2=products%20grid:p383591,1.7,17.647058823529413
Classic Face Sunscreen SPF 50 White Tea,COOLA,sunscreen-sun-protection,32.0,"Avobenzone 1.75% Homosalate 5% Octisalate 2% Octocrylene 5%, Aloe Barbadensis Leaf Juice (Organic), Brassica Campestris (Rapeseed) Seed Oil, Butylene Glycol, Camelina Sativa Seed Oil, Caprylyl Glycol, Carthamus Tinctorius (Safflower) Oleosomes, Carthamus Tinctorius (Safflower) Seed Oil (Organic), Carthamus Tinctorius (Safflower) Seedcake Extract, Decyl Glucoside, Dimethicone, Glycerin (Organic), Hydrogenated Methyl Abietata, Hydrolyzed Jojoba Esters, Jojoba Esters, Limnanthes Alba (Meadowfoam) Seed Oil, Mauritia Flexuosa Fruit Oil, 1,2 Hexanediol, Opuntia FicusIndica Flower Extract, Polyacrylate Crosspolymer6, Polysilicone11, Rubus Idaeus (Raspberry) Seed Oil, Silica, Sodium Phytate, Tropolone, Xanthan Gum.",5,799,1.7,0.0,https://www.sephora.com/product/classic-face-sunscreen-spf-50-white-tea-P452002?icid2=products%20grid:p452002,1.7,18.823529411764707
Instant Mineral SPF 45  ,Peter Thomas Roth,sunscreen-sun-protection,30.0,"Silica, Aluminum Hydroxide, Stearic Acid, Polymethylsilsesquioxane, Triethoxycaprylylsilane, Retinyl Palmitate (Vitamin A), Tocopheryl Acetate (Vitamin E), Ascorbyl Palmitate (Vitamin C), Salix Alba (Willow) Bark Extract, Butylene Glycol, Chlorphenesin, Potassium Sorbate, Tetrasodium EDTA.",473,13235,0.0,0.12,https://www.sephora.com/product/instant-mineral-spf-45-P261607?icid2=products%20grid:p261607,0.12,250.0
PLAY Everyday Lotion SPF 30 with Sunflower Extract,Supergoop!,sunscreen-sun-protection,32.0,"Avobenzone 3%, Homosalate 10%, Octisalate 5%, Polyester8, Acrylates Copolymer, Diisopropyl Sebacate, Glycerin, Isodecyl Neopentanoate, Isododecane, Lauryl Lactate, Cetyl Alcohol, Potassium Cetyl Phosphate, Brassica Campestris/Aleurites Fordi Oil Copolymer, Oryza Sativa (Rice) Bran Extract, Cetearyl Olivate, Ammonium Acryloyldimethyltaurate/VP Copolymer, Hydroxyacetophenone, Sorbitan Olivate, Diethylhexyl Syringylidenemalonate, Aniba Rosaeodora (Rosewood) Wood Oi, Chlorphenesin, Citrus Aurantium Dulcis (Orange) Peel Oil, Citrus Limon (Lemon) Peel Oil, Ethylhexylglycerin, Eucalyptus Globulus Leaf Oil, Ocimum Basilicum (Basil) Flower/Leaf Extract, Pelargonium Graveolens Flower Oil, Pogostemon Cablin Oil, Pentylene Glycol, 1,2Hexanediol, Caprylyl Glycol, Xanthan Gum, Helianthus Annuus (Sunflower) Extract, Behenic Acid, Cetyl Behenate, Isostearyl Isostearate, Trisodium Ethylenediamine Disuccinate, Tocopherol, Allantoin, Rosmarinus Officinalis (Rosemary) Leaf Extract, Caprylic/Capric Triglyceride, Panthenol, Pentasodium Triphosphate, Citric Acid",10,604,0.0,5.5,https://www.sephora.com/product/supergoop-play-everyday-lotion-spf-30-with-sunflower-extract-P454385?icid2=products%20grid:p454385,5.5,5.818181818181818
City Block Sheer Oil-Free Daily Face Protector SPF 25,CLINIQUE,sunscreen-sun-protection,27.0,"Titanium Dioxide 7.30% , Zinc Oxide 6.90%Trioctyldodecyl Citrate , Butylene Glycol , Cyclopentasiloxane , Dimethicone , C1215 Alkyl Benzoate , Steareth2 , Stearyl Heptanoate , Silica , Lecithin , Ammonium Acryloyldimethyltaurate/Vp Copolymer , Gentiana Lutea (Gentian) Root Extract , Rosmarinus Officinalis (Rosemary) Leaf Extract , Hordeum Vulgare (Barley) Extract/Extrait D'Orge , Betula Alba (Birch) Bark Extract , Cucumis Sativus (Cucumber) Fruit Extract , Laminaria Saccharina Extract , Saccharomyces Lysate Extract , Helianthus Annuus (Sunflower) Seedcake , Sodium Hyaluronate , Sorbitan Tristearate , Linoleic Acid , Polyquaternium51 , Caprylyl Methicone , Sorbitol , Sodium Rna , Peg40 Stearate , Caprylyl Glycol , Tocopheryl Acetate , Phytantriol , Stearic Acid , Hydrogenated Lecithin , Cellulose , Magnesium Ascorbyl Phosphate , Stearyl Dimethicone , Ascorbyl Tocopheryl Maleate , Nordihydroguaiaretic Acid , Linolenic Acid , Pantethine , Bisabolol , Ceteth2 , Peg/Ppg18/18 Dimethicone , Polyglyceryl6 Polyricinoleate , Steareth20 , Isopropyl Titanium Triisostearate , Propylene Glycol Dicaprate , Sodium Stearate , Nylon12 , Citric Acid , Aluminum Hydroxide , Nylon6 , Hexylene Glycol , Xanthan Gum , Disodium Edta , Bht , Phenoxyethanol , Titanium Dioxide (Ci 77891) , Iron Oxides (Ci 77491, Ci 77492, Ci 77499) <iln37355></iln37355>",470,6168,1.4,0.0,https://www.sephora.com/product/city-block-sheer-oil-free-daily-face-protector-spf-25-P196542?icid2=products%20grid:p196542,1.4,19.28571428571429
Poof 100% Mineral Part and Scalp Powder SPF 45,Supergoop!,sunscreen-sun-protection,34.0,"Active Ingredients: Zinc Oxide (24.5%) Inactive Ingredients: Calcium Aluminum Borosilicate, Silica, Polymethyl Methacrylate, Ethylhexylglycerin, Triethoxycaprylylsilane, Nylon6/12, Iron Oxides (CI 77492), Sodium Dehydroacetate, Titanium Dioxide (CI 77891), Olive Glycerides, Iron Oxides (CI 77499), Ascorbyl Palmitate, Iron Oxides (CI 77491), Ceramide 3.",34,4179,0.71,0.0,https://www.sephora.com/product/poof-100-mineral-part-powder-spf-45-P442987?icid2=products%20grid:p442987,0.71,47.887323943661976
Ultimate Sun Protection Cream WetForce Broad Spectrum Face Sunscreen SPF 50+,Shiseido,sunscreen-sun-protection,36.0,"Dimethicone, Sd Alcohol 40B, Isohexadecane, Butylene Glycol,  Isopropyl Myristate, Methyl Methacrylate Crosspolymer, Lauryl Peg9 Polydimethylsiloxyethyl Dimethicone, Xylitol, Glycerin, Polybutylene Glycol/Ppg9/1 Copolymer,Isododecane,Trimethylsiloxysilicate, Disteardimonium Hectorite, Peg6, Dextrin Palmitate, Peg32, Peg/Ppg14/7 Dimethyl Ether, Saxifraga Sarmentosa Extract, Scutellaria Baicalensis Root Extract, Ononis Spinosa Root Extract, Ectoin, Sophora Angustifolia Root Extract, Silica, Hydrogen Dimethicone, Carboxydecyl Trisiloxane, Aluminum Hydroxide, Stearic Acid, Trisodium Edta, Polymethylsilsesquioxane, Talc, Alcohol, Bht, Syzygium Jambos Leaf Extract, Tocopherol, Phenoxyethanol, Fragrance",104,7451,0.0,1.7,https://www.sephora.com/product/ultimate-sun-protection-cream-broad-spectrum-spf-50-wetforce-for-face-P393536?icid2=products%20grid:p393536,1.7,21.176470588235293
Broad Spectrum SPF 50 Mineral Sunscreen Fluid for Face,CLINIQUE,sunscreen-sun-protection,28.5,"Titanium Dioxide 6.3% , Zinc Oxide 4.0%Dimethicone , Butyloctyl Salicylate , Polydiethylsiloxane , C1215 Alkyl Benzoate , Isononyl Isononanoate , Diethylhexyl Succinate , Neopentyl Glycol Diheptanoate , Methyl Trimethicone , Butylene Glycol , Ethylhexyl Methoxycrylene , Lauryl Peg9 Polydimethylsiloxyethyl Dimethicone , Silica , Dipentaerythrityl TriPolyhydroxystearate , Laureth4 , Cetyl Peg/Ppg10/1 Dimethicone , Dimethicone/Peg10/15 Crosspolymer , Dimethicone Silylate , Hydrolyzed Wheat Protein/Pvp Crosspolymer , Triethoxycaprylylsilane , Dimethicone Crosspolymer3 , Isostearic Acid , Caprylyl Glycol , Polyhydroxystearic Acid , Dipropylene Glycol , Phenoxyethanol , Iron Oxides (Ci 77492) , Iron Oxides (Ci 77491) <iln41953></iln41953>",43,4428,1.0,0.0,https://www.sephora.com/product/broad-spectrum-spf-50-mineral-sunscreen-fluid-for-face-P410101?icid2=products%20grid:p410101,1.0,28.5
PLAY Antioxidant Mist SPF 50 with Vitamin C,Supergoop!,sunscreen-sun-protection,21.0,"Avobenzone 2.8%, Homosalate 9.8%, Octisalate 4.9%, Octocrylene 9.5%, Alcohol Denat., Butyloctyl Salicylate, Camellia Sinensis Leaf Extract, Cananga Odorata Flower Oil, Caprylic/Capric Triglyceride, Citrus Aurantifolia (Lime) Oil, Citrus Grandis (Grapefruit) Peel Oil, Citrus Medica Limonum (Lemon) Peel Oil, Citrus Nobilis (Mandarin Orange) Peel Oil, Citrus Reticulata (Tangerine) Leaf Oil, Citrus Sinensis Peel Oil, Dicaprylyl Carbonate, Diisopropyl Adipate, Ethyl Ferulate, Euterpe Oleracea Fruit Extract, Helianthus Annuus (Sunflower) Seed Oil, Isodecyl Neopentanoate, Lavandula Angustifolia (Lavender) Oil, Mentha Piperita (Peppermint) Oil, Mentha Viridis (Spearmint) Leaf Oil, Tetrahexyldecyl Ascorbate, Tridecyl Neopentanoate, VA/Butyl Maleate/Isobornyl Acrylate Copolymer, Vitis Vinifera (Grape) Seed Oil.",199,934,0.0,6.0,https://www.sephora.com/product/supergoop-play-antioxidant-mist-spf-50-with-vitamin-c-P454389?icid2=products%20grid:p454389,6.0,3.5
Sunscreen Care Oil Spray Broad Spectrum SPF 30,Clarins,sunscreen-sun-protection,36.0,Organic Nyamplung Oil: Nourishes and beautifies the skin and hair.,40,4642,5.0,0.0,https://www.sephora.com/product/sunscreen-care-oil-spray-broad-spectrum-spf-30-P385519?icid2=products%20grid:p385519,5.0,7.2
Sugar Sport Treatment Sunscreen SPF 30,Fresh,sunscreen-sun-protection,25.0,"Cera Alba (Beeswax), Ricinus Communis (Castor) Seed Oil, Hydrogenated Olive Oil Decyl Esters, Simmondsia Chinensis (Jojoba) Seed Oil, Vitis Vinifer(Grape) Seed Oil, Copernicia Cerifera (Carnauba) Wax, Parfum (Fragrance), Persea Gratissima (Avocado) Oil, LimnantheAlba (Meadowfoam) Seed Oil, Passiflora Incarnata Seed Oil, Sucrose Tetrastearate Triacetate, Citrus Limon (Lemon) Peel Oil, Ribes Nigrum (Black Currant) Seed Oil, Tocopherol, Ascorbyl Tetraisopalmitate, Ascorbyl Palmitate, Ammonium Glycyrrhizate, Vanillin, BHT, Limonene, Citral, Benzyl Alcohol, Linalool, Geraniol, Phenoxyethanol.",101,9700,0.2,0.0,https://www.sephora.com/product/sugar-sport-treatment-sunscreen-spf-30-P406676?icid2=products%20grid:p406676,0.2,125.0
Sheer Vivid Tinted Moisturizer SPF 20,ILIA,sunscreen-sun-protection,42.0,"Aloe Barbadensis Leaf Juice, Glycerin, Caprylic Capric Triglyceride, Sesamum Indicum (Sesame) Seed Oil*, Polyglyceryl2 Oleate, Polyhydroxystearic Acid, Polyglyceryl2 Stearate, Behenyl Olivate, Chondrus Crispus Extract, Persea Gratissima (Avocado) Oil, Camellia Sinensis (White Peony Tea) leaf*, Dimethicone, Cocos Nucifera (Coconut) Oil*, Butyrospermun Parkii (Shea Butter)*, Rosa Canina (Rosehip) Seed Oil*, Rosmarinus Officinalis (Rosemary) Leaf*, Jasminum Officinale (Jasmine) Flower/Leaf Extract, Lavandula Angustifolia (Lavender) Flower/Leaf/Steam Extract, Eugenia Caryophyllus (Clove) Flower Extract, Vitis Vinifera (Grape) Fruit Extract, Sodium Hyaluronate, Tocopherol, Ethylhexylglycerin, Phenethyl alcohol. May contain (+/): Mica, Titanium Dioxide (Ci 77891), Iron Oxide (Ci 77491, Ci 77492, Ci 77499).",30,5099,1.7,0.0,https://www.sephora.com/product/sheer-vivid-tinted-moisturizer-spf-20-P433893?skuId=2119329&icid2=products%20grid:p433893,1.7,24.705882352941178
Bum Bum Sol Oil SPF 30,Sol de Janeiro,sunscreen-sun-protection,38.0,"Homosalate, Octocrylene, Octisalate Avobenzone, Prunus Amygdalus Dulcis (Sweet Almond) Oil, Cocos Nucifera (Coconut) Oil, Vitis Vinifera (Grape) Seed Oil, Neopentyl Glycol Diheptanoate, Octyldodecanol, Fragrance, Dicaprylyl Carbonate, Euterpe Oleracea (Açaí) Fruit Oil, Mica, Silica, Theobroma Grandiflorum (Cupuaçu) Seed Butter, Tin Oxide, Tocopherol, Tocopheryl Acetate, Calcium Aluminum Borosilicate, Iron Oxides, Titanium Dioxide.",107,12572,3.0,0.0,https://www.sephora.com/product/bum-bum-sol-oil-spf-30-P442733?icid2=products%20grid:p442733,3.0,12.666666666666666
Sun Drops SPF 50,Dr. Barbara Sturm,sunscreen-sun-protection,145.0,"Butyloctyl Salicylate, Glycerine, Styrene/Acrylate Copolymer, Potassium Cetyl Phosphate, Cyclopentasiloxane, Glyceryl Stearate, Peg100 Stearate, Aluminum Starch Octenylsuccinate, Portulaca Oleracea Extract, Phenoxyethanol, Tocopheryl Acetate,Polyacrylate13, Pentylene Glycol, Xanthan Gum, Benzoic Acid, Ethylhexylglycerin, Glycereth2 Cocoate, Sodium Hyaluronate, Polyisobutene, Mpolysorbate 20, Panthenol, Arginine, Sodium Carboxymethyl BetaGlucan, Anthemis Nobilis Flower Extract, Camellia Sinensis Leaf Extract,Cassia Alata Leaf Extract.",14,1369,1.0,0.0,https://www.sephora.com/product/dr-barbara-sturm-sun-drops-spf-50-P447789?icid2=products%20grid:p447789,1.0,145.0
Sport Continuous Spray SPF 30 - Tropical Coconut,COOLA,sunscreen-sun-protection,36.0,"Alcohol, Algae Extract, Aloe Barbedensis Leaf Juice, Cucumis Sativus (Cucumber) Fruit Extract, Fragaria Vesca (Strawberry) Fruit Extract, Glycerin*, Methyl Dihydroabietate, Rubus Idaeus (Raspberry) Seed Oil*, Red Raspberry Seed Oil. *Certified Organic.",119,8958,0.0,8.0,https://www.sephora.com/product/sport-continuous-spray-spf-30-tropical-coconut-P395721?icid2=products%20grid:p395721,8.0,4.5
Turn Back Time Turmeric Supplement,HUM Nutrition,sunscreen-sun-protection,40.0,"Vitamin C, Skin Nurturing Complex Proprietary Blend (Polypodium Leucotomos Extract, ALA, Green Tea Extract, Turmeric, Lutein), Vegetarian Capsule, Rice Flour, Silica.",17,5167,0.0,0.0,https://www.sephora.com/product/turn-back-time-supplements-P408271?icid2=products%20grid:p408271,2.773369565217391,14.422888496962573
UncompliKated SPF 50 Soft Focus Makeup Setting Spray,Kate Somerville,sunscreen-sun-protection,38.0,"Alcohol Denat., Isobutane, Propane, Isododecane, Ethylhexyl Methoxycrylene, PVP, Methyl Dihydroabietate, Hydrolyzed Hyaluronic Acid, Rhodiola Rosea Root Extract, Lavandula Angustifolia (Lavender) Oil, Silica Silylate, Pentylene Glycol.",179,10469,3.4,0.0,https://www.sephora.com/product/uncomplikated-spf-50-soft-focus-makeup-setting-spray-P419712?icid2=products%20grid:p419712,3.4,11.176470588235295
Photo Finish Foundation Primer SPF 20,Smashbox,sunscreen-sun-protection,42.0,"Avobenzone 2.00%, Homosalate 15.00%, Octisalate 5.00%, Cyclopentasiloxane, Polysilicone11, Dimethicone Crosspolymer, C1215 Alkyl Benzoate, Tocopheryl Acetate, Cola Acuminata (Kola) Seed Extract, Vitis Vinifera (Grape) Seed Extract, Carthamus Tinctorius (Safflower) Seed Oil, Polyglyceryl4 Isostearate, Cetyl Peg/Ppg10/1 Dimethicone, Octyldodecyl Neopentanoate, Tribehenin, Ceramide 2, Peg10 Rapeseed Sterol, Palmitoyl Oligopeptide, Acetyl Hexapeptide8, Phenyl Trimethicone, Silica, Laureth12, Hexyl Laurate, Vp/Hexadecene Copolymer, Triethoxycaprylylsilane, Caprylyl Glycol, Hexylene Glycol, Hydrogenated Polydecene, Phenoxyethanol, Potassium Sorbate, Iron Oxides (Ci 77491) <iln39369></iln39369>",467,10782,1.0,0.0,https://www.sephora.com/product/photo-finish-foundation-primer-spf-20-with-dermaxyl-complex-P140903?icid2=products%20grid:p140903,1.0,42.0
Gradual Self-Tanning Face Gel,SEPHORA COLLECTION,sunscreen-sun-protection,17.0,"Aqua (Water), Glycerin, Propanediol, Dihydroxyacetone, Hydroxyethyl Acrylate/Sodium Acryloyldimethyl Taurate Copolymer, Methyl Gluceth20, Chondrus Crispus (Chondrus Crispus (Carrageenan)), Hydroxyacetophenone, Citric Acid, Parfum (Fragrance), Sclerotium Gum, Sodium Benzoate, Xanthan Gum, Polysorbate 60, Sorbitan Isostearate, Rosa Damascena Flower Sodium Citrate, CI 77891 (Titanium Dioxide), Mica, Silica, CI 19140 (Yellow 5), CI 16035 (Red 40), Potassium Sorbate.",4,934,0.0,0.0,https://www.sephora.com/product/sephora-collection-gradual-self-tanning-face-gel-P455217?icid2=products%20grid:p455217,2.773369565217391,6.129727611209094
Classic Face SPF 30 - Cucumber,COOLA,sunscreen-sun-protection,32.0,"Barbadensis Leaf Juice (Organic), Brassica Campestris (Rapeseed) Seed Oil, Butylene Glycol, Camelina Sativa Seed Oil, Caprylyl Glycol, Carthamus Tinctorius (Safflower) Oleosomes, Carthamus Tinctorius (Organic Safflower) Seed Oil, Carthamus Tinctorius (Safflower) Seedcake Extract, Decyl Glucoside, Dimethicone, Flavor, Glycerin (Organic), Hydrogenated Methyl Abietata, Hydrolyzed Jojoba Esters, Jojoba Esters, Limnanthes Alba (Meadowfoam) Seed Oil, Mauritia Flexuosa Fruit Oil, 1,2 Hexandiol, Opuntia FicusIndica Flower Extract, Polyacrylate Crosspolymer6, Polysilicone11, Rubus Idaeus (Raspberry) Seed Oil, Silica, Sodium Phytate, Squalane, Tropolone, Xanthan Gum.",53,4035,1.7,0.0,https://www.sephora.com/product/classic-face-spf-30-cucumber-P395621?icid2=products%20grid:p395621,1.7,18.823529411764707
Ultimate Sun Protection Spray Broad Spectrum SPF 50+ For Face/Body,Shiseido,sunscreen-sun-protection,40.0,"Avobenzone 3%, Homosalate 15%, Octisalate 5%, Octocrylene 2.5%, Oxybenzone 5%: Provide sun protection properties.",117,12406,5.0,0.0,https://www.sephora.com/product/ultimate-sun-protection-spray-broad-spectrum-spf-50-for-face-body-P385262?icid2=products%20grid:p385262,5.0,8.0
Mineral Sun Silk Crème SPF 30,COOLA,sunscreen-sun-protection,42.0,"Inactive Ingredients: Aloe Barbadensis Leaf Juice, Butylene Glycol, Caprylyl Glycol, Caprylic/Capric Triglyceride, Cetearyl Alcohol, Didecyldimonium Chloride, Dimethicone, Glyceryl Caprylate, Glyceryl Stearate Citrate, Hydroxyethyl Acrylate/Sodium Acryloyldimethyl Taurate Copolymer, Jasminum Sambac Leaf Cell Extract, Methylpropanediol, Niacinamide, PEG7 Trimethylolpropane Coconut Ether, Polyhydroxystearic Acid, Polyisobutene, Polyquaternium80, Propanediol, Schinus Molle Extract, Theobroma Cacao (Cocoa) Seed Extract.",61,5612,1.5,0.0,https://www.sephora.com/product/mineral-sun-silk-creme-P442271?icid2=products%20grid:p442271,1.5,28.0
Daydream™ Mineral Primer SPF 30,COOLA,sunscreen-sun-protection,42.0,"Alumina, Cyclopentasiloxane, Dimethicone, Dimethicone/Vinyl,Dimethicone Crosspolymer, Hexyl Laurate, Iris Pallida Leaf Cell Extract, Isododecane,Lonicera Japonica Callus Extract, Mica, Nymphaea Alba Leaf Cell Extract, PEG10Dimethicone, Polyglyceryl4 Isostearate, Polysilicone11, Silica, Stearic Acid, TitaniumDioxide, Trimethylsiloxysilicate.",133,8274,1.0,0.0,https://www.sephora.com/product/daydream-mineral-primer-spf-30-P408646?icid2=products%20grid:p408646,1.0,42.0
Ultimate Sun Protection Lotion Broad Spectrum SPF 50+ WetForce for Sensitive Skin & Children,Shiseido,sunscreen-sun-protection,42.0,"Dimethicone, Butylene Glycol, Glycerin, Diisopropyl Sebacate, Polymethyl Methacrylate, Hydrogenated Polydecene, Peg10 Dimethicone, Cyclomethicone, Peg9 Polydimethylsiloxyethyl Dimethicone, BisButyldimethicone Polyglyceryl3, Peg6, Trimethylsiloxysilicate, Peg32, Peg/Ppg14/7 Dimethyl Ether, Scutellaria Baicalensis Root Extract, Rubus Idaeus (Raspberry) Fruit Extract, Aloe Barbadensis Leaf Extract, Thymus Serpillum Extract, Aluminum Distearate, Aluminum Hydroxide, Hydrogen Dimethicone, Isostearic Acid, Disteardimonium Hectorite, Hydrated Silica, Sodium Metaphosphate, Triethoxycaprylylsilane, Stearic Acid, Dextrin Palmitate, Distearyldimonium Chloride, Tocopherol, Syzygium Jambos Leaf Extract",153,7390,3.3,0.0,https://www.sephora.com/product/ultimate-sun-protection-lotion-broad-spectrum-spf-50-wetforce-for-sensitive-skin-children-P405944?icid2=products%20grid:p405944,3.3,12.727272727272728
Sheer Mineral Sun Spray SPF 50,Dr. Dennis Gross Skincare,sunscreen-sun-protection,42.0,Zinc Oxide 12%: Provides broad spectrum UVA/UVB protection.,63,8059,4.0,0.0,https://www.sephora.com/product/sheer-mineral-sun-spray-spf-50-P385431?icid2=products%20grid:p385431,4.0,10.5
Urban Environment UV Protection Cream Broad Spectrum SPF 40 For Face/Body,Shiseido,sunscreen-sun-protection,35.0,Zinc Oxide 12%: Provides broad spectrum UVA/UVB protection.,196,7523,1.9,0.0,https://www.sephora.com/product/urban-enviroment-uv-protection-cream-broad-spectrum-spf-40-for-face-body-P282022?icid2=products%20grid:p282022,1.9,18.42105263157895
Oil-Free Sun Guard Sunscreen Water Resistant SPF 45,Jack Black,sunscreen-sun-protection,21.0,*Certified Organi,73,5583,4.0,0.0,https://www.sephora.com/product/oil-free-sun-guard-sunscreen-water-resistant-spf-45-P397664?icid2=products%20grid:p397664,4.0,5.25
Natural Protector Broad Spectrum SPF 35 Sunscreen,AMOREPACIFIC,sunscreen-sun-protection,65.0,"Phyllostachis Bambusoides Juice, Propanediol, Butyloctyl Salicylate, Alcohol, Cyclopentasiloxane, Dimethicone, Cyclohexasiloxane, C1422 Alcohols, Peg100 Stearate, Glyceryl Stearate, Behenyl Alcohol, Ammonium Acryloyldimethyltaurate/VP Copolymer, Fragrance, Polyacrylate13, C1220 Alkyl Glucoside, Polyisobutene, Portulaca Oleracea Extract, Prunus Mume Fruit Extract, Disodium EDTA, Butylene Glycol, Polysorbate 20, Camellia Sinensis Leaf Extract, 1,2Hexanediol, Caprylyl Glycol.",19,2111,2.02,0.0,https://www.sephora.com/product/natural-protector-broad-spectrum-spf-35-sunscreen-P413908?icid2=products%20grid:p413908,2.02,32.17821782178218
Classic Body Organic Sunscreen Spray SPF 70 Peach Blossom,COOLA,sunscreen-sun-protection,25.0,"Alcohol (ORGANIC), Bisabolol (ORGANIC), Brassica Campestris (Rapeseed) Seed Oil, Butyloctyl Salicylate, Camelina Sativa Seed Oil, Carthamus Tinctorius (Safflower) Seed Oil (ORGANIC), Cocos Nucifera (Coconut) Oil, Decanal, Ethyl Ferulate, Ethyl Hexanoate, Ethylhexyl Methoxycrylene, GammaNonalactone, GammaUndecalactone, Glycerin, Heliotropine, Hexyl Acetate, Limnanthes Alba (Meadowfoam) Seed Oil, Mauritia Flexuosa (Buriti) Fruit Oil (ORGANIC), Opuntia FicusIndica Flower Extract, Polyester8, Prunus Persica (Peach) Flower Extract, Rubus Idaeus (Raspberry) Seed Oil (ORGANIC), Triethyl Citrate, VA/Butyl Maleate/Isobornyl Acrylate Copolymer, Water.",0,276,6.0,0.0,https://www.sephora.com/product/coola-suncare-classic-body-organic-sunscreen-spray-spf-70-peach-blossom-P455341?icid2=products%20grid:p455341,6.0,4.166666666666667
My Sol Stick SPF 50,Sol de Janeiro,sunscreen-sun-protection,26.0,"Homosalate, Octocrylene, Ethylhexyl Salicylate, Butyl Methoxydibenzoylmethane, Calcium Aluminum Borosilicate, Cocos Nucifera (Coconut) Oil, Dicaprylyl Carbonate, Euterpe Oleracea (Acaí) Fruit Oil, Fragrance, Iron Oxides, Mica, Neopentyl Glycol Diheptanoate, Octyldodecanol, Prunus Amygdalus Dulcis (Sweet Almond) Oil, Silica, Theobroma Grandiflorum (Cupuaçu) Seed Butter, Tin Oxide, Titanium Dioxide, Tocopherol, Tocopheryl Acetate, Vitis Vinifera (Grape) Seed Oil.",57,7296,0.8,0.0,https://www.sephora.com/product/my-sol-stick-spf-50-P442736?icid2=products%20grid:p442736,0.8,32.5
ER+ Radical Recovery After-Sun Lotion,COOLA,sunscreen-sun-protection,32.0,"Helianthus Annuus (Sunflower) Seed Oil*, Aloe Barbadensis (Aloe Vera) Leaf Juice*, Cetearyl Alcohol, Glycerin, Caprylic/Capric Triglyceride, Cetearyl Glucoside, Saccharomyces/Agave Americana Leaf Ferment Filtrate*, Cetyl Palmitate, Lavandula Angustifolia (Lavender) Flower Oil*, Citrus Sinensis (Sweet Orange) Peel Oil, Citrus Reticulata (Mandarin Red) Peel Oil, Rosmarinus Officinalis (Rosemary) Leaf Oil, Cedrus Atlantica (Cedar) Wood Oil, Xanthan Gum, Rosmarinus Officinalis (Rosemary) Leaf Extract*, Dehydroacetic Acid, Benzyl Alcohol. *Certified Organic.",60,6440,6.0,0.0,https://www.sephora.com/product/er-radical-recovery-after-sun-lotion-P395631?icid2=products%20grid:p395631,6.0,5.333333333333333
Sheer Fluid Sun Shield Broad Spectrum SPF 30 Sunscreen,LANCER Skincare,sunscreen-sun-protection,60.0,"Cyclopentasiloxane, Alcohol, Denat., Glycerin, Polymethyl Methacrylate, Polyglyceryl3 Polydimethylsiloxyethyl Dimethicone, PEG/PPG18/18 Dimethicone, Vitis Vinifera (Grape) Fruit Cell Extract, Zingiber Officinale (Ginger) Root Extract, Tropaeolum Majus Extract, Helianthus Annuus (Sunflower) Sprout Extract, Bisabolol, Tocopherol, Lecithin, PEG9 Polydimethylsiloxyethyl Dimethicone, Triethoxysilylethyl Polydimethylsiloxyethyl Hexyl Dimethicone, Benzylidene Dimethoxydimethylindanone, Isomalt, Hexylene Glycol, Caprylyl Glycol, Ethylhexylglycerin, Phenoxyethanol.",27,2771,2.0,0.0,https://www.sephora.com/product/sheer-fluid-sun-shield-broad-spectrum-spf-30-sunscreen-P399749?icid2=products%20grid:p399749,2.0,30.0
Mineral Body Sunscreen SPF 50,COOLA,sunscreen-sun-protection,36.0,"Inactive Ingredients: Aloe Barbadensis Leaf Juice (organic), Amyris Balsamifera Bark Oil, Arachidyl Alcohol, Arachidyl Glucoside, Behenyl Alcohol, Benzyl Acetate, Brassica Camprestris Seed Oil, Butyloctyl Salicylate, C3038 Olefin/Isopropyl Maleate/MA Copolymer, Camelina Sativa Seed Oil, Cananga Odorata Flower Oil, Caprylic/Capric Triglyceride,  Carthamus Tinctorius (Safflower) Oleosomes, Cetyl Alcohol, Chlorphenesin, Citrus Aurantium Amara (Bitter Orange) Leaf/Twig Extract, Citrus Paradisi (Grapefruit) Peel Oil, Cocos Nucifera (Coconut) Oil (ORGANIC), Ethylhexylglycerin, Evernia Prunastri (Oakmoss) Extract, Glycerin (ORGANIC), Glyceryl Stearate, Laminaria Digitata (Algae) Extract (ORGANIC), Limnanthes Alba (Meadowfoam) Seed Oil, Magnesium Sulfate, Mauritia Flexuosa (Buriti) Fruit Oil (ORGANIC), Methyl Anthranilate, Neopentyl Glycol Diheptanoate, Opuntia FicusIndica Flower/Stem Extract, Pelargonium Graveolens Flower Oil, Polymethyl Methacrylate, Polysorbate 60, Rubus Idaeus (Red Raspberry) Seed Oil, Silica, Simmondsia Chinensis (Jojoba) Seed Oil (ORGANIC), Sorbitan Sesquioleate, Sorbitan Tristearate, Stearyl Alcohol, Stearyl/Octyldodecyl Citrate Crosspolymer, Tocopherol, Triethyl Citrate, VP/Hexadecene Copolymer.",204,1925,5.0,0.0,https://www.sephora.com/product/mineral-body-sunscreen-spf-50-P442270?icid2=products%20grid:p442270,5.0,7.2
Super Fluid UV Mineral Defense Titanium Dioxide Sunscreen Broad Spectrum SPF 50+,Kiehl's Since 1851,sunscreen-sun-protection,38.0,"Inactive Ingredients: Aloe Barbadensis Leaf Juice (organic), Amyris Balsamifera Bark Oil, Arachidyl Alcohol, Arachidyl Glucoside, Behenyl Alcohol, Benzyl Acetate, Brassica Camprestris Seed Oil, Butyloctyl Salicylate, C3038 Olefin/Isopropyl Maleate/MA Copolymer, Camelina Sativa Seed Oil, Cananga Odorata Flower Oil, Caprylic/Capric Triglyceride,  Carthamus Tinctorius (Safflower) Oleosomes, Cetyl Alcohol, Chlorphenesin, Citrus Aurantium Amara (Bitter Orange) Leaf/Twig Extract, Citrus Paradisi (Grapefruit) Peel Oil, Cocos Nucifera (Coconut) Oil (ORGANIC), Ethylhexylglycerin, Evernia Prunastri (Oakmoss) Extract, Glycerin (ORGANIC), Glyceryl Stearate, Laminaria Digitata (Algae) Extract (ORGANIC), Limnanthes Alba (Meadowfoam) Seed Oil, Magnesium Sulfate, Mauritia Flexuosa (Buriti) Fruit Oil (ORGANIC), Methyl Anthranilate, Neopentyl Glycol Diheptanoate, Opuntia FicusIndica Flower/Stem Extract, Pelargonium Graveolens Flower Oil, Polymethyl Methacrylate, Polysorbate 60, Rubus Idaeus (Red Raspberry) Seed Oil, Silica, Simmondsia Chinensis (Jojoba) Seed Oil (ORGANIC), Sorbitan Sesquioleate, Sorbitan Tristearate, Stearyl Alcohol, Stearyl/Octyldodecyl Citrate Crosspolymer, Tocopherol, Triethyl Citrate, VP/Hexadecene Copolymer.",20,2748,1.7,0.0,https://www.sephora.com/product/super-fluid-uv-mineral-defense-titanium-dioxide-sunscreen-broad-spectrum-spf-50-P422272?icid2=products%20grid:p422272,1.7,22.35294117647059
Face Protect SPF 50,TOM FORD,sunscreen-sun-protection,76.0,"Methyl Trimethicone, Butyloctyl Salicylate, Neopentyl Glycol Diheptanoate, Aleurites Moluccana (Kukui) Seed Oil, Lauryl PEG9 Polydimethylsiloxyethyl Dimethicone, PEG100 Stearate, Butylene Glycol, Glyceryl Stearate, Dipentaerythrityl TriPolyhydroxystearate, Potassium Cetyl Phosphate, Algae Extract, Laminaria Ochroleuca Extract, Scutellaria Baicalensis Root Extract, Glycyrrhetinic Acid, Caffeine, Caprylic/Capric Triglyceride, Cholesterol, Sorbitol, Yeast Polysaccharides, Ethylhexylglycerin, Sodium Hyaluronate, Cetyl Alcohol, Caprylyl Glycol, Vp/Eicosene Copolymer, Saccharide Isomerate, Tetrahexyldecyl Ascorbate, Tocopheryl Acetate, Ammonium Acryloyldimethyltaurate/VP Copolymer, Stearic Acid, Dehydroxanthan Gum, Fragrance, Sodium Dehydroacetate, Sodium Hydroxide, Citric Acid, Silica, Disodium EDTA, BHT, Phenoxyethanol, Mica, Titanium Dioxide (Ci 77891).",21,3241,1.0,0.0,https://www.sephora.com/product/face-protect-spf-50-P413926?icid2=products%20grid:p413926,1.0,76.0
Mineral Face Organic Matte Finish Sunscreen Lotion SPF 30,COOLA,sunscreen-sun-protection,36.0,"Bisabolol (Organic), Brassica Campestris (Rapeseed) Seed Oil, C1314 Alkane, C912 Alkane, Calcium Sodium Borosilicate, Calcium Sodium Phosphosilicate, Camelina Sativa Seed Oil, Caprylic/Capric Triglyceride, Carthamus Tinctorius (Safflower) Oleosomes, Copernicia Cerifera (Carnauba) Wax (Organic), Dimethicone, Ethyl Ferulate, Helianthus Annuus (Sunflower) Seed Oil (Organic), Hydrated Silica, Hydrogen Dimethicone, Lecithin (Organic), Limnanthes Alba (Meadowfoam) Seed Oil, Mauritia Flexuosa (Buriti) Fruit Oil (Organic), Oenothera Biennis (Evening Primrose) Oil (Organic), Opuntia FicusIndica Flower Extract, Pentaclethra Macroloba Seed Oil (Organic), Platonia Insignis Seed Butter (Organic), Polysilicone11, Rosa Canina Seed Extract (Organic), Rosmarinus Officinalis (Rosemary) Leaf Extract (Organic), Rubus Idaeus (Raspberry) Seed Oil (Organic), Silica, Simmondsia Chinensis (Jojoba) Seed Oil (Organic), Tapioca Starch (Organic), Theobroma Cacao (Cocoa) Seed Butter (Organic), Tocopherol, Trihydroxystearin, Vitis Vinifera (Grape) Seed Oil (Organic), Water.",0,329,1.7,0.0,https://www.sephora.com/product/coola-suncare-mineral-face-organic-matte-finish-sunscreen-lotion-spf-30-P455343?icid2=products%20grid:p455343,1.7,21.176470588235293
PLAY 100% Mineral Broad Spectrum Lotion SPF 50,Supergoop!,sunscreen-sun-protection,36.0,"C912 Alkane, Caprylic/Capric Triglyceride, Cetyl Esters, CocoCaprylate/Caprate, Haematococcus Pluvialis Extract, Helianthus Annuus (Sunflower) Seed Wax, Hydrogenated Rapeseed Oil, Hydrolyzed Jojoba Esters, Isopropyl Palmitate, Jojoba Esters, Perilla Ocymoides (Perilla) Seed Oil, Polyhydroxystearic Acid, Punica Granatum (Pomegranate) Seed Oil, Sea Silica, Stearic Acid, Water.",21,2755,3.4,0.0,https://www.sephora.com/product/play-100-mineral-broad-spectrum-lotion-spf-50-P448189?icid2=products%20grid:p448189,3.4,10.588235294117647
Whipped Argan Oil SPF 45 Body Butter,Josie Maran,sunscreen-sun-protection,42.0,"Water**, Glycerin**, Butyloctyl Salicylate, Caprylic/Capric Triglyceride**, Dimethicone, Carthamus Tinctorius (Safflower) Oleosomes**, Argania Spinosa (Argan) Kernel Oil*, Polyhydroxystearic Acid**, Arachidyl Alcohol**, Arachidyl Glucoside**, Behenyl Alcohol**, Cetearyl Alcohol**, CocoGlucoside**, Phenoxyethanol, Ethylhexylglycerin, Hydroxyethyl Acrylate/Sodium Acryloyldimethyl Taurate Copolymer, Ethyl Macadamiate**, Xanthan Gum**, Aloe Barbadensis Leaf Juice**, Bisabolol**, Butyrospermum Parkii (Shea) Butter**, Camellia Sinensis Leaf Extract**, Symphytum Officinale Leaf Extract**, Pongamia Glabra Seed Oil**, Tocopheryl Acetate, Aluminum Stearate, Alumina, Triethoxycaprylylsilane, Tocopherol**, Malic Acid**.",21,1333,5.0,0.0,https://www.sephora.com/product/whipped-argan-oil-spf-45-body-butter-P444042?icid2=products%20grid:p444042,5.0,8.4
Resort Collection Sun Protection Mist Broad Spectrum SPF 30 Sunscreen,AMOREPACIFIC,sunscreen-sun-protection,32.0,"Polyethylene, Isopropyl Palmitate, Polymethylsilsesquioxane, Homosalate, Octocrylene, Phenyl Trimethicone, Squalane, Butyloctyl Salicylate, Helianthus Annuus (Sunflower) Seed Wax, Ethylhexyl Salicylate, Ricinus Communis (Castor) Seed Oil, Butyl Methoxydibenzoylmethane, Phyllostachis Bambusoides Juice, Portulaca Oleracea Extract, Prunus Mume Fruit Extract, Camellia Sinensis Seed Oil, Glyceryl Caprylate, Butylene Glycol, Alcohol, Fragrance.",45,2647,2.7,0.0,https://www.sephora.com/product/resort-collection-sun-protection-mist-broad-spectrum-spf-30-sunscreen-P418362?icid2=products%20grid:p418362,2.7,11.851851851851851
After-Sun Milk Soothing Body Lotion,Moroccanoil,sunscreen-sun-protection,28.0,"Caprylic/Caprlc Triglyceride, Glycerin, Cyclopentasiloxane, Cetearyl Alcohol, Dicaprylyl Carbonate, Sorbitol, Peg8, Cocos Nucifera (Coconut) Oil, Argania Spinosa (Argan) Kernel Oil, Tocopherol, Tocopheryl Acetate, Aloe Barbadensis Leaf Juice Powder, Passiflora Incarnata Seed Oil, Gardenia Tahitensis Flower Extract, Microcrystalline Cellulose, Tyrosine, Ornithine Hcl, Arginine Hcl, Cellulose Gum, Fragrance, Menthyl Lactate, Inulin Lauryl Carbamate, Caprylyl Glycol, Sodium Polyacrylate, Sodium Bicarbonate, Ethylhexylglycerin, C3045 Alkyl Cetearyl Dimethicone Crosspolymer, Silica, Triethanolamine, Phenoxyethanol.",10,3261,5.0,0.0,https://www.sephora.com/product/after-sun-milk-soothing-body-lotion-P412109?icid2=products%20grid:p412109,5.0,5.6
PLAY Antioxidant Mist SPF 30 with Vitamin C,Supergoop!,sunscreen-sun-protection,21.0,"Caprylic/Caprlc Triglyceride, Glycerin, Cyclopentasiloxane, Cetearyl Alcohol, Dicaprylyl Carbonate, Sorbitol, Peg8, Cocos Nucifera (Coconut) Oil, Argania Spinosa (Argan) Kernel Oil, Tocopherol, Tocopheryl Acetate, Aloe Barbadensis Leaf Juice Powder, Passiflora Incarnata Seed Oil, Gardenia Tahitensis Flower Extract, Microcrystalline Cellulose, Tyrosine, Ornithine Hcl, Arginine Hcl, Cellulose Gum, Fragrance, Menthyl Lactate, Inulin Lauryl Carbamate, Caprylyl Glycol, Sodium Polyacrylate, Sodium Bicarbonate, Ethylhexylglycerin, C3045 Alkyl Cetearyl Dimethicone Crosspolymer, Silica, Triethanolamine, Phenoxyethanol.",0,359,0.0,6.0,https://www.sephora.com/product/supergoop-play-antioxidant-mist-spf-30-with-vitamin-c-P454391?icid2=products%20grid:p454391,6.0,3.5
Day Cream Broad Spectrum Sunscreen SPF 30,Anthony,sunscreen-sun-protection,34.0,"Caprylic/Capric Triglyceride, Corn Starch Modified, Cetearyl Olivate, Diethylhexyl 2,6Naphthalate, C1215 Alkyl Benzoate, Sorbitan Olivate, Gluconolactone, Squalene, Glycerin, Cyclopentasiloxane, Tocopheryl Acetate (DAlpha), Glycine Sojo (Soybean) Oil, Sodium Hyaluronate (L), Xanthan Gum, Carbomer, Aminomethyl Porpanol, Sodium Benzoate, Phenethyl Alcohol, Caprylyl Glycol, Phenoxyethanol, Trisodium Ethylenediamine Disuccinate, Potassium Sorbate.",7,605,3.0,0.0,https://www.sephora.com/product/day-cream-broad-spectrum-sunscreen-spf-30-P386498?icid2=products%20grid:p386498,3.0,11.333333333333334
PLAY 100% Mineral Mist SPF 30 with Marigold Extract,Supergoop!,sunscreen-sun-protection,34.0,"Aloe Barbadensis Leaf Juice, Bentonite, Butyloctyl Salicylate, Calendula Officinalis Flower Extract. Caprylhydroxamic Acid, Caprylyl Glycol, Carthamus Tinctorius (Safflower) Seed Oil, Cetearyl Alcohol,, Chamomilla Recutita (Matricaria) Flower Extract, CocoGlucoside, Glycerin, Helianthus Annuus (Sunflower) Seed Oil, Heptyl Undecylenate, Jojoba Esters, Melissa Officinalis Leaf Extract, Methyl Dihydroabietate, Nasturtium Officinale Flower/Leaf Extract, Spiraea Ulmaria Root Extract, Water.",17,3145,6.0,0.0,https://www.sephora.com/product/100-mineral-sunscreen-mist-with-marigold-extract-broad-spectrum-spf-30-P422349?icid2=products%20grid:p422349,6.0,5.666666666666667
Broad Spectrum SPF 30 Mineral Sunscreen Lotion for Body,CLINIQUE,sunscreen-sun-protection,32.0,"Titanium Dioxide 3.2% , Zinc Oxide 2.0%Dimethicone , Caprylyl Methicone , Butyloctyl Salicylate , Isononyl Isononanoate , Neopentyl Glycol Diheptanoate , Dimethicone/Peg10/15 Crosspolymer , Butylene Glycol , Diethylhexyl Succinate , Dipentaerythrityl TriPolyhydroxystearate , C1215 Alkyl Benzoate , Lauryl Peg9 Polydimethylsiloxyethyl Dimethicone , Trimethylsiloxysilicate , Hydroxyapatite , Cetyl Peg/Ppg10/1 Dimethicone , Methyl Trimethicone , Hydrolyzed Wheat Protein/Pvp Crosspolymer , Caprylyl Glycol , Dimethicone Silylate , Quaternium90 Bentonite , Sodium Chloride , Triethoxycaprylylsilane , Dimethicone Crosspolymer3 , Isostearic Acid , Silica , Polyhydroxystearic Acid , Propylene Carbonate , Sodium Citrate , Disodium Edta , Phenoxyethanol , Iron Oxides (Ci 77492) , Iron Oxides (Ci 77491) <iln41696></iln41696>",18,2056,4.2,0.0,https://www.sephora.com/product/broad-spectrum-spf-30-mineral-sunscreen-lotion-for-body-P410102?icid2=products%20grid:p410102,4.2,7.619047619047619
Mineral Body Sunscreen SPF 30,COOLA,sunscreen-sun-protection,36.0,* Ingredients from organic farming,194,1147,5.0,0.0,https://www.sephora.com/product/mineral-body-sunscreen-spf-30-P442269?icid2=products%20grid:p442269,5.0,7.2
After Sun Body Soother,OUAI,sunscreen-sun-protection,25.0,"Butane, Alcohol Denat., Isobutane, Butylene Glycol, Caprylyl Methicone, Glycerin, Rosa Canina Fruit Oil, Cocos Nucifera (Coconut) Fruit Cucumis Sativus (Cucumber) Fruit Extract, TocopherylAcetate, Panthenol, Tetrahexyldecyl Ascorbate,Retinyl Palmitate, Tocopherol, Aloe Barbadensis LeafJuice, Leuconostoc/Radish Root Ferment Filtrate,Parfum (Fragrance), PPG8Ceteth20, Hydroxyethylcellulose, Disodium Edta, Phenoxyethanol, Citric Acid, Potassium Sorbate, Sodium Benzoate, Chlorphenesin, Sodium Sulfate, Sorbic Acid, Benzoic Acid, Coumarin.",50,3121,4.0,0.0,https://www.sephora.com/product/after-sun-body-soother-P444162?icid2=products%20grid:p444162,4.0,6.25
Future Solution LX Total Protective Emulsion Broad Spectrum SPF 20 Sunscreen,Shiseido,sunscreen-sun-protection,265.0,"Dipropylene Glycol, Sd Alcohol 40B, Glycerin, Hydrogenated Polydecene, Xylitol, Isododecane, Dimethicone, Peg5 Glyceryl Stearate, Isostearic Acid, Silica, Phenyl Trimethicone, Triethanolamine, Xanthan Gum, Tocopheryl Acetate, Peg/Ppg17/4 Dimethyl Ether, Piperidinepropionic Acid, Phytosteryl Macadamiate, 2OEthyl Ascorbic Acid, Prunus Speciosa Leaf Extract, Angelica Acutiloba Root Extract, Isodonis Japonicus Leaf/Stalk Extract, Camellia Sinensis Leaf Extract, Zanthoxylum Piperitum Peel Extract, Ppg17, Glyceryl Stearate Se, Behenyl Alcohol, Behenic Acid, Stearic Acid, Batyl Alcohol, Peg30 Phytosterol, Butylene Glycol, Carbomer, Disodium Edta, Alcohol, Bht, Cellulose Gum, Sodium Metaphosphate, Talc, Dextrin Palmitate, Tocopherol, Ethylparaben, Methylparaben, Fragrance, Iron Oxides.",1,182,2.5,0.0,https://www.sephora.com/product/future-solution-lx-total-protective-emulsion-broad-spectrum-spf-20-sunscreen-P423168?icid2=products%20grid:p423168,2.5,106.0
Mineral Sunscreen Spray SPF 30,COOLA,sunscreen-sun-protection,42.0,"Algae Extract (ORGANIC), Aloe Barbadensis Leaf Juice (ORGANIC), Bentonite, Bisabolol (ORGANIC),  Brassica Campestris (Rapeseed) Seed Oil, Butyloctyl Salicylate, Camelina Sativa Seed Oil, Caprylhydroxamic Acid, Capryloyl Glycerin/Sebacic Acid Copolymer, Caprylyl Glycol, Carthamus Tinctorius (Safflower) Oleosomes, Cellulose Gum, Cetearyl Alcohol, Citric Acid, Citrus Aurantium Dulcis (ORGANIC Orange) Fruit CocoGlucoside, Cocos Nucifera (ORGANIC Coconut) Oil, Glycerin (ORGANIC), Helianthus Annuus (ORGANIC Sunflower) Seed Oil, Limnanthes Alba (Meadowfoam) Seed Oil, Mauritia Flexuosa (ORGANIC Buriti) Fruit Oil,  Methyl Dihydroabietate, Microcrystalline Cellulose, Opuntia FicusIndica Flower Extract, Propanediol, Rosmarinus Officinalis (ORGANIC Rosemary) Leaf Extract, Rubus Idaeus (ORGANIC Raspberry) Seed Oil, Shea Butter Ethyl Esters, Simmondsia Chinesis (ORGANIC Jojoba) Seed Oil, Sodium Stearoyl Glutamate, Water.",29,1373,8.0,0.0,https://www.sephora.com/product/mineral-sunscreen-spray-spf-30-P442272?icid2=products%20grid:p442272,8.0,5.25
Sun Lotion 50 SPF,Moroccanoil,sunscreen-sun-protection,32.0,"Cyclopentasiloxane, Glycerin, Polyester7, Neopentyl Glycol Diheptanoate, Lauryl Glucoside, Polyglyceryl2 Dipolyhydroxystearate, Fragrance, Argania Spinosa (Argan) Kernel Oil, Cocos Nucifera (Coconut) Oil, Tocopheryl Acetate, Trilinolein, Triolein, Tripalmitin, Trilinolenin, Gardenia Tahitensis Flower Extract, Tristearin, Triarachidin, Tocopherol, C5045 Alkyl Cetearyl Dimethicone Crosspolymer, Ammonium Acryloyldimethyltaurate/VP Copolymer, Polybutene, Xanthan Gum, Bht, Citric Acid, Potassium Sorbate, Methylisothiazolinone.",10,1461,5.0,0.0,https://www.sephora.com/product/sun-lotion-50-spf-P412110?icid2=products%20grid:p412110,5.0,6.4
Sun Oil 15 SPF,Moroccanoil,sunscreen-sun-protection,32.0,"Octocrylene (7%), Octinoxate(6.993%), Avobenzone (3%), Octisalate (3%),  Caprylic/Capric Triglyceride, Cocos Nucifera (Coconut) Oil, Cyclopentasiloxane,  Isopropyl Myristate, Cocoglycerides, Fragrance,  Argania Spinosa (Argan) Kernel Oil, Tocopheryl Acetate, Gardenia Tahitensis Flower Extract, Polybutene, Tocopherol, BHT.",16,2260,5.0,0.0,https://www.sephora.com/product/sun-oil-15-spf-P412112?icid2=products%20grid:p412112,5.0,6.4
Radiant Translucent Powder SPF 20,ILIA,sunscreen-sun-protection,34.0,"Mica, Zea Mays (Corn) Starch*, Zinc Stearate, Kaolin, Sunflower Oil*, Rosmarinus Officinalis (Rosemary) Leaf, Thymus Vulgaris (Thyme) Leaf, Aloe Barbadensis (Aloe Vera) Leaf*, Hibiscus Sabdariffa Flower Extract, Leuconostoc/radish Root Ferment Filtrate.",13,3510,0.2,0.0,https://www.sephora.com/product/radiant-translucent-powder-spf-20-P432061?icid2=products%20grid:p432061,0.2,170.0
Flow-Thru Radiant Transclucent Powder SPF 20,ILIA,sunscreen-sun-protection,34.0,"Mica, Zea Mays (Corn) Starch*, Zinc Stearate, Kaolin, Sunflower Oil*, Rosmarinus Officinalis (Rosemary) Leaf, Thymus Vulgaris (Thyme) Leaf, Aloe Barbadensis (Aloe Vera) Leaf*, Hibiscus Sabdariffa Flower Extract, Leuconostoc/radish Root Ferment Filtrate.",18,3490,0.0,0.0,https://www.sephora.com/product/flow-thru-radiant-transclucent-powder-spf-20-P423235?icid2=products%20grid:p423235,2.773369565217391,12.259455222418188
Sundaze Mineral Face Sunscreen SPF 30,Kopari,sunscreen-sun-protection,34.0,"Zinc Oxide: 12%, C1215 Alkyl Benzoate, CocoCaprylate, Propanediol, Butyloctyl Salicylate, Tridecyl Salicylate, Simmondsia Chinensis (Jojoba) Seed Oil, Butyrospermum Parkii (Shea) Butter, Glyceryl Behenate, Polyester7, Isodecyl Salicylate, Polyglyceryl3 Ricinoleate, Neopentyl Glycol Diheptanoate, Glyceryl Stearate, Dimethiconol/Propylsilsesquioxane/Silicate Crosspolymer, Trilaureth4 Phosphate, Phenylpropanol, Aloe Barbadensis Leaf Juice Powder, Allantoin, Bisabolol, Caprylyl Glycol, Cocos Nucifera (Coconut) Glycerin, Hydrolyzed Sodium Hyaluronate, Sodium Hyaluronate, Citrullus Lanatus (Watermelon) Seed Oil, Hibiscus Sabdariffa Seed Oil, Passiflora Edulis Seed Oil, Undaria Pinnatifida Extract, DLalpha Tocopherol Acetate, Coenzyme Q10, Cocos Nucifera (Coconut) Fruit Juice, Tocopherol, Potassium Sorbate, Sodium Benzoate, Citric Acid.",17,1817,1.7,0.0,https://www.sephora.com/product/sundaze-mineral-face-sunscreen-spf-30-P442970?icid2=products%20grid:p442970,1.7,20.0
Sun Lotion 30 SPF,Moroccanoil,sunscreen-sun-protection,32.0,"Homosalate (12%), Oxybenzone (6%), Octisalate (5%), Avobenzone(3%), Octocrylene (2.5%), Cyclopentasiloxane, Glycerin, Polyester7, Neopentyl Glycol Diheptanoate, Lauryl Glucoside, Polyglyceryl2 Dipolyhydroxystearate, Fragrance, Argania Spinosa (Argan) Kernel Oil, Cocos Nucifera (Coconut) Oil, Tocopheryl Acetate, Trilinolein, Triolein, Tripalmitin, Trilinolenin, Gardenia Tahitensis Flower Extract, Tristearin, Triarachidin, Tocopherol, C5045 Alkyl Cetearyl Dimethicone Crosspolymer, Ammonium Acryloyldimethyltaurate/VP Copolymer, Polybutene, Xanthan Gum, Bht, Citric Acid, Potassium Sorbate, Methylisothiazolinone.",6,993,5.0,0.0,https://www.sephora.com/product/sun-lotion-30-spf-P412111?icid2=products%20grid:p412111,5.0,6.4
Classic Body SPF 50- Guava Mango,COOLA,sunscreen-sun-protection,32.0,"Avobenzone 1.75% (Sunscreen), Homosalate 5.0% (Sunscreen), Octisalate 2.0% (Sunscreen), Octocrylene 5.0%  (Sunscreen), Aloe Barbadensis Leaf Juice (ORGANIC), Brassica Campestris (Rapeseed) Seed Oil, Butylene Glycol, Camelina Sativa Seed Oil, Caprylyl Glycol, Carthamus Tinctorius (Safflower) Oleosomes, Carthamus Tinctorius (Safflower) Seed Oil (ORGANIC), Carthamus Tinctorius (Safflower) Seedcake Extract, Decyl Glucoside, Didecyldimonium Chloride, Dimethicone, Flavor, Glycerin (ORGANIC), Hydrogenated Methyl Abietata, Hydrolyzed Jojoba Esters, Jojoba Esters, Limnanthes Alba (Meadowfoam) Seed Oil, Mauritia Flexuosa Fruit Oil, Methylpropanediol, Opuntia FicusIndica Flower Extract, Polyacrylate Crosspolymer6, Polyquaternium80, Polysilicone11, Rubus Idaeus (Raspberry) Seed Oil, Silica, Sodium Phytate, Squalane, Xanthan Gum.",12,1422,5.0,0.0,https://www.sephora.com/product/classic-body-spf-50-guava-mango-P443553?icid2=products%20grid:p443553,5.0,6.4
City Skin Age Defense Broad Spectrum SPF 50 PA++++,Murad,sunscreen-sun-protection,68.0,"Cyclopentasiloxane, Dimethicone, Glycerin, C1215 Alkyl Benzoate, Argania Spinosa Kernel Oil, Tocopheryl Acetate, Polyurethane35, Polyglyceryl3 Polydimethylsiloxyethyl Dimethicone, Polymethylsilsesquioxane, Avena Sativa (Oat) Kernel Extract, Xanthophyll, Retinyl Palmitate, Ascorbic Acid, Bisabolol, Hydrolyzed Jojoba Esters, Urea, Yeast Amino Acids, Trehalose, Inositol, Taurine, Betaine, Biosaccharide Gum4, Hydroxyphenyl Propamidobenzoic Acid, Silica, Tapioca Starch, Sucrose, Pentylene Glycol, Butylene Glycol, Stearic Acid, Dimethicone/PEG10/15 Crosspolymer, Dimethicone/Vinyl Dimethicone Crosspolymer, Lauryl PEG9 Polydimethylsiloxyethyl Dimethicone, PEG8 Dimethicone, Octyldodecanol, Sodium Propoxyhydroxypropyl Thiosulfate Silica, Triethoxysilylethyl Polydimethylsiloxyethyl Hexyl Dimethicone, Aluminum Hydroxide, PEG/PPG18/18 Dimethicone, Triethoxycaprylylsilane, Phenoxyethanol, Ethylhexylglycerin, Iron Oxides (CI 77491).",230,15070,1.7,0.0,https://www.sephora.com/product/city-skin-age-defense-broad-spectrum-spf-50-pa-P417980?icid2=products%20grid:p417980,1.7,40.0
Sport Continuous Spray SPF 50 - Unscented,COOLA,sunscreen-sun-protection,36.0,"Alcohol (Organic), Algae (Organic) Extract, Aloe Barbadensis (Organic) Leaf Extract,Butyloctyl Salicylate, Cucumis Sativus (Organic Cucumber) Fruit Extract, Fragaria Vesca (Organic Strawberry) Fruit Extract,Glycerin (Organic), Va/Butyl Maleate/Isobornyl Acrylate Copolymer, Water.",68,4187,0.0,8.0,https://www.sephora.com/product/sport-continuous-spray-spf-50-unscented-P395723?icid2=products%20grid:p395723,8.0,4.5
DayWear Multi-Protection Anti-Oxidant Sheer Tint Release Moisturizer Broad Spectrum SPF 15 - Normal/ Combination Skin,Estée Lauder,sunscreen-sun-protection,54.0,"Daywear Plus Mlti/Prt Moist Spf 15   Division: El (Estee Lauder)Active Ingredients: Octinoxate 7.50% , Octisalate 5.00% , Avobenzone 2.00%Ingredients: Dimethicone , Caprylic/Capric/Myristic/Stearic Triglyceride , Butylene Glycol , Cyclopentasiloxane , Cetyl Ricinoleate , Steareth2 , DiC1215 Alkyl Fumarate , Polysilicone11 , Pentylene Glycol , Steareth21 , Aspalathus Linearis (Red Tea) Leaf Extract , Camellia Sinensis (White Tea) Leaf Extract , Coffea Arabica (Coffee) Seed Extract , Polygonum Cuspidatum Root Extract , Triticum Vulgare (Wheat) Germ Extract , Betula Alba (Birch) Bark Extract , Laminaria Ochroleuca Extract , Hordeum Vulgare (Barley) Extract/Extrait D'Orge , Saccharomyces Lysate Extract , Rosmarinus Officinalis (Rosemary) Extract , Vitis Vinifera (Grape) Seed Extract , Ethylbisiminomethylguaiacol Manganese Chloride , Cholesterol , Phospholipids , Maltodextrin , Ascorbyl Tocopheryl Maleate , Cyclodextrin , Sodium Hyaluronate , Hydrogenated Lecithin , Trehalose , Nordihydroguaiaretic Acid , Palmitoyl Hydroxypropyltrimonium Amylopectin/Glycerin Crosspolymer , Pantethine , Linolenic Acid , Oryzanol , Lecithin , Squalane , Linoleic Acid , Glycerin , Sodium Pca , Urea , Caprylic/Capric Triglyceride , Polyethylene , Isopropyl Myristate , Behenyl Alcohol , Sodium Carbomer , Tromethamine , Stearyl Alcohol , Pvp/Hexadecene Copolymer , Polymethyl Methacrylate , Polyquaternium51 , Carbomer , Fragrance , Disodium Edta , Sorbic Acid , Potassium Sorbate , Sodium Dehydroacetate , Chlorphenesin , Phenoxyethanol , Linalool , Butylphenyl Methylpropional , Hydroxyisohexyl 3Cyclohexene Carboxaldehyde , Benzyl Salicylate , Titanium Dioxide (Ci 77891) , Iron Oxides (Ci 77491, Ci 77492, Ci 77499) <iln34406></iln34406>",19,2937,1.7,0.0,https://www.sephora.com/product/daywear-multi-protection-anti-oxidant-sheer-tint-release-moisturizer-broad-spectrum-spf-15-normal-combination-skin-P401118?icid2=products%20grid:p401118,1.7,31.764705882352942
UV PLUS Anti-Pollution Sunscreen Multi-Protection Tint SPF 50,Clarins,sunscreen-sun-protection,45.0,"Dimethicone, Alcohol, Polyglyceryl3 Polydimethylsiloxyethyl Dimethicone, Aluminum Hydroxide, Stearic Acid, Peg/Ppg18/18 Dimethicone, Nylon12, Peg12 Dimethicone, Sodium Chloride, Phenoxyethanol, Fragrance, Glycerin, Ethylhexylglycerin, Tocopheryl Acetate, Disodium Edta, Sanicula Europaea Extract, Butylene Glycol, Sodium Lauroyl Glutamate, Lysine, Magnesium Chloride, Sodium Hyaluronate, Hydroxypropyltrimonium Maltodextrin Crosspolymer, Thermus Thermophillus Ferment, Lapsana Communis Flower/Leaf/Stem Extract, Ribes Nigrum (Black Currant) Bud Extract, Potassium Sorbate, Citric Acid, Camellia Sinensis Leaf Extract, Cucumis Melo (Melon) Fruit Extract, Sodium Lauryl Sulfate, +/ May Contain: Titanium Dioxide (Ci 77891), Iron Oxides (Ci 77491, Ci 77492, Ci 77499), [S2703A].",59,5664,1.7,0.0,https://www.sephora.com/product/uv-plus-anti-pollution-sunscreen-multi-protection-tint-spf-50-P407408?icid2=products%20grid:p407408,1.7,26.47058823529412
Super Serum Skin Tint Broad Spectrum SPF 40 Sunscreen,ILIA,sunscreen-sun-protection,46.0,"Squalane*, Polyglyceryl3 Ricinoleate, Butyloctyl Salicylate, Propanediol, Shea Butter Ethyl Esters, Isoamyl Laurate*, Isopropyl Isostearate, Polyglyceryl3 Diisostearate, Methylpropanediol, Niacinamide, Sodium Chloride, Lecithin, Caprylyl Glycol, Silica, Aloe Barbadensis Leaf Juice Powder, Bisabolol, Hydrolyzed Sodium Hyaluronate, Allantoin, Phenylpropanol, Sodium Myristoyl Glutamate, Sodium Hyaluronate, Tetrasodium Glutamate Diacetate, Aluminum Hydroxide, Polyhydroxystearic Acid. May Contain/Peut Contenir (±): Ci 77491, Ci 77492, Ci 77499 (Iron Oxides), Ci 77891 (Titanium Dioxide). *Organic Ingredients.",0,268,1.0,0.0,https://www.sephora.com/product/ilia-super-serum-skin-tint-spf-40-P455418?icid2=products%20grid:p455418,1.0,46.0
Lip Sleeping Mask,LANEIGE,lip-treatments,20.0,"Diisostearyl Malate, Hydrogenated Polyisobutene, Phytosteryl / Isostearyl / Cetyl / Stearyl / Behenyl Dimer Dilinoleate, Hydrogenated Poly(C614 Olefin), Polybutene, Microcrystalline Wax / Cera Microcristallina / Cire Microcristalline, Butyrospermum Parkii (Shea) Butter, Synthetic Wax, Euphorbia Cerifera (Candelilla) Wax / Candelilla Cera / Cire de Candelilla, Sucrose Tetrastearate Triacetate, Butylene / Ethylene / Styrene Copolymer, Ethylene / Propylene / Styrene Copolymer, Mica (CI 77019), Astrocaryum Murumuru Seed Butter, Titanium Dioxide (CI 77891), Dimethicone, Fragrance / Parfum, Polyglyceryl2 Diisostearate, Dehydroacetic Acid, Methicone, Copernicia Cerifera (Carnauba) Wax / Cera Carnauba / Cire de Carnauba, Polyglyceryl2 Triisostearate, Yellow 6 Lake (CI 15985), Red 6 (CI 15850), Polyhydroxystearic Acid, Potassium Alginate, Propanediol, Glycerin, Alcohol, Lycium Chinense Fruit Extract, Vaccinium Macrocarpon (Cranberry) Fruit Extract, Fragaria Chiloensis (Strawberry) Fruit Extract, Rubus Idaeus (Raspberry) Fruit Extract, Sapindus Mukorossi Fruit Extract, Vaccinium Angustifolium (Blueberry) Fruit Extract, Rubus Chamaemorus Seed Extract, Coffea Arabica (Coffee) Seed Extract, Chenopodium Quinoa Seed Extract, Magnesium Sulfate, Calcium Chloride, Sodium Hyaluronate, BetaGlucan, Manganese Sulfate, Zinc Sulfate, Ascorbyl Glucoside.",8000,315697,0.7,0.0,https://www.sephora.com/product/lip-sleeping-mask-P420652?icid2=products%20grid:p420652,0.7,28.571428571428573
Dior Lip Glow,Dior,lip-treatments,34.0,"Diisostearyl Malate, Hydrogenated Polyisobutene, Phytosteryl / Isostearyl / Cetyl / Stearyl / Behenyl Dimer Dilinoleate, Hydrogenated Poly(C614 Olefin), Polybutene, Microcrystalline Wax / Cera Microcristallina / Cire Microcristalline, Butyrospermum Parkii (Shea) Butter, Synthetic Wax, Euphorbia Cerifera (Candelilla) Wax / Candelilla Cera / Cire de Candelilla, Sucrose Tetrastearate Triacetate, Butylene / Ethylene / Styrene Copolymer, Ethylene / Propylene / Styrene Copolymer, Mica (CI 77019), Astrocaryum Murumuru Seed Butter, Titanium Dioxide (CI 77891), Dimethicone, Fragrance / Parfum, Polyglyceryl2 Diisostearate, Dehydroacetic Acid, Methicone, Copernicia Cerifera (Carnauba) Wax / Cera Carnauba / Cire de Carnauba, Polyglyceryl2 Triisostearate, Yellow 6 Lake (CI 15985), Red 6 (CI 15850), Polyhydroxystearic Acid, Potassium Alginate, Propanediol, Glycerin, Alcohol, Lycium Chinense Fruit Extract, Vaccinium Macrocarpon (Cranberry) Fruit Extract, Fragaria Chiloensis (Strawberry) Fruit Extract, Rubus Idaeus (Raspberry) Fruit Extract, Sapindus Mukorossi Fruit Extract, Vaccinium Angustifolium (Blueberry) Fruit Extract, Rubus Chamaemorus Seed Extract, Coffea Arabica (Coffee) Seed Extract, Chenopodium Quinoa Seed Extract, Magnesium Sulfate, Calcium Chloride, Sodium Hyaluronate, BetaGlucan, Manganese Sulfate, Zinc Sulfate, Ascorbyl Glucoside.",4000,274816,0.12,0.0,https://www.sephora.com/product/dior-addict-lip-glow-color-reviver-balm-P236816?icid2=products%20grid:p236816,0.12,283.33333333333337
The Kissu Lip Mask,Tatcha,lip-treatments,28.0,*Hadasei3,315,45735,0.32,0.0,https://www.sephora.com/product/tatcha-the-kissu-lip-mask-P453225?icid2=products%20grid:p453225,0.32,87.5
Watermelon Glow Lip Pop,Glow Recipe,lip-treatments,22.0,"Diisostearyl Malate, Pentaerythrityl Tetraisostearate, Hydrogenated Polyisobutene, Phytostearyl/Isostearyl/Cetyl/Stearyl/Behenyl Dimer Dilinoleate, Polyethylene, Diphenyl Dimethicone, Jojoba Esters, Tridecyl Trimellitate, Dipentaerythrityl Hexahydroxystearate/Hexastearate/Hexarosinate, Caprylyl Methicone, Trioctyldodecyl Citrate, Microcrystalline Wax/Cire Microcristalline, Silica Dimethyl Silyate, Octyldodecanol, Citrullus Lanatus (Watermelon) Seed Oil, Coconut Flower Sugar, Ceresin, Citrullus Lanatus (Watermelon) Fruit Extract, Glyceryl Behenate/Eicosadioate, Isostearic Acid, Hibiscus Sabdariffa Flower Extract, Maltodextrin, Dehydroacetic Acid, Citric Acid, Titanium Dioxide, Propylene Glycol, Tocopherol, Malic Acid, Ascorbic Acid, Tartaric Acid, Crataegus Monogyna Flower Extract, Sodium Benzoate, Potassium Sorbate, Viola Tricolor Extract, Red 27 (CI 45410:1), Red 7 Lake (CI15850:1), Red 6 (CI15850), Fragrance/Parfum.",118,10288,0.1,0.0,https://www.sephora.com/product/glow-recipe-watermelon-glow-lip-pop-P455236?icid2=products%20grid:p455236,0.1,220.0
Sugar Lip Treatment Sunscreen SPF 15,Fresh,lip-treatments,24.0,"Diisostearyl Malate, Pentaerythrityl Tetraisostearate, Hydrogenated Polyisobutene, Phytostearyl/Isostearyl/Cetyl/Stearyl/Behenyl Dimer Dilinoleate, Polyethylene, Diphenyl Dimethicone, Jojoba Esters, Tridecyl Trimellitate, Dipentaerythrityl Hexahydroxystearate/Hexastearate/Hexarosinate, Caprylyl Methicone, Trioctyldodecyl Citrate, Microcrystalline Wax/Cire Microcristalline, Silica Dimethyl Silyate, Octyldodecanol, Citrullus Lanatus (Watermelon) Seed Oil, Coconut Flower Sugar, Ceresin, Citrullus Lanatus (Watermelon) Fruit Extract, Glyceryl Behenate/Eicosadioate, Isostearic Acid, Hibiscus Sabdariffa Flower Extract, Maltodextrin, Dehydroacetic Acid, Citric Acid, Titanium Dioxide, Propylene Glycol, Tocopherol, Malic Acid, Ascorbic Acid, Tartaric Acid, Crataegus Monogyna Flower Extract, Sodium Benzoate, Potassium Sorbate, Viola Tricolor Extract, Red 27 (CI 45410:1), Red 7 Lake (CI15850:1), Red 6 (CI15850), Fragrance/Parfum.",9000,294245,0.15,0.0,https://www.sephora.com/product/sugar-lip-treatment-spf-15-P57002?icid2=products%20grid:p57002,0.15,160.0
Lip Glow Oil,Dior,lip-treatments,34.0,"Diisostearyl Malate, Pentaerythrityl Tetraisostearate, Hydrogenated Polyisobutene, Phytostearyl/Isostearyl/Cetyl/Stearyl/Behenyl Dimer Dilinoleate, Polyethylene, Diphenyl Dimethicone, Jojoba Esters, Tridecyl Trimellitate, Dipentaerythrityl Hexahydroxystearate/Hexastearate/Hexarosinate, Caprylyl Methicone, Trioctyldodecyl Citrate, Microcrystalline Wax/Cire Microcristalline, Silica Dimethyl Silyate, Octyldodecanol, Citrullus Lanatus (Watermelon) Seed Oil, Coconut Flower Sugar, Ceresin, Citrullus Lanatus (Watermelon) Fruit Extract, Glyceryl Behenate/Eicosadioate, Isostearic Acid, Hibiscus Sabdariffa Flower Extract, Maltodextrin, Dehydroacetic Acid, Citric Acid, Titanium Dioxide, Propylene Glycol, Tocopherol, Malic Acid, Ascorbic Acid, Tartaric Acid, Crataegus Monogyna Flower Extract, Sodium Benzoate, Potassium Sorbate, Viola Tricolor Extract, Red 27 (CI 45410:1), Red 7 Lake (CI15850:1), Red 6 (CI15850), Fragrance/Parfum.",72,30930,0.2,0.0,https://www.sephora.com/product/dior-lip-glow-oil-P453814?icid2=products%20grid:p453814,0.2,170.0
Sugar Advanced Therapy Lip Treatment,Fresh,lip-treatments,26.0,"Cera Alba (Beeswax), Simmondsia Chinensis (Jojoba) Seed Oil, Hydrogenated Olive Oil Decyl Esters, Hydrogenated Palm Kernel Glycerides, Ricinus Communis (Castor) Seed Oil, Vitis Vinifera (Grape) Seed Oil, Ethylhexyl Palmitate, Parfum (Fragrance), Hydrogenated Palm Glycerides,Theobroma Grandiflorum Seed Butter, Prunus Domestica Seed Oil, Copernicia Cerifera (Carnauba) Wax, Limnanthes Alba (Meadowfoam) Seed Oil, Hydrogenated Vegetable Oil, Passiflora Incarnata Seed Oil, Sucrose Tetrastearate Triacetate, Crithmum Maritimum Extract, Commiphora MukulResin Extract, Ribes Nigrum (Black Currant) Seed Oil, Tocopherol, Ascorbyl Tetraisopalmitate, Tocopheryl Acetate, Ascorbyl Palmitate, PEG6 Isostearate, Caprylic/ Capric Triglyceride, Ammonium Glycyrrhizate, Trihydroxystearin, Hesperetin Laurate, Vanillin, Butylene Glycol, BHT, Caprylyl Glycol, Sodium Hyaluronate, Hexylene Glycol, Phenoxyethanol, Limonene, Citral, Benzyl Alcohol, Linalool, Geraniol.",2000,90455,0.15,0.0,https://www.sephora.com/product/sugar-advanced-therapy-lip-treatment-P302103?icid2=products%20grid:p302103,0.15,173.33333333333334
Lip Glow Diormania,Dior,lip-treatments,34.0,"A Diisostearyl Malate, C1030 Cholesterol/Lanosterol Esters, BisDiglyceryl Polyacyladipate2, Phytosteryl/Octyldodecyl Lauroyl Glutamate, Synthetic Beeswax, Mangifera Indica (Mango) Seed Butter, Hydrogenated Microcrystalline Wax, C2040 Alcohols, Polyethylene, Ethylhexyl Palmitate, Decyloxazolidinone, Parfum (Fragrance), Synthetic Fluorphlogopite, Luffa Cylindrica Seed Oil, Bht, Vanillin, Tocopherol, Benzyl Alcohol, Tin Oxide, Propyl Gallate, [+/ :Ci 12085 (Red 36, Red 36 Lake), Ci 15850 (Red 6, Red 7, Red 7 Lake), Ci 15985 (Yellow 6, Yellow 6 Lake), Ci 19140 (Yellow 5, Yellow 5 Lake), Ci 42090 (Blue 1 Lake), Ci 45380 (Red 21, Red 21 Lake, Red 22 Lake), Ci 45410 (Red 27, Red 27 Lake, Red 28 Lake), Ci 73360 (Red 30, Red 30 Lake), Ci 75470  (Carmine), Ci 77163 (Bismuth Oxychloride), Ci 77491, Ci 77492, Ci 77499 (Iron Oxides), Ci 77742 (Manganese Violet), Ci 77891 (Titanium Dioxide)].",9,7134,0.12,0.0,https://www.sephora.com/product/dior-lip-glow-diormania-P454354?icid2=products%20grid:p454354,0.12,283.33333333333337
Lip Glowy Balm,LANEIGE,lip-treatments,17.0,"Hydrogenated Polyisobutene,Phytosteryl/Isostearyl/Cetyl/Stearyl/Behenyl Dimerdilinoleate, Hydrogenatedpoly(C614 Olefin), Diisostearylmalate, Polybutene, Phytosterylisostearyl Dimer Dilinoleate,Microcrystalline Wax /Ceramicrocristallina / Ciremicrocristalline, Butyrospermumparkii (Shea) Butter, Sucrosetetrastearate Triacetate,Synthetic Wax, Ethylene/Propylene/Styrene Copolymer,Mica, Astrocaryum Murumuruseed Butter, Euphorbia Cerifera(Candelilla) Wax / Candelillacera Hydrocarbons / Ciredecandelilla, Butylene/Ethylene/Styrene Copolymer, Fragrance, Candelilla Wax Esters,Dehydroacetic Acid, Dimethicone,Methicone, Copernicia Cerifera(Carnauba) Wax / Coperniciacerifera Cera / Cire De Carnauba,Polyglyceryl2 Triisostearate,Red 7 Lake (Ci 15850), Red 6 (Ci15850), Propanediol, Bht, Lyciumchinensefruit Extract, Rubus Idaeus(Raspberry) Fruit Extract,Vaccinium Angustifolium(Blueberry) Fruit Extract,Coffea Arabica (Coffee) Seedextract, Sapindus Mukorossifruit Extract, Vacciniummacrocarpon (Cranberry)Fruit Extract, Fragari Achiloensis (Strawberry) Fruitextract, Rubus Chamaemorusseed Extract, Phenoxyethanol.",2000,135661,0.0,0.0,https://www.sephora.com/product/glowy-lip-balm-P443563?icid2=products%20grid:p443563,0.26475735294117664,64.20973699558415
Afterglow Lip Balm,NARS,lip-treatments,28.0,"Hydrogenated Polyisobutene,Phytosteryl/Isostearyl/Cetyl/Stearyl/Behenyl Dimerdilinoleate, Hydrogenatedpoly(C614 Olefin), Diisostearylmalate, Polybutene, Phytosterylisostearyl Dimer Dilinoleate,Microcrystalline Wax /Ceramicrocristallina / Ciremicrocristalline, Butyrospermumparkii (Shea) Butter, Sucrosetetrastearate Triacetate,Synthetic Wax, Ethylene/Propylene/Styrene Copolymer,Mica, Astrocaryum Murumuruseed Butter, Euphorbia Cerifera(Candelilla) Wax / Candelillacera Hydrocarbons / Ciredecandelilla, Butylene/Ethylene/Styrene Copolymer, Fragrance, Candelilla Wax Esters,Dehydroacetic Acid, Dimethicone,Methicone, Copernicia Cerifera(Carnauba) Wax / Coperniciacerifera Cera / Cire De Carnauba,Polyglyceryl2 Triisostearate,Red 7 Lake (Ci 15850), Red 6 (Ci15850), Propanediol, Bht, Lyciumchinensefruit Extract, Rubus Idaeus(Raspberry) Fruit Extract,Vaccinium Angustifolium(Blueberry) Fruit Extract,Coffea Arabica (Coffee) Seedextract, Sapindus Mukorossifruit Extract, Vacciniummacrocarpon (Cranberry)Fruit Extract, Fragari Achiloensis (Strawberry) Fruitextract, Rubus Chamaemorusseed Extract, Phenoxyethanol.",684,81457,0.1,0.0,https://www.sephora.com/product/orgasm-afterglow-lip-balm-P13046537?icid2=products%20grid:p13046537,0.1,280.0
N° 28 Lip Treatment Oil,Hourglass,lip-treatments,49.0,"Oleic/Linoleic/Linolenic Polyglycerides, Hydroxystearic/Linolenic/Oleic Polyglycerides, Octyldodecanol, Prunus Amygdalus Dulcis (Sweet Almond) Oil/Prunus Amygdalus Dulcis Oil, Pentaerythrityl Tetraisostearate, Caprylic/Capric Triglyceride, Cetyl Ethylhexanoate, Isononyl Isononanoate, Tridecyl Stearate, Aleurites Moluccana Seed Oil/Aleurites Moluccanus Seed Oil, Amyris Balsamifera Bark Oil, Aniba Rosaeodora (Rosewood) Wood Oil/Aniba Rosaeodora Wood Oil, Ascorbyl Palmitate, Borago Officinalis Seed Oil, Camellia Sinensis Seed Oil, Cananga Odorata Flower Oil, Cetearyl Ethylhexanoate, Citrus Aurantium Dulcis (Orange) Peel Oil/Citrus Aurantium Dulcis Peel Oil, Citrus Limon (Lemon) Peel Oil/Citrus Limon Peel Oil, Citrus Reticulata (Tangerine) Leaf Oil/Citrus Reticulata Leaf Oil, Corylus Avellana (Hazel) Seed Oil/Corylus Avellana Seed Oil, Eucalyptus Globulus Leaf Oil, Eugenia Caryophyllus (Clove) Leaf Oil/Eugenia Caryophyllus Leaf Oil, Helianthus Annuus (Sunflower) Extract/Helianthus Annuus Extract, Helianthus Annuus (Sunflower) Seed Oil /Helianthus Annuus Seed Oil, Lavandula Angustifolia (Lavender) Oil/Lavandula Angustifolia Oil, Oenothera Biennis (Evening Primrose) Oil/Oenothera Biennis Oil, Olea Europaea (Olive) Fruit Oil/Olea Europaea Fruit Oil, Oryza Sativa (Rice) Bran Extract/Oryza Sativa Bran Extract, Palmitoyl Tripeptide38, Panthenol, Pelargonium Graveolens Flower Oil, Portulaca Pilosa Extract, Prunus Avium (Sweet Cherry) Seed Oil/Prunus Avium Seed Oil, Retinyl Palmitate, Rosa Canina Fruit Oil, Rosa Damascena Flower Oil, Rosmarinus Officinalis (Rosemary) Leaf Extract/Rosmarinus Officinalis Leaf Extract, Rosmarinus Officinalis (Rosemary) Leaf Oil/Rosmarinus Officinalis Leaf Oil, Salicornia Herbacea Extract, Simmondsia Chinensis (Jojoba) Seed Oil/ Simmondsia Chinensis Seed Oil, Sorbitan Isostearate, Styrax Benzoin Gum, Sucrose Cocoate, Thuja Occidentalis Leaf Oil, Tocopherol, Vanilla Planifolia Fruit Extract, Benzyl Benzoate, Citral, Citronellol, Geraniol, Limonene, Linalool",357,25768,0.25,0.0,https://www.sephora.com/product/no-28-lip-treatment-oil-P379096?icid2=products%20grid:p379096,0.25,196.0
SEA Quench Lip Rescue Balm,tarte,lip-treatments,19.0,"Polybutene, Simmondsia Chinesis (Jojoba) Seed Oil, Punica Granatum Sterols, Diisostearyl Malate, Polyethylene, C1215 Alkyl Lactate, Octyldodecanol, Isostearyl Hydroxystearate, Triisostearyl Citrate, Trimethylolpropane Triisostearate, Candelilla Cera/Euphorbia Cerifera (Candelilla) Wax/Cire De Candelilla, Tridecyl Trimellitate, Ethylhexyl Palmitate, Hydrogenated Polycyclopentadiene, Mentha Piperita (Peppermint) Oil, Phenoxyethanol, Tribehenin, Tetrahexyldecyl Ascorbate, Tocopheryl Acetate, Sorbitan Isosterate, Silica Dimethyl Silylate, Astrocaryum Murumuru Seed Butter, Theobroma Grandiflorum Seed Butter, Cocos Nucifera (Coconut) Oil, Butylene Glycol, Sodium Hyaluronate, Algae Extract, Limonene, Linalool, Gardenia Tahitensis Flower Extract, Tocopherol, Palmitoyl Tripeptide1. (+/): Red 7 Lake (CI 15850), Titanium Dioxide (CI 77891), Iron Oxides (CI 77491).",1000,110116,0.1,0.0,https://www.sephora.com/product/sea-quench-lip-rescue-balm-P405601?icid2=products%20grid:p405601,0.1,190.0
N° 28 Lip Treatment Oil – At Night – Lunar New Year Limited Edition,Hourglass,lip-treatments,49.0,"Oleic/Linoleic/Linolenic Polyglycerides, Hydroxystearic/Linolenic/Oleic Polyglycerides, Octyldodecanol, Prunus Amygdalus Dulcis (Sweet Almond) Oil/Prunus Amygdalus Dulcis Oil, Pentaerythrityl Tetraisostearate, Caprylic/Capric Triglyceride, Cetyl Ethylhexanoate, Isononyl Isononanoate, Tridecyl Stearate, Aleurites Moluccana Seed Oil/Aleurites Moluccanus Seed Oil, Amyris Balsamifera Bark Oil, Aniba Rosaeodora (Rosewood) Wood Oil/Aniba Rosaeodora Wood Oil, Ascorbyl Palmitate, Borago Officinalis Seed Oil, Camellia Sinensis Seed Oil, Cananga Odorata Flower Oil, Cetearyl Ethylhexanoate, Citrus Aurantium Dulcis (Orange) Peel Oil/Citrus Aurantium Dulcis Peel Oil, Citrus Limon (Lemon) Peel Oil/Citrus Limon Peel Oil, Citrus Reticulata (Tangerine) Leaf Oil/Citrus Reticulata Leaf Oil, Corylus Avellana (Hazel) Seed Oil/Corylus Avellana Seed Oil, Eucalyptus Globulus Leaf Oil, Eugenia Caryophyllus (Clove) Leaf Oil/Eugenia Caryophyllus Leaf Oil, Helianthus Annuus (Sunflower) Extract/Helianthus Annuus Extract, Helianthus Annuus (Sunflower) Seed Oil /Helianthus Annuus Seed Oil, Lavandula Angustifolia (Lavender) Oil/Lavandula Angustifolia Oil, Oenothera Biennis (Evening Primrose) Oil/Oenothera Biennis Oil, Olea Europaea (Olive) Fruit Oil/Olea Europaea Fruit Oil, Oryza Sativa (Rice) Bran Extract/Oryza Sativa Bran Extract, Palmitoyl Tripeptide38, Panthenol, Pelargonium Graveolens Flower Oil, Portulaca Pilosa Extract, Prunus Avium (Sweet Cherry) Seed Oil/Prunus Avium Seed Oil, Retinyl Palmitate, Rosa Canina Fruit Oil, Rosa Damascena Flower Oil, Rosmarinus Officinalis (Rosemary) Leaf Extract/Rosmarinus Officinalis Leaf Extract, Rosmarinus Officinalis (Rosemary) Leaf Oil/Rosmarinus Officinalis Leaf Oil, Salicornia Herbacea Extract, Simmondsia Chinensis (Jojoba) Seed Oil/ Simmondsia Chinensis Seed Oil, Sorbitan Isostearate, Styrax Benzoin Gum, Sucrose Cocoate, Thuja Occidentalis Leaf Oil,Tocopherol, Vanilla Planifolia Fruit Extract, Citral, Citronellol, Geraniol, Limonene, Linalool, Red 30 Lake (Ci 73360), Red 28 Lake (Ci 45410), Iron Oxides (Ci 77491, Ci 77492, Ci 77499).",1,2123,0.25,0.0,https://www.sephora.com/product/hourglass-lunar-new-year-le-lip-oil-at-night-P454758?icid2=products%20grid:p454758,0.25,196.0
Lip Oh Phoria,Natasha Denona,lip-treatments,26.0,"Oleic/Linoleic/Linolenic Polyglycerides, Hydroxystearic/Linolenic/Oleic Polyglycerides, Octyldodecanol, Prunus Amygdalus Dulcis (Sweet Almond) Oil/Prunus Amygdalus Dulcis Oil, Pentaerythrityl Tetraisostearate, Caprylic/Capric Triglyceride, Cetyl Ethylhexanoate, Isononyl Isononanoate, Tridecyl Stearate, Aleurites Moluccana Seed Oil/Aleurites Moluccanus Seed Oil, Amyris Balsamifera Bark Oil, Aniba Rosaeodora (Rosewood) Wood Oil/Aniba Rosaeodora Wood Oil, Ascorbyl Palmitate, Borago Officinalis Seed Oil, Camellia Sinensis Seed Oil, Cananga Odorata Flower Oil, Cetearyl Ethylhexanoate, Citrus Aurantium Dulcis (Orange) Peel Oil/Citrus Aurantium Dulcis Peel Oil, Citrus Limon (Lemon) Peel Oil/Citrus Limon Peel Oil, Citrus Reticulata (Tangerine) Leaf Oil/Citrus Reticulata Leaf Oil, Corylus Avellana (Hazel) Seed Oil/Corylus Avellana Seed Oil, Eucalyptus Globulus Leaf Oil, Eugenia Caryophyllus (Clove) Leaf Oil/Eugenia Caryophyllus Leaf Oil, Helianthus Annuus (Sunflower) Extract/Helianthus Annuus Extract, Helianthus Annuus (Sunflower) Seed Oil /Helianthus Annuus Seed Oil, Lavandula Angustifolia (Lavender) Oil/Lavandula Angustifolia Oil, Oenothera Biennis (Evening Primrose) Oil/Oenothera Biennis Oil, Olea Europaea (Olive) Fruit Oil/Olea Europaea Fruit Oil, Oryza Sativa (Rice) Bran Extract/Oryza Sativa Bran Extract, Palmitoyl Tripeptide38, Panthenol, Pelargonium Graveolens Flower Oil, Portulaca Pilosa Extract, Prunus Avium (Sweet Cherry) Seed Oil/Prunus Avium Seed Oil, Retinyl Palmitate, Rosa Canina Fruit Oil, Rosa Damascena Flower Oil, Rosmarinus Officinalis (Rosemary) Leaf Extract/Rosmarinus Officinalis Leaf Extract, Rosmarinus Officinalis (Rosemary) Leaf Oil/Rosmarinus Officinalis Leaf Oil, Salicornia Herbacea Extract, Simmondsia Chinensis (Jojoba) Seed Oil/ Simmondsia Chinensis Seed Oil, Sorbitan Isostearate, Styrax Benzoin Gum, Sucrose Cocoate, Thuja Occidentalis Leaf Oil,Tocopherol, Vanilla Planifolia Fruit Extract, Citral, Citronellol, Geraniol, Limonene, Linalool, Red 30 Lake (Ci 73360), Red 28 Lake (Ci 45410), Iron Oxides (Ci 77491, Ci 77492, Ci 77499).",14,2287,0.13,0.0,https://www.sephora.com/product/natasha-denona-duo-chrome-lip-oh-phoria-P455198?icid2=products%20grid:p455198,0.13,200.0
Kiss Me All Day,LANEIGE,lip-treatments,35.0,"Hydrogenated Polyisobutene,Phytosteryl/Isostearyl/Cetyl/Stearyl/Behenyl Dimerdilinoleate, Hydrogenatedpoly(C614 Olefin), Diisostearylmalate, Polybutene, Phytosterylisostearyl Dimer Dilinoleate,Microcrystalline Wax /Ceramicrocristallina/Ciremicrocristalline, Butyrospermumparkii (Shea) Butter, Sucrosetetrastearate Triacetate,Synthetic Wax, Ethylene/Propylene/Styrene Copolymer,Mica, Euphorbia Cerifera(Candelilla) Wax/Candelillacera Hydrocarbons/Cire Decandelilla, Astrocaryummurumuru Seedbutter, Butylene/Ethylene/Styrene Copolymer,Candelilla Wax Esters, Fragrance, Dehydroacetic Acid,Dimethicone, Polyglyceryl2triisostearate, Methicone,Copernicia Cerifera (Carnauba)Wax/Copernicia Cerifera Cera /Cire De Carnauba, Titaniumdioxide (Ci 77891), Yellow 6 Lake(Ci 15985), Polyglyceryl2diisostearate, Red 6 (Ci 15850),Prunus Persica (Peach) Kerneloil, Bht.",74,27277,0.0,0.0,https://www.sephora.com/product/kiss-me-all-day-P449870?icid2=products%20grid:p449870,0.26475735294117664,132.19651734384973
Pro Kiss'r Luscious Lip Balm,FENTY BEAUTY by Rihanna,lip-treatments,18.0,"Ricinus Communis (Castor) Seed Oil, Octyldodecanol, Candelilla Cera/Euphorbia Cerifera (Candelilla) Wax, Squalane, Caprylic/Capric Triglyceride, Hydrated Silica, Ethylcellulose, Argania Spinosa Kernel Oil, Butyrospermum Parkii (Shea) Butter, Tocopherol, Mangifera Indica (Mango) Seed Butter, Prunus Armeniaca (Apricot) Kernel Oil, Vanilla Planifolia (Vanilla) Fruit Extract, Theobroma Cacao (Cocoa) Seed Butter, Stevia Rebaudiana Leaf/Stem Extract, Glycine Soja (Soybean) Oil, Citric Acid, Titanium Dioxide (Ci 77891), Yellow 5 Lake (Ci 19140), Red 30 Lake (Ci 73360).",494,45964,0.0,0.0,https://www.sephora.com/product/pro-kiss-r-luscious-lip-balm-P444149?icid2=products%20grid:p444149,0.26475735294117664,67.98678034826557
Agave+ Daytime Vegan Lip Balm,Bite Beauty,lip-treatments,14.0,"Polyglyceryl2 Isostearate/Dimer Dilineolate Copolymer, Caprylic/Capric Triglyceride, Oleic/Linoleic/Linolenic Polyglycerides, Tricaprylin, Cetearyl Candelillate, Hydroxystearic/Linolenic/Linoleic Polyglycerides, Octyldodecyl Oleate, Schinziophyton Rautanenii Kernal Oil, Polyhydroxystearic Acid, Theobroma Cacao (Cocoa) Seed Butter, CocoCaprylate/Caprate, Disteardimonium Hectorite, Silica, Aroma/Flavor, Oryza Sativa (Rice) Bran Wax/Oryza Sativa Bran Cera, Triethyl Citrate, Polyglyceryl3 Polyricinoleate, Allantoin, Agave Tequilana Leaf Extract, Ricinus Communis (Castor) Seed Oil, Momordica Grosvenorii Fruit Extract, Limonene, Linalool.",1000,24858,0.15,0.0,https://www.sephora.com/product/agave-lip-balm-P443571?icid2=products%20grid:p443571,0.15,93.33333333333334
Pro Kiss’r Lip-Loving Scrubstick,FENTY BEAUTY by Rihanna,lip-treatments,16.0,"Caprylic/Capric Triglyceride, Hydrogenated Coconut Oil, Cera Alba/Beeswax, Candelilla Cera/Euphorbia Cerifera (Candelilla) Wax, Ricinus Communis (Castor) Seed Oil, Polymethylsilsesquioxane, Helianthus Annuus (Sunflower) Seed Oil, Perlite, Butyrospermum Parkii (Shea) Butter, Simmondsia Chinensis (Jojoba) Seed Oil, Prunus Armeniaca (Apricot) Seed Powder, Stearalkonium Hectorite, Carnauba Cera/Copernicia Cerifera (Carnauba) Wax, Prunus Armeniaca (Apricot) Kernel Oil, Propylene Carbonate, Squalane, Vanilla Planifolia Fruit Extract, Tocopherol, Aroma/Flavor, Stevia Rebaudiana Leaf/Stem Extract, Glycine Soja (Soybean) Oil, Citric Acid, Linalool.",167,21355,0.0,0.0,https://www.sephora.com/product/pro-kiss-r-lip-scrub-P444926?icid2=products%20grid:p444926,0.26475735294117664,60.432693642902734
Lip Balm & Scrub,SEPHORA COLLECTION,lip-treatments,7.0,"Octyldodecanol, Polybutene, Dipentaerythrityl Tetrahydroxystearate/Tetraisostearate, Ricinus Communis (Castor) Seed Oil, Butyrospermum Parkii Butter (Butyrospermum Parkii (Shea Butter)), Polyethylene, Vp/Hexadecene Copolymer, Diisostearyl Malate, Cera Microcristallina  (Microcrystalline Wax), Glyceryl Behenate/Eicosadioate, Dicalcium Phosphate, Synthetic Wax, Fragrance, Hydrogenated Vegetable Oil, Ci 77891 (Titanium Dioxide), Helianthus Annuus (Sunflower) Seed Oil, Ci 15850  (Red 7 Lake), Mica, Ci 45380  (Red 22 Lake), Ci 19140 (Yellow 5 Lake), Limonene, Lycium Barbarum Fruit Extract, Tocopherol, Citric Acid.",2000,153849,0.123,0.0,https://www.sephora.com/product/lip-balm-scrub-P415438?icid2=products%20grid:p415438,0.123,56.91056910569106
Extra Lip Tint,Bobbi Brown,lip-treatments,34.0,"Hydrogenated Polyisobutene, Phytosteryl/Isostearyl/Cetyl/Stearyl/Behenyl Dimer Dilinoleate, Polyglyceryl10 Decaisostearate, Microcrystalline Wax/Cera Microcristallina/Cire Microcristalline, Phytosteryl/Octyldodecyl Lauroyl Glutamate, Synthetic Wax, Cetearyl Alcohol, Octyldodecanol, Caprylic/Capric Triglyceride, Octyldodecyl Neopentanoate, Polyethylene, Theobroma Cacao (Cocoa) Seed Butter, Orbignya Oleifera (Babassu) Seed Oil, Simmondsia Chinensis (Jojoba) Seed Oil, Persea Gratissima (Avocado) Oil, Olea Europaea (Olive) Fruit Oil, Squalane, Olea Europaea (Olive) Oil Unsaponifiables, Ethylene/Propylene Copolymer, Hydrogenated Olive Oil, Sorbitan Oleate, Hydrogenated Microcrystalline Wax, Tocopheryl Acetate, Ascorbyl Palmitate, Pentaerythrityl TetraDiTButyl Hydroxyhydrocinnamate, Tocopherol, Linalool, Citral, Limonene, Fragrance, [+/ Mica, Red 21 (Ci 45380), Red 7 Lake (Ci 15850), Iron Oxides (Ci 77492), Iron Oxides (Ci 77491), Iron Oxides (Ci 77499), Carmine (Ci 75470), Bismuth Oxychloride (Ci 77163), Red 7 (Ci 15850), Titanium Dioxide (Ci 77891), Red 27 (Ci 45410), Red 6 (Ci 15850), Orange 5 (Ci 45370), Red 28 Lake (Ci 45410), Yellow 6 Lake (Ci 15985), Blue 1 Lake (Ci 42090), Manganese Violet (Ci 77742), Yellow 5 Lake (Ci 19140), Red 22 Lake (Ci 45380)] <iln41884>",149,21606,0.08,0.0,https://www.sephora.com/product/extra-lip-tint-P404241?icid2=products%20grid:p404241,0.08,425.0
Intense Therapy Lip Balm SPF 25,Jack Black,lip-treatments,8.0,"Beeswax, Butyrospermum Parkii (Shea) Butter, C 1838 Alkyl Hydroxystearol Stearate, Camellia Sinenesis (Green Tea) Leaf Extract, Cyclohexasiloxane, Cyclopentasiloxane, Flavor, Lanolin, Microcrystalline Wax, Ozokerite, Persea Gratissima (Avocado) Oil, Polyglyceryl 3 Beeswax, Theobroma Cacao (Cocoa) Seed Butter, Tocopheryl Acetate.",3000,79166,0.25,0.0,https://www.sephora.com/product/intense-therapy-lip-balm-spf-25-P12573?icid2=products%20grid:p12573,0.25,32.0
The Lip Balm,La Mer,lip-treatments,65.0,"Beeswax, Butyrospermum Parkii (Shea) Butter, C 1838 Alkyl Hydroxystearol Stearate, Camellia Sinenesis (Green Tea) Leaf Extract, Cyclohexasiloxane, Cyclopentasiloxane, Flavor, Lanolin, Microcrystalline Wax, Ozokerite, Persea Gratissima (Avocado) Oil, Polyglyceryl 3 Beeswax, Theobroma Cacao (Cocoa) Seed Butter, Tocopheryl Acetate.",129,18181,0.32,0.0,https://www.sephora.com/product/the-lip-balm-P417242?icid2=products%20grid:p417242,0.32,203.125
Pro Kiss'r Duo: Scrubstick + Lip Balm Set ,FENTY BEAUTY by Rihanna,lip-treatments,29.0,"Ricinus Communis (Castor) Seed Oil, Octyldodecanol, Euphorbia Cerifera (Candelilla) Wax, Squalane, Caprylic/Capric Triglyceride, Hydrated Silica, Ethylcellulose, Argania Spinosa Kernel Oil, Butyrospermum Parkii (Shea) Butter, Tocopherol, Mangifera Indica (Mango) Seed Butter, Prunus Armeniaca (Apricot) Kernel Oil, Vanilla Planifolia (Vanilla) Fruit Extract, Theobroma Cacao (Cocoa) Seed Butter, Stevia Rebaudiana Leaf/Stem Extract, Glycine Soja (Soybean) Oil, Citric Acid, Titanium Dioxide (Ci 77891), Yellow 5 Lake (Ci 19140), Red 30 Lake (Ci 73360).",10,7858,0.0,0.0,https://www.sephora.com/product/pro-kiss-r-duo-scrubstick-lip-balm-set-P449812?icid2=products%20grid:p449812,0.26475735294117664,109.5342572277612
Power-full Plump Lip Balm,Buxom,lip-treatments,18.0,"Pentaerythrityl Tetraisostearate, Isostearyl Isostearate, Diisostearyl Malate, Beeswax (Cera Alba/Cire D’abeille), Microcrystalline Wax (Cera Microcristallina/Cire Microcristalline), Menthone Glycerin Acetal, Euphorbia Cerifera (Candelilla) Wax (Candelilla Cera/Cire Candelilla), Cucurbita Pepo (Pumpkin) Seed Oil, Lactic Acid, Palmitoyl Tripeptide1, Ethylhexyl Palmitate, Tribehenin, Pentaerythrityl TetraDiTButyl Hydroxyhydrocinnamate, Citric Acid, Sorbitan Isostearate, Mica, Silica, Tin Oxide, Flavor (Aroma). May Contain (+/): Titanium Dioxide (Ci 77891), Iron Oxides (Ci 77491, 77492, 77499), Blue 1 Lake (Ci 42090), Red 6 (Ci 15850), Red 7 Lake (Ci 15850), Red 27 (Ci 45410), Red 28 Lake (Ci 45410), Yellow 6 Lake (Ci 15985).",650,44469,0.17,0.0,https://www.sephora.com/product/powerplump-lip-balm-P420163?icid2=products%20grid:p420163,0.17,105.88235294117646
Sugar Lip Polish Exfoliator,Fresh,lip-treatments,24.0,"Sucrose, Simmondsia Chinensis(Jojoba) Seed Oil, Isononyl Isononanoate,Hydrogenated Castor Oil, Molasses, Ethylene/Propylene/Styrene Copolymer, Fragrance,Silica, Butyrospermum Parkii (Shea Butter),Limnanthes Alba (Meadowfoam) Seed Oil, VitisVinifera (Grape) Seed Oil, Tocopheryl Acetate,Butylene/Ethylene/Styrene Copolymer, BHT, CitricAcid, Phenoxyethanol, Limonene, Citral, Benzyl Alcohol.",1000,61230,0.6,0.0,https://www.sephora.com/product/sugar-lip-polish-P274001?icid2=products%20grid:p274001,0.6,40.0
Lippe Balm,Drunk Elephant,lip-treatments,18.0,"Cocos Nucifera (Coconut) Oil, Sclerocarya Birrea Seed Oil, Butyrospermum Parkii (Shea) Butter, Caprylic/Capric Triglyceride, BisDiglyceryl Polyacyladipate2, Beeswax/Cera Alba/Cire d’abeille, Ozokerite, Polyisobutene, Glycine Soja (Soybean) Oil, Copernicia Cerifera (Carnauba) Wax/Cera Carnauba/Cire de carnauba, Euphorbia Cerifera (Candelilla) Wax/Candelilla Cera/Cire de candelilla, Camellia Oleifera Leaf Extract, Dictyopteris Membranacea Extract, Magnolia Grandiflora Bark Extract, Carthamus Tinctorius (Safflower) Seed Oil, Persea Gratissima (Avocado) Oil, Schinziophyton Rautanenii (Mongongo) Kernel Oil, Vaccinium Macrocarpon (Cranberry) Seed Oil, Tocopheryl Acetate, Dipotassium Glycyrrhizate, Palmitoyl Tripeptide1, Tetrahexyldecyl Ascorbate, Ethylhexyl Palmitate, Dicaprylyl Ether, Tribehenin, Sorbitan Isostearate, Lauryl Alcohol, Linoleic Acid, Linolenic Acid, Caprylyl Glycol, Phenoxyethanol.",1000,52200,0.13,0.0,https://www.sephora.com/product/lippe-tm-P403818?icid2=products%20grid:p403818,0.13,138.46153846153845
Colorful Gloss Balm,SEPHORA COLLECTION,lip-treatments,8.0,"Hydrogenated Polyisobutene,  Polybutene,  Hydrogenated Polydecene,  Mica,  Diisopropyl Dimer Dilinoleate,  Ci 77491 (Iron Oxides),  Isohexadecane,  Silica Dimethyl Silylate,  Ethylene/Propylene/Styrene Copolymer,  Octyldodecanol,  Ci 77891 (Titanium Dioxide),  Ci 77499 (Iron Oxides),  Aroma,  Phenoxyethanol,  Ci 77163 (Bismuth Oxychloride),  Ci 15850 (Red 7 Lake),  Boron Nitride,  Butylene/Ethylene/Styrene Copolymer,  Saccharin,  Mangifera Indica (Mango) Seed Oil,  Vitis Vinifera (Grape) Seed Oil,  Ethylhexyl Hydroxystearate,  Tin Oxide,  Bht,  Isopropyl Titanium Triisostearate,  Tocopherol,  Glycine Soja (Soybean) Oil,  Citric Acid,  Linalool.",859,80689,0.32,0.0,https://www.sephora.com/product/colorful-gloss-balm-P403322?icid2=products%20grid:p403322,0.32,25.0
Volupté Plump-in-Color Plumping Lip Balm,Yves Saint Laurent,lip-treatments,39.0,Pomegranate Extract: Smooths the look of lips.,212,17004,0.12,0.0,https://www.sephora.com/product/volupte-plump-in-colour-P439084?icid2=products%20grid:p439084,0.12,325.0
Chubby Stick Moisturizing Lip Colour Balm,CLINIQUE,lip-treatments,18.5,"Ricinus Communis (Castor) Seed Oil , Caprylic/Capric Triglyceride , Vegetable Oil/Olus/Huile Vegetale , Euphorbia Cerifera (Candelilla) Wax/Candelilla Cera/Cire De Candelilla , Beeswax/Cera Alba/Cire D Abeille , Ozokerite , Butyrospermum Parkii (Shea Butter) , Hydrogenated Vegetable Oil , Simmondsia Chinensis (Jojoba) Seed Oil , Tocopherol , Mangifera Indica (Mango) Seed Butter , Limnanthes Alba (Meadowfoam) Seed Oil , Hydrogenated Olive Oil , Helianthus Annuus (Sunflower) Seed Oil ,  [+/ Titanium Dioxide (Ci 77891) , Mica , Yellow 5 Lake (Ci 19140) , Iron Oxides (Ci 77491, Ci 77492, Ci 77499) , Red 7 Lake (Ci 15850) , Red 22 Lake (Ci 45380) , Red 30 Lake (Ci 73360) , Carmine (Ci 75470) , Red 6 (Ci 15850) , Bismuth Oxychloride (Ci 77163) , Red 33 Lake (Ci 17200) , Red 28 Lake (Ci 45410) , Blue 1 Lake (Ci 42090) , Yellow 6 Lake (Ci 15985)] <iln36594></iln36594>",2000,76126,0.1,0.0,https://www.sephora.com/product/chubby-stick-moisturizing-lip-colour-balm-P279113?icid2=products%20grid:p279113,0.1,185.0
ShineOn Jelly Lip Gloss,Tower 28 Beauty,lip-treatments,14.0,"Hydrogenated Polyisobutene, Polybutene, Prunus Armeniaca (Apricot) Kernel Oil, Ethylene/Propylene/Styrene Copolymer, Octyldodecanol, Oryza Sativa (Rice) Bran Extract, Helianthus Annuus (Sunflower) Extract, Rosmarinus Officinalis (Rosemary) Leaf Extract, Ricinus Communis (Castor) Seed Oil, Rosa Canina Fruit Oil, Rubus Idaeus (Raspberry) Seed Oil, Persea Gratissima (Avocado) Oil, Tocopherol, Caprylyl Glycol, Ethylhexylglycerin, Butylene/Ethylene/Styrene Copolymer, Flavor, Iron Oxides (CI 77492), Red 22 Lake (CI 45380), Red 28 Lake (CI 45410), Manganese Violet (CI 77742), Red 40 Lake (CI 16035).",99,15514,0.13,0.0,https://www.sephora.com/product/shineon-lip-jelly-P448854?icid2=products%20grid:p448854,0.13,107.6923076923077
Brazilian Kiss Cupuaçu Lip Butter,Sol de Janeiro,lip-treatments,18.0,"Hydrogenated Polyisobutene, Polybutene, Prunus Armeniaca (Apricot) Kernel Oil, Ethylene/Propylene/Styrene Copolymer, Octyldodecanol, Oryza Sativa (Rice) Bran Extract, Helianthus Annuus (Sunflower) Extract, Rosmarinus Officinalis (Rosemary) Leaf Extract, Ricinus Communis (Castor) Seed Oil, Rosa Canina Fruit Oil, Rubus Idaeus (Raspberry) Seed Oil, Persea Gratissima (Avocado) Oil, Tocopherol, Caprylyl Glycol, Ethylhexylglycerin, Butylene/Ethylene/Styrene Copolymer, Flavor, Iron Oxides (CI 77492), Red 22 Lake (CI 45380), Red 28 Lake (CI 45410), Manganese Violet (CI 77742), Red 40 Lake (CI 16035).",808,37291,0.21,0.0,https://www.sephora.com/product/brazilian-kiss-cupua-u-lip-butter-P415747?icid2=products%20grid:p415747,0.21,85.71428571428572
Agave+ Intensive Vegan Lip Mask,Bite Beauty,lip-treatments,26.0,"Hydroxystearic/Linolenic/Oleic Polyglycerides, Theobroma Cacao (Cocoa) Seed Butter, Euterpe Oleracea Sterols, Helianthus Annuus (Sunflower) Seed Oil, Butyrospermum Parkii (Shea) Butter, Aroma (Flavor), Octyldodecanol, Copernicia Cerifera (Carnauba) Wax/Copernicia Cerifera Cera/Cire De Carnauba, Dimer Dilinoleyl Dimer Dilinoleate, CocoCaprylate/Caprate, Vanilla Planifolia Fruit Extract, Vanilla Tahitensis Fruit Extract, Agave Tequilana Leaf Extract, Allantoin, Avena Sativa (Oat) Kernel Flour, Polyhydroxystearic Acid, Ricinus Communis (Castor) Seed Oil, Linoleic Acid, Momordica Grosvenorii Fruit Extract, Oleic Acid, Garcinia Mangostana Peel Extract, Linolenic Acid, Tocopherol.",214,5720,0.52,0.0,https://www.sephora.com/product/bite-beauty-agave-intensive-lip-mask-vegan-P454747?icid2=products%20grid:p454747,0.52,50.0
Wet Lip Oil Gloss,Kosas,lip-treatments,27.0,"Oleic/Linoleic/Linolenic Polyglycerides, BisDiglyceryl Polyacyladipate2, Ricinus Communis (Castor) Seed Oil, Polyhydroxystearic Acid, Caprylic Capric Triglyceride, Persea Gratissima (Avocado) Oil, Butyrospermum Parkii (Shea) Butter, Oryza Sativa (Rice) Bran Extract (and) Rosmarinus Officinalis (Rosemary) Leaf Extract (and) Helianthus Annuus (Sunflower) Extract (and) Tocopherol, Silica Dimethyl Silylate, Ethylhexyl Palmitate (and) Trihydroxystearin (and) Sodium Hyaluronate (and) Glucomannan, Ethylhexyl Palmitate (and) Tribehenin (and) Sorbitan Isostearate (and) Palmitoyl Tripeptide1, Oenothera Biennis (Evening Primrose) Oil, Vanillin, Citrus Auranium Dulcis (Orange) Oil, Ethylhexylglycerin, Caprylyl Glycol, [+/: Red 28 Lake (CI 45410)].",46,16851,0.15,0.0,https://www.sephora.com/product/lip-oil-P451920?icid2=products%20grid:p451920,0.15,180.0
KUSH Lip Balm,MILK MAKEUP,lip-treatments,16.0,"Oleic/Linoleic/Linolenic Polyglycerides, BisDiglyceryl Polyacyladipate2, Ricinus Communis (Castor) Seed Oil, Polyhydroxystearic Acid, Caprylic Capric Triglyceride, Persea Gratissima (Avocado) Oil, Butyrospermum Parkii (Shea) Butter, Oryza Sativa (Rice) Bran Extract (and) Rosmarinus Officinalis (Rosemary) Leaf Extract (and) Helianthus Annuus (Sunflower) Extract (and) Tocopherol, Silica Dimethyl Silylate, Ethylhexyl Palmitate (and) Trihydroxystearin (and) Sodium Hyaluronate (and) Glucomannan, Ethylhexyl Palmitate (and) Tribehenin (and) Sorbitan Isostearate (and) Palmitoyl Tripeptide1, Oenothera Biennis (Evening Primrose) Oil, Vanillin, Citrus Auranium Dulcis (Orange) Oil, Ethylhexylglycerin, Caprylyl Glycol, [+/: Red 28 Lake (CI 45410)].",748,49203,0.1,0.0,https://www.sephora.com/product/kush-lip-balm-P440645?icid2=products%20grid:p440645,0.1,160.0
Lip Fetish Lip Balm,PAT McGRATH LABS,lip-treatments,40.0,"Polybutene, Caprylic/Capric Triglyceride, Triisodecyl Trimellitate, Aluminum Starch Octenylsuccinate, Polyethylene, Beeswax / Cera Alba / Cire D'abeille, Dimethicone, Diisostearyl Malate, Water / Aqua / Eau, Dimethicone/Vinyl Dimethicone Crosspolymer, Polyhydroxystearic Acid, Mica, Butyrospermum Parkii (Shea) Butter, Flavor / Aroma, Pentaerythrityl TetraDiTButyl Hydroxyhydrocinnamate, Tocopheryl Acetate, Calcium Sodium Borosilicate, Silica, Tin Oxide, Iron Oxides (Ci 77499), Titanium Dioxide (Ci 77891).",247,50249,0.12,0.0,https://www.sephora.com/product/lip-fetish-lip-balm-P433500?icid2=products%20grid:p433500,0.12,333.33333333333337
Agave+ Nighttime Lip Therapy,Bite Beauty,lip-treatments,22.0,"Ricinus Communis (Castor) Seed Oil, Triisostearoyl Polyglyceryl3 Dimer Dilineolate, Oleic/Linoleic/Linolenic Polyglycerides, Squalane, Glyceryl Rosinate, Hydrogenated Vegetable Oil, Thus Verniciflua Peel Wax/Rhus Verniciflua Peel Cera, Helianthus Annuus (Sunflower) Seed Oil, Phytosteryl Canola Glycerides, Carthamus Tinctorius (Safflower) Seed Oil, Aroma/Flavor, Simmondsia Chinensis (Jojoba) Seed Oil, Phospholipids, Polyglyceryl3 Diisostearate, Caprylic/Capric Triglyceride, Tocopherol, Punica Granatum Flower Extract, Ascorbyl Palmitate Agave Tequilana Leaf Extract, Momordica Grosvenorii Fruit Extract, Chamomilla Recutita (Matricaria) Flower Extract, Tocopheryl Acetate, Limonene, Linalool.",276,23141,0.5,0.0,https://www.sephora.com/product/agave-nighttime-lip-therapy-P443572?icid2=products%20grid:p443572,0.5,44.0
GENIUS Liquid Collagen Lip,Algenist,lip-treatments,35.0,"Collagen (Vegan)*, Water (Aqua, Eau), Glycerin, Isononyl Isononanoate, Limnanthes Alba (Meadowfoam) Seed Oil, Dextrin Palmitate, Pentylene Glycol, Diglycerin, Propanediol, Menthoxypropanediol, Collagen Amino Acids (Vegan)*, Parachlorella Beijerinckii Exopolysaccharides, Chlorella Protothecoides Oil, Acmella Oleracea Extract, Brassica Alba Sprout Extract, Helianthus Annuus (Sunflower) Seed Oil, Hydroxymethoxyphenyl Propylmethylmethoxybenzofuran, Adenosine, Tocopherol, Leuconostoc/Radish Root Ferment Filtrate, Methyl Gluceth20, Carbomer, Palmitic Acid, Sodium Hydroxide, Disodium EDTA, Amodimethicone, Butyl Methoxydibenzoylmethane, Homosalate, Octocrylene, Sorbic Acid, Sodium Benzoate, Potassium Sorbate, Phenoxyethanol, Stevia Rebaudiana Extract, Aroma, Benzyl Benzoate, BetaCarotene (CI 40800).",461,30973,0.34,0.0,https://www.sephora.com/product/genius-liquid-collagen-lip-P432045?icid2=products%20grid:p432045,0.34,102.94117647058823
The Lip Volumizer,La Mer,lip-treatments,75.0,"Copolymer, Butyrospermum Parkii (Shea Butter), Tocopheryl Acetate, Sodium Hyaluronate, Cucumis Sativus (Cucumber) Fruit Extract, Sesamum Indicum (Sesame) Seed Oil, Eucalyptus Globulus (Eucalyptus) Leaf Oil, Medicago Sativa (Alfalfa) Seed Powder, Sesamum Indicum (Sesame) Seed Powder, Prunus Amygdalus Dulcis (Sweet Almond) Seed Meal, Hordeum Vulgare (Barley) Extract\Extrait D'orge, Salicornia Herbacea Extract, Helianthus Annuus (Sunflower) Seedcake, Olea Europaea (Olive) Fruit Oil, Citrus Aurantifolia (Lime) Peel Extract, Helianthus Annuus (Sunflower) Seed Wax, Persea Gratissima (Avocado) Oil, Ricinus Communis (Castor) Seed Oil, Theobroma Grandiflorum Seed Butter, Cocos Nucifera (Coconut) Oil, Astrocaryum Murumuru Seed Butter, Niacin, Magnesium Gluconate, Zinc Gluconate, Calcium Gluconate, Copper Gluconate, Sodium Gluconate, Palmitoyl Tripeptide1, Tourmaline, Malachite, Phytosphingosine, Menthyl Pca, Phytosterols, Tribehenin, Glycerin, Acetyl Glucosamine, Cholesterol, Caprylic/Capric Triglyceride, Menthoxypropanediol, Ethylhexyl Palmitate, Simethicone, Calcium Aluminum Borosilicate, Calcium Sodium Borosilicate, Synthetic Fluorphlogopite, Aluminum Calcium Sodium Silicate, Calcium Carbonate, Silica, Tin Oxide, Water\Aqua\Eau, Butylene/Ethylene/Styrene Copolymer, Titanium/Titanium Dioxide, Polyethylene Terephthalate, Propylene Glycol Dicaprate, Palmitic Acid, Oleic Acid, Ethylhexyl Hydroxystearate, Sorbitan Isostearate, Glyceryl Distearate, Alcohol Denat., Hydrogenated Castor Oil, Flavor (Aroma), Linalool, Limonene, Benzyl Benzoate, Sodium Saccharin, Bht, Tocopheryl Succinate, Tetrahexyldecyl Ascorbate, Alumina, Acrylates Copolymer,  [+/ Mica, Titanium Dioxide (Ci 77891), Iron Oxides (Ci 77492), Iron Oxides (Ci 77491), Iron Oxides (Ci 77499), Bismuth Oxychloride (Ci 77163), Blue 1 Lake (Ci 42090), Bronze Powder (Ci 77400), Carmine (Ci 75470), Copper Powder (Ci 77400), Red 6 (Ci 15850), Red 21 (Ci 45380), Red 27 (Ci 45410), Red 7 Lake (Ci 15850), Red 28 Lake (Ci 45410), Red 30 Lake (Ci 73360), Red 33 Lake (Ci 17200), Yellow 5 (Ci 19140), Yellow 6 (Ci 15985), Yellow 5 Lake (Ci 19140), Yellow 6 Lake (Ci 15985)].",34,7831,0.23,0.0,https://www.sephora.com/product/the-lip-volumizer-P444964?icid2=products%20grid:p444964,0.23,326.0869565217391
Sugar Lip Caramel Hydrating Balm,Fresh,lip-treatments,18.0,"Isononyl Isononanoate, C1030 Cholesterol/Lanosterol Esters,BisDiglyceryl Polyacyladipate2, Cera Microcristallina (Microcrystalline Wax),Polybutene, Ethylene/Propylene/Styrene Copolymer, Glyceryl Behenate/Eicosadioate, Prunus Armeniaca (Apricot) Kernel Oil, Butylene/Ethylene/Styrene Copolymer, Fragrance, Ribes Nigrum (Black Currant) Seed Oil, Vitis Vinifera(Grape) Seed Oil, Mel Extract (Honey Extract), Sucrose Tetrastearate Triacetate,Caramel, Tocopherol, Ascorbyl Palmitate, Silica Silylate, BHT, Ammonium Glycyrrhizate, Polyglyceryl2 Triisostearate, Vanillin, Aqua (Water), CI 77492 (IronOxides), CI 77491 (Iron Oxides), Trimethylolpropane Triisostearate, CI 77499(Iron Oxides), Propyl Gallate, Phenoxyethanol, Limonene, Linalool, Citral,Benzyl Alcohol.",954,40091,0.0,0.21,https://www.sephora.com/product/sugar-lip-caramel-hydrating-balm-P421243?icid2=products%20grid:p421243,0.21,85.71428571428572
Butterstick Lip Treatment SPF 30,Kiehl's Since 1851,lip-treatments,24.0,"Cocos Nucifera Oil/Coconut Oil, Helianthus Annuus SeedOil/Sunflower Seed Oil, Cera Alba/Beeswax, Candelilla Cera/Candelilla Wax, RicinusCommunis Oil/Castor Seed Oil, Octocrylene, Ethylhexyl Methoxycinnamate,Butyrospermum Parkii Butter/Shea Butter, Theobroma Cacao Seed Butter/Cocoa SeedButter, Hydrogenated CocoGlycerides, Butyl Methoxydibenzoylmethane, CoperniciaCerifera Cera/ Carnauba Wax, Garcinia Indica Seed Butter, Squalane, Limnanthes AlbaSeed Oil/Meadowfoam Seed Oil, Hydrogenated Vegetable Oil, Citrus Limon PeelOil/Lemon Peel Oil, Prunus Amygdalus Dulcis Oil/Sweet Almond Oil, Limonene,Tocopherol, Ximenia Americana Seed Oil, Citrus Medica Limonum Peel Extract/LemonPeel Extract, Stevia Rebaudiana Extract, Alumina, PEG8, Lauroyl Lysine, Glycine Soja Oil/Soybean Oil, Citral, Ascorbyl Palmitate, Citric Acid, Ascorbic Acid. May Contain: CI77891/Titanium Dioxide, Mica, CI 77491, CI 77492, CI 77499/Iron Oxides, CI 45410/Red27 Lake, CI 73360/Red 30 Lake, CI 15850/Red 7 Lake, CI 17200/Red 33 Lake, CI77120/Barium Sulfate, CI 19140/Yellow 5 Lake.",118,21340,0.0,0.0,https://www.sephora.com/product/butterstick-lip-treatment-spf-25-P422274?icid2=products%20grid:p422274,0.26475735294117664,90.6490404643541
Honey Butter Beeswax Lip Balm,Farmacy,lip-treatments,10.0,"Ricinus Communis (Castor) Seed Oil, Olea Europaea (Olive) Fruit Oil, Cocos Nucifera (Coconut) Oil, Simmondsia Chinensis (Jojoba) Seed Oil, Cera Alba (Beeswax), Euphorbia Cerifera (Candelilla) Wax, Helianthus Annuus (Sunflower) Seed Oil, Copernicia Cerifera (Carnauba) Wax, Theobroma Cacao (Cocoa) Seed Butter, Theobroma Grandiflorum Seed Butter, Tocopherol, Squalane, Echinacea Purpurea Root Extract, Honey Extract, Propolis Extract, Royal Jelly Extract, Cananga Odorata Flower Oil, Citrus Limon (Lemon) Peel Oil, Citrus Aurantium Bergamia (Bergamot) Fruit Oil, Citral, Limonene, Linalool.",511,30396,0.12,0.0,https://www.sephora.com/product/honey-butter-beeswax-lip-balm-P428416?icid2=products%20grid:p428416,0.12,83.33333333333334
Agave+ Weekly Lip Scrub,Bite Beauty,lip-treatments,20.0,"Sucrose, Squalane, Glycerin, Helianthus Annuus (Sunflower) Seed Oil, Caprylic/Capric Triglyceride, Aroma/Flavor, Vanilla Planifolia Fruit Extract, Sucrose Laurate, Papain, Vanilla Tahitensis Fruit Extract, Tocopherol, Maltodextrin, Agave Tequilana Leaf Extract, Sodium Benzoate, Sodium Metabisulfite.",120,16206,0.7,0.0,https://www.sephora.com/product/agave-lip-scrub-P443573?icid2=products%20grid:p443573,0.7,28.571428571428573
Camellia Gold Spun Lip Balm,Tatcha,lip-treatments,30.0,"Squalane (Olive Origin), Dimer Dilinoleyl Dimer Dilinoleate, Dextrin Palmitate, Fragrance (Natural), Dextrin Palmitate/Ethylhexanoate, Polyglyceryl10 Pentaisostearate, Oryza Sativa (Rice) Germ Oil, Camellia Japonica Seed Oil, Stearyl Glycyrrhetinate (Licorice Extract), Oryzanol (Rice Bran Oil Extract), Hydrogenated Lecithin (Soy Origin), Inositol (Rice Extract), Camellia Sinensis (Green Tea) Leaf Extract, Alcohol, Glycerin, Algae Extract, Gold.",591,32299,0.21,0.0,https://www.sephora.com/product/camellia-gold-spun-lip-balm-P413326?icid2=products%20grid:p413326,0.21,142.85714285714286
Moisture Surge™ Lip Hydro-Plump Treatment,CLINIQUE,lip-treatments,17.5,"Petrolatum, Polybutene, Polyglyceryl2 Triisostearate, Hydrogenated Polyisobutene, Tocopheryl Acetate, Pvp/Hexadecene Copolymer, Silica, Hydrogenated Castor Oil, Ppg51/Smdi Copolymer, Caprylic/Capric/Myristic/Stearic Triglyceride, Ceramide Ng, Astrocaryum Murumuru Seed Butter, Sea Whip Extract, Butyrospermum Parkii (Shea Butter), Cholesterol, Caprylyl Glycol, Caprylic/Capric Triglyceride, C1216 Alcohols, Ethylene/Propylene/Styrene Copolymer, Tetrahexyldecyl Ascorbate, Palmitic Acid, Hydrogenated Lecithin, Butylene/Ethylene/Styrene Copolymer.",26,6591,0.33,0.0,https://www.sephora.com/product/moisture-surge-lip-hydro-plump-treatment-P448559?icid2=products%20grid:p448559,0.33,53.03030303030303
Tinted Lip Conditioner,ILIA,lip-treatments,28.0,*Certified Organic Ingredients.,168,28087,0.14,0.0,https://www.sephora.com/product/tinted-lip-conditioner-P411850?skuId=2197705&icid2=products%20grid:p411850,0.14,199.99999999999997
Refresh and Prep Lip Scrubber,SEPHORA COLLECTION,lip-treatments,9.0,*Certified Organic Ingredients.,186,30857,0.0,0.0,https://www.sephora.com/product/refresh-prep-lip-scrubber-P429282?icid2=products%20grid:p429282,0.26475735294117664,33.993390174132784
Buttermask Intense Repair Lip Treatment,Kiehl's Since 1851,lip-treatments,26.0,*Certified Organic Ingredients.,127,25315,0.35,0.0,https://www.sephora.com/product/buttermask-intense-repair-lip-treatment-P432239?icid2=products%20grid:p432239,0.35,74.28571428571429
Coconut Hydrating Lip Balm,Fresh,lip-treatments,18.0,"Isononyl Isononanoate,C1030 Cholesterol/Lanosterol Esters,BisDiglyceryl Polyacyladipate2,Cera Microcristallina (Microcrystalline Wax),Polybutene,Ethylene/Propylene/Styrene Copolymer,Glyceryl Behenate/Eicosadioate,Ethylhexyl Methoxycinnamate,Prunus Armeniaca (Apricot) Kernel Oil,Butylene/Ethylene/Styrene Copolymer,Ribes Nigrum (Black Currant) Seed Oil,Vitis Vinifera (Grape) Seed Oil,Sucrose Tetrastearate Triacetate,Tocopherol,Ascorbyl Palmitate,Fragrance,Silica Silylate,Ci 77891 (Titanium Dioxide),Bht,Synthetic Fluorphlogopite,Ammonium Glycyrrhizate,Vanillin,Polyglyceryl2 Triisostearate,Trimethylolpropane Triisostearate,Water,Propyl Gallate,Phenoxyethanol.",369,30695,0.21,0.0,https://www.sephora.com/product/coconut-hydrating-lip-balm-P431846?icid2=products%20grid:p431846,0.21,85.71428571428572
Baume à Lèvres Lip Balm,Gucci,lip-treatments,42.0,"Octyldodecanol, Trimethylolpropane Triisostearate, Polybutene, Cera Microcristallina/Microcrystalline Wax/Cire Microcrystalline, Caprylic/Capric Triglyceride, VP/Hexadecene Copolymer, Polyethylene, VP/Eicosene Copolymer, Triisodecyl Trimellitate, Mica, Stearalkonium Bentonite, Dicalcium Phosphate, Phytosteryl Isostearate, Propylene Carbonate, Ascorbyl Palmitate, Tocopherol, BHT, Tin Oxide, [May Contain/Peut Contenir/+/:Titanium Dioxide (CI 77891), Red 7 Lake (CI 15850), Red 6 (CI 15850), Yellow 6 Lake (CI 15985), Yellow 5 Lake (CI 19140), Blue 1 Lake (CI 42090), Red 28 Lake (CI 45410)].",53,7215,0.12,0.0,https://www.sephora.com/product/gucci-baume-agrave-l-egrave-vres-lip-balm-P452738?icid2=products%20grid:p452738,0.12,350.0
Sugar Lip Serum Advanced Therapy,Fresh,lip-treatments,36.0,"Glycerin, Ethylene/Acrylic Acid Copolymer, Caprylic/CapricTriglyceride, Butylene Glycol, Ethylhexyl Palmitate, Persea Gratissima (Avocado) Oil, Polysorbate 20, Vinyl Dimethicone/Methicone Silsesquioxane Crosspolymer, LimnanthesAlba (Meadowfoam) Seed Oil, Camellia Oleifera Seed Oil, Vitis Vinifera (Grape) Seed Oil, Commiphora Mukul Resin Extract, Kigelia Africana Fruit Extract, Spilanthes Acmella FlowerExtract, Ribes Nigrum (Black Currant) Seed Oil, Biosaccharide Gum1, Tocopheryl Acetate, Ascorbyl Tetraisopalmitate, Tocopherol, Ascorbyl Palmitate, Sodium Polyacrylate, Silica, Pentaerythrityl Tetraisostearate, CI 77891 (Titanium Dioxide), Hydrogenated Polycyclopentadiene, Tetrasodium EDTA, Dipalmitoyl Hydroxyproline, Xanthan Gum, Adenosine, Fragrance, Caramel, Trihydroxystearin, Palmitic Acid, Caprylyl Glycol,Stevioside, Sodium Hyaluronate, Hexylene Glycol, BHT, Phenoxyethanol,Limonene, Citral, Linalool, Benzyl Alcohol.",500,21572,0.3,0.0,https://www.sephora.com/product/sugar-lip-serum-advanced-therapy-P387647?icid2=products%20grid:p387647,0.3,120.0
Lip Comfort Oil,Clarins,lip-treatments,26.0,"Polyglyceryl2 IsostearateDimer Dilinoleate Copolymer, Dilinoleic Acid/PropanedioCopolymer, Simmondsia Chinensi(Jojoba) Seed Oil, Corylus Avellan(Hazel) Seed Oil, Helianthus Annuu(Sunflower) Seed Oil, Fragrance, Vanillin, TocopheryAcetate, Ammonium GlycyrrhizateLithospermum Erythrorhizon RooExtract, Glycine Soja (SoybeanOil, Diisostearyl Malate, Ci 42090Blue 1 Lake, Bixa Orellana SeeOil, Tocopherol.",396,50874,0.1,0.0,https://www.sephora.com/product/instant-light-lip-comfort-oil-P407406?icid2=products%20grid:p407406,0.1,260.0
Le Rouge Perfecto Beautifying Lip Balm,Givenchy,lip-treatments,37.0,Pepperslim and Coolact: Create a slight puffiness and fresh sensation,216,35989,0.07,0.0,https://www.sephora.com/product/le-rouge-perfecto-beautifying-lip-balm-P410769?icid2=products%20grid:p410769,0.07,528.5714285714286
GloPRO® Microneedling Facial Regeneration Tool Set,BeautyBio,lip-treatments,249.0,"Hydrogenated Polyisobutene, Ethylene/Propylene/Styrene Copolymer, Butylene/Ethylene/Styrene Copolymer, Isohexadecane, Sodium Hyaluronate, Xanthan Gum, Phenoxyethanol, Tripeptide1, Helianthus Annuus (Sunflower) Seed Oil, Ethylhexyl Palmitate, Silica Dimethyl Silylate, Butylene Glycol, Pentylene Glycol, Caprylic/Capric Triglyceride, Butyrospermum Parkii (Shea) Butter, Dipotassium Glycyrrhizinate, Collagen, Squalane, Sucralose, Methyl Nicotinate, Tetrahexyldecyl Ascorbate, Natural Flavors, Mica, Titanium Dioxide, Iron Oxides.",12,4246,0.0,0.0,https://www.sephora.com/product/give-bigger-kisses-glopro-microneedling-facial-regeneration-tool-set-P442316?icid2=products%20grid:p442316,0.26475735294117664,940.4837948176737
Coconut Lip Glossy,Kopari,lip-treatments,13.0,"Isododecane, Squalane, Cocos Nucifera (Organic Coconut) Oil, Hydrogenated Polyisobutene, Flavor, Sorbitan Oleate, Butyrospermum Parkii (Shea Butter) Extract, Tocopherol, Glycine Soja (Soybean) Oil, Tocopheryl Acetate (Vitamin E Acetate).",604,38398,0.35,0.0,https://www.sephora.com/product/coconut-lip-love-P416145?icid2=products%20grid:p416145,0.35,37.142857142857146
Kiehl's Lip Balm #1,Kiehl's Since 1851,lip-treatments,10.0,"Isododecane, Squalane, Cocos Nucifera (Organic Coconut) Oil, Hydrogenated Polyisobutene, Flavor, Sorbitan Oleate, Butyrospermum Parkii (Shea Butter) Extract, Tocopherol, Glycine Soja (Soybean) Oil, Tocopheryl Acetate (Vitamin E Acetate).",143,15007,0.5,0.0,https://www.sephora.com/product/kiehl-s-lip-balm-1-P422258?icid2=products%20grid:p422258,0.5,20.0
The Pout Sparkling Rosé Hyaluronic Acid Collagen Plumping Lip Serum,BeautyBio,lip-treatments,35.0,"Hydrogenated Polyisobutene, Ethylene/Propylene/Styrene Copolymer, Butylene/Ethylene/ Styrene Copolymer, Isohexadecane, Sodium Hyaluronate, Xanthan Gum, Phenoxyethanol, Tripeptide1, Helianthus Annuus (Sunflower) Seed Oil, Ethylhexyl Palmitate, Silica Dimethyl Silylate, Butylene Glycol, Pentylene Glycol, Caprylic/Capric Triglyceride, Butyrospermum Parkii (Shea) Butter, Dipotassium Glycyrrhizinate, Collagen, Squalane, Sucralose, Methyl Nicotinate, Tetrahexyldecyl Ascorbate, Natural Flavors, Mica, Titanium Dioxide, Iron Oxides.",39,6681,0.5,0.0,https://www.sephora.com/product/the-pout-sparkling-rose-hyaluronic-acid-collagen-plumping-lip-serum-P438635?icid2=products%20grid:p438635,0.5,70.0
Say It Jelly Shot,INC.redible,lip-treatments,10.0,"Ethylhexyl Palmitate, Candelilla Cera, Polybutene,BisDiglyceryl Polyacyladipate2, Hydrogenated Polyisobutene, Caprylic/Capric Triglyceride, Copernicia Cerifera Cera, Simmondsia Chinensis (Jojoba) Seed Oil, Tocopheryl Acetate, Titanium Dioxide (Ci 77891), Red 28 (Ci 45410).",13,3836,0.134,0.0,https://www.sephora.com/product/say-it-jelly-shot-P442247?icid2=products%20grid:p442247,0.134,74.62686567164178
Mini Lip Fetish Lip Balm Trio,PAT McGRATH LABS,lip-treatments,25.0,"Polybutene, Caprylic/Capric Triglyceride, Triisodecyl Trimellitate, Aluminum Starch Octenylsuccinate, Polyethylene, Beeswax, Dimethicone, Diisostearyl Malate, Dimethicone/Vinyl Dimethicone Crosspolymer, Polyhydroxystearic Acid, Dicalcium Phosphate, Butyrospermum Parkii (Shea) Butter, Pentaerythrityl Tetraditbutyl Hydroxyhydrocinnamate, Tocopheryl Acetate, Mica, Flavor/Aroma. May Contain: (+/) Titanium Dioxide (Ci 77891), Yellow 5 Lake (Ci 19140), Red 28 Lake (Ci 45410), Red 7 Lake (Ci 15850), Red 6 (Ci 15850), Blue 1 Lake (Ci 42090), Manganese Violet (Ci 77742), Iron Oxides (Ci 77491, Ci 77492, Ci 77499).",129,20127,0.0,0.0,https://www.sephora.com/product/lust-mini-lip-fetish-lip-balm-trio-P446893?icid2=products%20grid:p446893,0.26475735294117664,94.42608381703552
Rosebud Salve in a Tube,Rosebud Perfume Co.,lip-treatments,7.0,"Cotton Seed Oil, Aromol, Essential Oils, Petrolatum Base.",2000,47841,0.5,0.0,https://www.sephora.com/product/rosebud-salve-in-a-tube-P266126?icid2=products%20grid:p266126,0.5,14.0
Sugar Mint Rush Freshening Lip Treatment,Fresh,lip-treatments,24.0,"Cera Alba (Beeswax), Simmondsia Chinensis (Jojoba) Seed Oil, Ricinus Communis (Castor) Seed Oil, C1018 Triglycerides, Hydrogenated Olive Oil Decyl Esters, Vitis Vinifera (Grape) Seed Oil, Menthyl PCA, Persea Gratissima (Avocado) Oil, Copernicia Cerifera (Carnauba) Wax, Limnanthes Alba (Meadowfoam) Seed Oil, Hydrolyzed Corn Starch Octenylsuccinate, Passiflora Incarnata Seed Oil, Sucrose Tetrastearate Triacetate, Mentha Piperita (Peppermint) Oil, Butyrospermum Parkii (Shea) Butter Extract, Euphorbia Cerifera (Candelilla) Wax, Ribes Nigrum (Black Currant) Seed Oil, Menthol, Tocopherol, Ascorbyl Tetraisopalmitate, Ascorbyl Palmitate, Aroma (Flavor), Ammonium Glycyrrhizate, BHT, Hydrated Silica, Polyglyceryl3 Polyricinoleate, Propyl Gallate, CI 19140 (Yellow 5 Lake), CI 42090 (Blue 1 Lake), Limonene, Hexyl Cinnamal, Benzyl Salicylate, Linalool, Citral &lt;13171/A&gt;.",429,17976,0.15,0.0,https://www.sephora.com/product/sugar-lip-treatment-mint-rush-P442003?icid2=products%20grid:p442003,0.15,160.0
Ultra Repair Lip Therapy,First Aid Beauty,lip-treatments,12.0,"Diisostearyl Malate, Cera Microcristallina (Microcrystalline Wax, Cire Microcristalline), Simmondsia Chinensis (Jojoba) Seed Oil, Butyrospermum Parkii (Shea) Butter, Vitis Vinifera (Grape) Seed Oil, Copernicia Cerifera Cera (Copernicia Cerifera (Carnauba) Wax/Cire de Carnauba), Glyceryl Diisostearate, Dimethicone, Aroma (Flavor), Glycerin, Triisostearin, Isostearyl Alcohol, Avena Sativa (Oat) Kernal Flour, Hyaluronic Acid, Malic Acid, Allantoin, Squalane, Tocopherol, Glycine Soja (Soybean) Oil, Aqua (Eau), Chrysanthemum Parthenium (Feverfew) Extract, Glycyrrhiza Glabra (Licorice) Root Extract, Camellia Sinensis Leaf Extract, Leuconostoc/Radish Root Ferment Filtrate, Phenoxyethanol, EDTA, Citral, Limonene.",837,26625,0.5,0.0,https://www.sephora.com/product/ultra-repair-lip-therapy-P293008?icid2=products%20grid:p293008,0.5,24.0
Repairwear™ Intensive Lip Treatment,CLINIQUE,lip-treatments,31.0,"Octyldodecanol, Pentaerythrityl Adipate/ Caprate/ Caprylate/ Heptanoate, Petrolatum, BisDiglyceryl Polyacyladipate2, Polyethylene, Hydrogenated Dilinoleyl Alcohol, Stearoxy Dimethicone, Silica, Polybutene, Microcrystalline Wax\Cera Microcristallina\Cire Microcristalline, Water\Aqua\Eau, Triticum Vulgare (Wheat) Germ Extract, Polygonum Cuspidatum Root Extract, Theobroma Grandiflorum Seed Butter, Coffea Arabica (Coffee) Seed Extract, Rosmarinus Officinalis (Rosemary) Leaf Extract, Tocopheryl Acetate, Coffea Robusta Seed Extract, Betula Alba (Birch) Extract, Astrocaryum Murumuru Seed Butter, Hordeum Vulgare (Barley) Extract\Extrait D'Orge, Butyrospermum Parkii (Shea Butter), Glycerin, Poria Cocos Sclerotium Extract, Linolenic Acid, Sodium Dna, Saccharomyces Lysate Extract, Linoleic Acid, Cholesterol, Sodium Rna, Ascorbyl Tocopheryl Maleate, Methyl Glucose Sesquistearate, Lauryl Pca, C2040 Pareth10, Squalane, Ethylhexylglycerin, Polyglyceryl4 Isostearate, Hexyl Laurate, Cetyl Peg/Ppg10/1 Dimethicone, Allyl Methacrylates Crosspolymer, Propylene Glycol Dicaprate, Nordihydroguaiaretic Acid, Glycine Soja (Soybean) Protein, Phytosphingosine, Oleic Acid, Acetyl Carnitine Hcl, Caprylic/Capric Triglyceride, Triethoxycaprylylsilane, Ethylhexyl Stearate, Lecithin, Hydrogenated Lecithin, Hexylene Glycol, Ethylhexyl Palmitate, Potassium Sulfate, Hydroxyethylcellulose, Ethylcellulose, Bht, Phenoxyethanol, [+/ Mica, Red 7 Lake (Ci 15850), Yellow 5 Lake (Ci 19140), Red 22 Lake (Ci 45380), Titanium Dioxide (Ci 77891), Iron Oxides (Ci 77491, Ci 77492, Ci 77499), Red 6 (Ci 15850), Red 30 Lake (Ci 73360), Carmine (Ci 75470), Red 33 Lake (Ci 17200), Red 28 Lake (Ci 45410), Blue 1 Lake (Ci 42090), Yellow 6 Lake (Ci 15985)].",246,11577,0.14,0.0,https://www.sephora.com/product/repairwear-intensive-lip-treatment-P122782?icid2=products%20grid:p122782,0.14,221.42857142857142
Squalane+ Rose Vegan Lip Balm,Biossance,lip-treatments,18.0,"Diisostearyl Malate, Ricinus Communis (Castor) Seed Oil, Capryloyl Glycerin/Sebacic Acid Copolymer, Hydroxystearic/Linolenic/Oleic Polyglycerides, BisDiglyceryl Polyacyladipate2, Myristic/Palmitic/Stearic/Ricinoleic/Eicosanedioic Glycerides, Squalane, Ceramide NP, Hydrogenated Castor Oil, Caprylic/Capric Triglyceride, Tetrahexyldecyl Ascorbate, Sodium Hyaluronate, Dextrin Palmitate, Rosa Damascena Flower Extract, Undaria Pinnatifida Extract, Citronellol, Geraniol, Citral.",186,15331,0.35,0.0,https://www.sephora.com/product/squalane-rose-vegan-lip-balm-P448210?icid2=products%20grid:p448210,0.35,51.42857142857143
Sugar Lemon Hydrating Lip Balm,Fresh,lip-treatments,18.0,"Isononyl Isononanoate, C1030 Cholesterol/Lanosterol Esters, BisDiglyceryl Polyacyladipate2, Cera Microcristallina (Microcrystalline Wax), Polybutene, Ethylene/Propylene/Styrene Copolymer, Glyceryl Behenate/Eicosadioate, Prunus Armeniaca (Apricot) Kernel Oil, Butylene/Ethylene/Styrene Copolymer, Ribes Nigrum (Black Currant) Seed Oil, Vitis Vinifera (Grape) Seed Oil, Sucrose Tetrastearate Triacetate, Tocopherol, Ascorbyl Palmitate, Silica Silylate, Parfum (Fragrance), BHT, Ammonium Glycyrrhizate, CI  77891 (Titanium Dioxide), Polyglyceryl2 Triisostearate, Vanillin, Trimethylolpropane Triisostearate, CI 77492 (Iron Oxides), Aqua (Water), CI 19140 (Yellow 5 Lake), CI 42090 (Blue 1 Lake), CI 15850 (Red 7), Propyl Gallate, Phenoxyethanol, Limonene, Benzyl Alcohol, Citral, Linalool.",157,19926,0.21,0.0,https://www.sephora.com/product/sugar-lemon-hydrating-lip-balm-P443827?icid2=products%20grid:p443827,0.21,85.71428571428572
Lip Balm,Mario Badescu,lip-treatments,8.0,"Hydrogenated Polydecene, Cocoglycerides, Dimethicone, Brassica Glycerides, Persea Gratissima (Avocado) Oil, Glyceryl Behenate, Microcrystalline Cellulose, Polyhydroxystearic Acid, Ethylene/Propylene/Styrene Copolymer, Jojoba Esters, Helianthus Annuus (Sunflower) Seed Wax, Theobroma Cacao (Cocoa) Seed Butter, Prunus Amygdalus Dulcis (Sweet Almond) Oil, Silica Silylate, Silica, Cera Alba (Beeswax, Cire d'abeille), Chamomilla Recutita (Matricaria) Flower Extract, Raspberry Seed Oil /Tocopheryl Succinate Aminopropanediol Esters, Dimethicone Crosspolymer, Dimethicone/Vinyl Dimethicone Crosspolymer, Aloe Barbadensis Leaf Extract, Hydrogenated Olive Oil, Glyceryl Rosinate, Ricinus Communis Seed Oil, Hydrogenated Vegetable Oil, Acacia Decurrens Flower Cera, Tocopherol, Butylene/Ethylene/Styrene Copolymer, Euphorbia Cerifera Cera (Candelilla Wax), Polysorbate 80, Polyglycerin3, Linoleic Acid, Hydrolyzed Corn Starch, Sucralose, Flavor, Tetrahexyldecyl Ascorbate, Linolenic Acid, Pentaerythrityl Tetraditbutyl Hydroxyhydrocinnamate.",75,10734,0.35,0.0,https://www.sephora.com/product/mario-badescu-lip-balm-P440503?icid2=products%20grid:p440503,0.35,22.857142857142858
Rosebud Salve,Rosebud Perfume Co.,lip-treatments,7.0,"Pure White Petrolatum (Surgical Grade), Cotton Seed Oil, Trade Secret Blend of Essential Oils, Botanicals.",4000,61961,0.8,0.0,https://www.sephora.com/product/rosebud-salve-P42204?icid2=products%20grid:p42204,0.8,8.75
Je Ne Sais Quoi Hydrating Lip Balm Treatment,IT Cosmetics,lip-treatments,25.0,"Polybutene, Hydrogenated Polyisobutene, Octyldodecanol, Beeswax, Ozokerite, Trihydroxystearin, Polyethylene, Ricinus Communis (Castor) Seed Oil, Ethylhexyl Palmitate, Tribehenin, Sorbitan Isostearate, Palmitoyl Tripeptide1, Pentaerythrityl TetraDiTButyl Hydroxyhydrocinnamate, Carthamus Tinctorius (Safflower) Seed Oil, Tocopheryl Acetate, Tocopherol, Retinyl Palmitate, Ascorbyl Palmitate, Butyrospermum Parkii (Shea) Butter, Prunus Domestica Seed Oil, Prunus Cerasus (Bitter Cherry) Oil, Argania Spinosa Kernel Oil, Vitis Vinifera (Grape) Seed Extract, Punica Granatum Extract, Camellia Oleifera Leaf Extract, Aloe Barbadensis Leaf Extract, Camellia Sinensis Leaf Extract, Silica Dimethyl Silyate, Butylene Glycol, Hyaluronic Acid, Citric Acid, Cholesteryl Oleyl Carbonate, Cholesteryl Nonanoate, Cholesteryl Chloride, Lonicera Caprifolium (Honeysuckle) Flower Extract, Lonicera Japonica (Honeysuckle) Flower Extract, Simmondsia Chinensis (Jojoba) Seed Oil. [+/: Titanium Dioxide (Ci 77891), Iron Oxides (Ci 77492, Ci 77491, Ci 77499), Red Lake 7 (Ci 15850), Red 27 Lake (Ci 45410), Yellow 5 Lake (Ci 19140), Red 30 Lake (Ci 73360)].",182,15959,0.11,0.0,https://www.sephora.com/product/je-ne-sais-quoi-hydrating-color-awakening-lip-treatment-P411395?icid2=products%20grid:p411395,0.11,227.27272727272728
Glimmer Balm,Winky Lux,lip-treatments,16.0,"Polybutene, Hydrogenated Polyisobutene, Octyldodecanol, Beeswax, Ozokerite, Trihydroxystearin, Polyethylene, Ricinus Communis (Castor) Seed Oil, Ethylhexyl Palmitate, Tribehenin, Sorbitan Isostearate, Palmitoyl Tripeptide1, Pentaerythrityl TetraDiTButyl Hydroxyhydrocinnamate, Carthamus Tinctorius (Safflower) Seed Oil, Tocopheryl Acetate, Tocopherol, Retinyl Palmitate, Ascorbyl Palmitate, Butyrospermum Parkii (Shea) Butter, Prunus Domestica Seed Oil, Prunus Cerasus (Bitter Cherry) Oil, Argania Spinosa Kernel Oil, Vitis Vinifera (Grape) Seed Extract, Punica Granatum Extract, Camellia Oleifera Leaf Extract, Aloe Barbadensis Leaf Extract, Camellia Sinensis Leaf Extract, Silica Dimethyl Silyate, Butylene Glycol, Hyaluronic Acid, Citric Acid, Cholesteryl Oleyl Carbonate, Cholesteryl Nonanoate, Cholesteryl Chloride, Lonicera Caprifolium (Honeysuckle) Flower Extract, Lonicera Japonica (Honeysuckle) Flower Extract, Simmondsia Chinensis (Jojoba) Seed Oil. [+/: Titanium Dioxide (Ci 77891), Iron Oxides (Ci 77492, Ci 77491, Ci 77499), Red Lake 7 (Ci 15850), Red 27 Lake (Ci 45410), Yellow 5 Lake (Ci 19140), Red 30 Lake (Ci 73360)].",80,13191,0.13,0.0,https://www.sephora.com/product/glimmer-balm-P436015?icid2=products%20grid:p436015,0.13,123.07692307692307
Peach Lip Scrub - Peaches and Cream Collection,Too Faced,lip-treatments,18.0,"Sucrose, Petrolatum, Simmondsia Chinensis (Jojoba) Seed Oil/Simmondsia Chinensis Seed Oil, Butyrospermum Parkii (Shea) Butter/Butyrospermum Parkii Butter, Vitis Vinifera (Grape) Seed Oil/Vitis Vinifera Seed Oil, Oryza Sativa (Rice) Bran Extract/Oryza Sativa Bran Extract, Phenoxyethanol,  Ethylene/Propylene/Styrene Copolymer, Butylene/Ethylene/Styrene Copolymer, BHT, Helianthus Annuus (Sunflower) Seed Oil/Helianthus Annuus Seed Oil, Cocos Nucifera (Coconut) Oil/Cocos Nucifera Oil, Ricinus Communis (Castor) Seed Oil/Ricinus Communis Seed Oil, Hydroxystearic/Linolenic/Linoleic Polyglycerides, Tocopheryl Acetate, Flavor/Aroma, Carthamus Tinctorius (Safflower) Seed Oil/Carthamus Tinctorius Seed Oil, Rosmarinus Officinalis (Rosemary) Leaf Extract/Rosmarinus Officinalis Leaf Extract, Tocopherol, Prunus Persica (Peach) Fruit Extract/Prunus Persica Fruit Extract, Propylene Glycol Dicaprylate/Dicaprate, Ficus Carica (Fig) Fruit Extract/Ficus Carica (Fig) Fruit Extract, Potassium Sorbate, Xanthan Gum, Yellow 6 (CI 15985), Red  33 (CI 17200).",108,16429,0.51,0.0,https://www.sephora.com/product/peach-lip-scrub-P435336?icid2=products%20grid:p435336,0.51,35.294117647058826
Chubby Stick Intense Moisturizing Lip Colour Balm,CLINIQUE,lip-treatments,18.5,"Ricinus Communis (Castor) Seed Oil , Caprylic/Capric Triglyceride , Vegetable Oil/Olus/Huile Vegetale , Euphorbia Cerifera (Candelilla) Wax/Candelilla Cera/Cire De Candelilla , Beeswax/Cera Alba/Cire D Abeille , Ozokerite , Butyrospermum Parkii (Shea Butter) , Hydrogenated Vegetable Oil , Simmondsia Chinensis (Jojoba) Seed Oil , Butyrospermum Parkii (Shea Butter) Extract , Mangifera Indica (Mango) Seed Butter , Limnanthes Alba (Meadowfoam) Seed Oil , Helianthus Annuus (Sunflower) Seed Oil , Hydrogenated Olive Oil , Tocopherol ,  [+/ Titanium Dioxide (Ci 77891) , Mica , Red 7 Lake (Ci 15850) , Iron Oxides (Ci 77499) , Iron Oxides (Ci 77491) , Iron Oxides (Ci 77492) , Yellow 5 Lake (Ci 19140) , Red 22 Lake (Ci 45380) , Red 30 Lake (Ci 73360) , Carmine (Ci 75470) , Bismuth Oxychloride (Ci 77163) , Red 6 (Ci 15850) , Red 33 Lake (Ci 17200) , Red 28 Lake (Ci 45410) , Blue 1 Lake (Ci 42090) , Yellow 6 Lake (Ci 15985)] <iln39576></iln39576>",573,30129,0.1,0.0,https://www.sephora.com/product/chubby-stick-intense-moisturizing-lip-colour-balm-P377218?icid2=products%20grid:p377218,0.1,185.0
Matcha Lip Balm,Winky Lux,lip-treatments,16.0,"Ricinus Communis (Castor) Seed Oil , Caprylic/Capric Triglyceride , Vegetable Oil/Olus/Huile Vegetale , Euphorbia Cerifera (Candelilla) Wax/Candelilla Cera/Cire De Candelilla , Beeswax/Cera Alba/Cire D Abeille , Ozokerite , Butyrospermum Parkii (Shea Butter) , Hydrogenated Vegetable Oil , Simmondsia Chinensis (Jojoba) Seed Oil , Butyrospermum Parkii (Shea Butter) Extract , Mangifera Indica (Mango) Seed Butter , Limnanthes Alba (Meadowfoam) Seed Oil , Helianthus Annuus (Sunflower) Seed Oil , Hydrogenated Olive Oil , Tocopherol ,  [+/ Titanium Dioxide (Ci 77891) , Mica , Red 7 Lake (Ci 15850) , Iron Oxides (Ci 77499) , Iron Oxides (Ci 77491) , Iron Oxides (Ci 77492) , Yellow 5 Lake (Ci 19140) , Red 22 Lake (Ci 45380) , Red 30 Lake (Ci 73360) , Carmine (Ci 75470) , Bismuth Oxychloride (Ci 77163) , Red 6 (Ci 15850) , Red 33 Lake (Ci 17200) , Red 28 Lake (Ci 45410) , Blue 1 Lake (Ci 42090) , Yellow 6 Lake (Ci 15985)] <iln39576></iln39576>",37,14191,0.13,0.0,https://www.sephora.com/product/matcha-lip-balm-P436014?icid2=products%20grid:p436014,0.13,123.07692307692307
Sugar Wonder Drops Lip Primer,Fresh,lip-treatments,26.0,"Glycerin, Xanthan Gum, Polysorbate 20, Vaccinium Myrtillus FruitExtract, Saccharum Officinarum (Sugar Cane) Extract, Citrus Aurantium Dulcis (Orange) Fruit Extract, Citrus Limon (Lemon) Fruit Extract, Hibiscus Sabdariffa Flower Extract, Acer Saccharum (Sugar Maple) Extract, Tocopherol, Diglycerin, Maltitol, Pentylene Glycol, Tetrasodium EDTA, Fragrance, Stevioside, Vanillin, Hyaluronic Acid, Phenoxyethanol, Limonene, Citral, Benzyl Alcohol, Linalool.",134,16573,0.16,0.0,https://www.sephora.com/product/sugar-wonder-drops-lip-primer-P433983?icid2=products%20grid:p433983,0.16,162.5
Liplift Lip Primer,Guerlain,lip-treatments,37.0,"Glycerin, Xanthan Gum, Polysorbate 20, Vaccinium Myrtillus FruitExtract, Saccharum Officinarum (Sugar Cane) Extract, Citrus Aurantium Dulcis (Orange) Fruit Extract, Citrus Limon (Lemon) Fruit Extract, Hibiscus Sabdariffa Flower Extract, Acer Saccharum (Sugar Maple) Extract, Tocopherol, Diglycerin, Maltitol, Pentylene Glycol, Tetrasodium EDTA, Fragrance, Stevioside, Vanillin, Hyaluronic Acid, Phenoxyethanol, Limonene, Citral, Benzyl Alcohol, Linalool.",319,8786,0.11,0.0,https://www.sephora.com/product/liplift-lip-primer-P190247?icid2=products%20grid:p190247,0.11,336.3636363636364
Essential Lip Enhancer Balm,Jouer Cosmetics,lip-treatments,16.0,"Polyisobutene, Octyldodecyl Stearoyl Stearate, Simmondsia Chinensis (Jojoba) Seed Oil, Cera Alba/Beeswax, Butyrospermum Parkii (Shea) Butter, Ethylhexyl Methoxycinnamate, Ethylhexyl Palmitate, Tocopheryl Acetate, Tribehenin, Palmitoyl Oligopeptide, Ricinus Communis (Castor) Seed Oil, Hydrogenated Soybean Oil, Ozokerite, Sorbitan Isostearate, Triacetin, Trihydroxystearin, Phenoxyethanol, Flavor (Aroma), AlphaIsomethyl Ionone, Citronellol, Geraniol, Titanium Dioxide (Ci 77891), Red 7 Lake (Ci 15850), Yellow 5 Lake (Ci 19140).",196,12429,0.33,0.0,https://www.sephora.com/product/essential-lip-enhancer-balm-P434016?icid2=products%20grid:p434016,0.33,48.484848484848484
Lip Conditioner,Caudalie,lip-treatments,12.0,"Polyisobutene, Octyldodecyl Stearoyl Stearate, Simmondsia Chinensis (Jojoba) Seed Oil, Cera Alba/Beeswax, Butyrospermum Parkii (Shea) Butter, Ethylhexyl Methoxycinnamate, Ethylhexyl Palmitate, Tocopheryl Acetate, Tribehenin, Palmitoyl Oligopeptide, Ricinus Communis (Castor) Seed Oil, Hydrogenated Soybean Oil, Ozokerite, Sorbitan Isostearate, Triacetin, Trihydroxystearin, Phenoxyethanol, Flavor (Aroma), AlphaIsomethyl Ionone, Citronellol, Geraniol, Titanium Dioxide (Ci 77891), Red 7 Lake (Ci 15850), Yellow 5 Lake (Ci 19140).",1000,19263,0.15,0.0,https://www.sephora.com/product/lip-conditioner-P6034?icid2=products%20grid:p6034,0.15,80.0
Clean Berry Lip Mask,Primera,lip-treatments,20.0,"Diisostearyl Malate, Phytosteryl/Isostearyl/Cetyl/Stearyl/Behenyl Dimer Dilinoleate, Polybutene, Hydrogenatedpolyisobutene, Synthetic Wax, Vp/Hexadecene Copolymer, Euphorbia Cerifera (Candelilla) Wax / Candelilla Cerahydrocarbons / Cire De Candelilla, Hydrogenated Poly(C614 Olefin), BisDiglyceryl Polyacyladipate2, Squalane,Butyrospermum Parkii (Shea) Butter, Polyethylene, Copernicia Cerifera (Carnauba) Wax / Copernicia Cerifera Cera / Cirede Carnauba,Sucrose Tetrastearate Triacetate, Oryza Sativa (Rice) Bran Wax, Hippophae Rhamnoides Fruit Extract, Hemerocallisfulva Flower Extract, Candelilla Wax Esters, Ethylene/Propylene/Styrene Copolymer, Fragrance / Parfum, Astrocaryum Murumuru Seed Butter, Butylene/Ethylene/Styrene Copolymer, Dextrin Palmitate/Ethylhexanoate,Tocopheryl Acetate, Glycerin, Citric Acid, Vaccinium Myrtillus Bud Extract, Sequoiadendrongigantea Bud Extract, Prunus Persica (Peach) Bud Extract.",492,6352,0.59,0.0,https://www.sephora.com/product/primera-clean-berry-lip-mask-P447189?icid2=products%20grid:p447189,0.59,33.898305084745765
Sugar Lip Masterpiece Gift Set,Fresh,lip-treatments,178.0,"Sucrose, Simmondsia Chinensis (Jojoba) Seed Oil, Isononyl Isononanoate, Hydrogenated Castor Oil, Molasses, Ethylene/ Propylene/Styrene Copolymer, Fragrance, Silica, Butyrospermum Parkii (Shea Butter), Limnanthes Alba (Meadowfoam) Seed Oil, Vitis Vinifera (Grape) Seed Oil, Tocopheryl Acetate, Butylene/Ethylene/Styrene Copolymer, BHT, Citric Acid, Phenoxyethanol, Limonene, Citral, Benzyl Alcohol.",1,1705,0.0,0.0,https://www.sephora.com/product/sugar-lip-masterpiece-gift-set-P449898?icid2=products%20grid:p449898,0.26475735294117664,672.3137167772928
Shine On Lip Screen Broad Spectrum SPF 50,Supergoop!,lip-treatments,22.0,"Hydrogenated Polyisobutene, Butyloctyl Salicylate, Polyester7, Diisopropyl Sebacate, Isodecyl Neopentanoate, Lauryl Lactate, Neopentyl Glycol Diheptanoate, Polyester8, Tribehenin, Phenoxyethanol, Trihydroxystearin, Menthone Glycerin Acetal, Diethylhexyl Syringylidenemalonate, Polybutene, Tocopheryl Acetate, Polysilicone15, Octyldodecanol, Elaeis Guineensis (Palm) Oil, Benzoic Acid, Tocotrienols, Helianthus Annuus (Sunflower) Seed Oil, Dehydroacetic Acid, Tocopherol, Caprylic/Capric Triglyceride, BHT, Vitis Vinifera (Grape) Seed Extract, Laminaria Ochroleuca Extract.",60,6984,0.14,0.0,https://www.sephora.com/product/shine-on-lip-screen-broad-spectrum-spf-50-P408264?icid2=products%20grid:p408264,0.14,157.14285714285714
Sugar Peach Hydrating Lip Balm,Fresh,lip-treatments,18.0,"Isononyl Isononanoate, C1030 Cholesterol/Lanosterol Esters, BisDiglyceryl Polyacyladipate2, Cera Microcristallina (Microcrystalline Wax), Polybutene, Ethylene/Propylene/Styrene Copolymer, Glyceryl Behenate/Eicosadioate, Prunus Armeniaca (Apricot) Kernel Oil, Butylene/Ethylene/Styrene Copolymer, Ribes Nigrum (Black Currant) Seed Oil, Vitis Vinifera (Grape) Seed Oil, Sucrose Tetrastearate Triacetate, Tocopherol, Ascorbyl Palmitate, Parfum (Fragrance), Silica Silylate, CI 77891 (Titanium Dioxide), BHT, Ammonium Glycyrrhizate, Polyglyceryl2 Triisostearate, Trimethylolpropane Triisostearate, CI19140 (Yellow 5 Lake), CI 15985 (Yellow 6 Lake), CI 15850 (Red 7), Propyl Gallate, Phenoxyethanol, Linalool.",71,9870,0.21,0.0,https://www.sephora.com/product/sugar-peach-hydrating-lip-balm-P443828?icid2=products%20grid:p443828,0.21,85.71428571428572
Clutch Sized Soleil Neige Lip Balm,TOM FORD,lip-treatments,36.0,"Isononyl Isononanoate, C1030 Cholesterol/Lanosterol Esters, BisDiglyceryl Polyacyladipate2, Cera Microcristallina (Microcrystalline Wax), Polybutene, Ethylene/Propylene/Styrene Copolymer, Glyceryl Behenate/Eicosadioate, Prunus Armeniaca (Apricot) Kernel Oil, Butylene/Ethylene/Styrene Copolymer, Ribes Nigrum (Black Currant) Seed Oil, Vitis Vinifera (Grape) Seed Oil, Sucrose Tetrastearate Triacetate, Tocopherol, Ascorbyl Palmitate, Parfum (Fragrance), Silica Silylate, CI 77891 (Titanium Dioxide), BHT, Ammonium Glycyrrhizate, Polyglyceryl2 Triisostearate, Trimethylolpropane Triisostearate, CI19140 (Yellow 5 Lake), CI 15985 (Yellow 6 Lake), CI 15850 (Red 7), Propyl Gallate, Phenoxyethanol, Linalool.",6,2845,0.07,0.0,https://www.sephora.com/product/clutch-sized-soleil-neige-lip-balm-P450539?icid2=products%20grid:p450539,0.07,514.2857142857142
Dior Addict Lip Sugar Scrub,Dior,lip-treatments,34.0,"Polyglyceryl2 Triisostearate, Caprylic/Capric/Myristic/Stearic Triglyceride, Synthetic Beeswax, Phytosteryl/Octyldodecyl Lauroyl Glutamate, Dimer Dilinoleyl Dimer Dilinoleate, Mangifera Indica (Mango) Seed Butter, Sucrose, Cera Microcristallina (Microcrystalline Wax), Polyethylene, C2040 Alcohols, Ethylhexyl Palmitate, Decyloxazolidinone, Parfum (Fragrance), Luffa Cylindrica Seed Oil, Vanillin, Diisostearyl Malate, Trimethylolpropane Triisostearate, Bht, Tocopherol, Benzyl Alcohol, Limonene, Propyl Gallate, [+/ :Ci 12085 (Red 36, Red 36 Lake), Ci 15850 (Red 6, Red 7, Red 7 Lake), Ci 15985 (Yellow 6, Yellow 6 Lake), Ci 19140 (Yellow 5, Yellow 5 Lake), Ci 42090 (Blue 1 Lake), Ci 45380 (Red 21, Red 21 Lake, Red 22 Lake), Ci 45410 (Red 27, Red 27 Lake, Red 28 Lake), Ci 73360 (Red 30, Red 30 Lake), Ci 77891 (Titanium Dioxide), Ci 77163 (Bismuth Oxychloride), Ci 77491, Ci 77492, Ci 77499 (Iron Oxides), Ci 77742 (Manganese Violet)].",152,15056,0.12,0.0,https://www.sephora.com/product/dior-addict-lip-sugar-scrub-P416366?icid2=products%20grid:p416366,0.12,283.33333333333337
Mood Balm Color Changing Lip Moisturizer,Kaja,lip-treatments,14.0,"Diisostearyl Malate, Polybutene, Pentaerythrityl Tetraisostearate, Squalene, Cera Microcristallina/Microcrystalline Wax/Cire Microcristalline, Dipentaerythrityl Tetrahydroxystearate/Tetraisostearate, Diglyceryl Sebacate/Isopalmitate, Octyldodecanol, Cetyl Ricinoleate, Phytosteryl/Isostearyl/Cetyl/Stearyl/Behenyl Dimer Dilinoleate, Paraffin, Polyethylene, Synthetic Wax, Silica Dimethyl Silylate, Ethylene/Propylene Copolymer, Red 27 (CI 45410:1), Iron Oxides (CI 77499), Polyglyceryl2 Triisostearate, Caprylyl Glycol, Fragrance (Parfum), Glyceryl Caprylate, Blue 1 Lake (CI 42090), Ricinus Communis (Castor) Seed Oil, Pentaerythrityl Tetraditbutyl Hydroxyhydrocinnamate.",128,18541,0.15,0.0,https://www.sephora.com/product/mood-balm-color-changing-lip-moisturizer-P436157?icid2=products%20grid:p436157,0.15,93.33333333333334
Essential Lip Enhancer Shine Balm,Jouer Cosmetics,lip-treatments,18.0,"Diisostearyl Malate, Polybutene, Pentaerythrityl Tetraisostearate, Squalene, Cera Microcristallina/Microcrystalline Wax/Cire Microcristalline, Dipentaerythrityl Tetrahydroxystearate/Tetraisostearate, Diglyceryl Sebacate/Isopalmitate, Octyldodecanol, Cetyl Ricinoleate, Phytosteryl/Isostearyl/Cetyl/Stearyl/Behenyl Dimer Dilinoleate, Paraffin, Polyethylene, Synthetic Wax, Silica Dimethyl Silylate, Ethylene/Propylene Copolymer, Red 27 (CI 45410:1), Iron Oxides (CI 77499), Polyglyceryl2 Triisostearate, Caprylyl Glycol, Fragrance (Parfum), Glyceryl Caprylate, Blue 1 Lake (CI 42090), Ricinus Communis (Castor) Seed Oil, Pentaerythrityl Tetraditbutyl Hydroxyhydrocinnamate.",74,10566,0.14,0.0,https://www.sephora.com/product/essential-lip-enhancer-shine-balm-P448510?icid2=products%20grid:p448510,0.14,128.57142857142856
Essential Lip Care Duo,Jouer Cosmetics,lip-treatments,25.0,"Diisostearyl Malate, Octyldodecanol, Polyglyceryl2 Triisostearate, Triethylhexanoin, Ceresin, Dipentaerythrityl Hexahydroxystearate/Hexastearate/Hexarosinate, Synthetic Wax, Cera Microcristallina/Microcrystalline Wax/Cire Microcristalline, Candelilla Cera/Euphorbia Cerifera (Candelilla) Wax/Cire de Candelilla, Ethylhexyl Palmitate, Sorbitan Sesquioleate, Aroma/Flavor, Glyceryl Caprylate, Tribehenin, Cera Carnauba/Copernicia Cerifera (Carnauba) Wax/Cire de Carnauba, Tocopheryl Acetate, Simmondsia Chinensis (Jojoba) Seed Oil, Sorbitan Isostearate, Butyrospermum Parkii (Shea) Butter, Palmitoyl Tripeptide1, AlphaIsomethyl Ionone, Citronellol, Geraniol, Hydroxycitronellal. May Contain/Peut Contenir (±): CI 77891 (Titanium Dioxide), CI 77491, CI 77492, CI 77499 (Iron Oxides), CI 15850 (Red 6), CI 15985 (Yellow 6), CI 15850 (Red 6 Lake), CI 77007 (Ultramarines).",9,2096,0.0,0.0,https://www.sephora.com/product/essential-lip-care-duo-P451644?icid2=products%20grid:p451644,0.26475735294117664,94.42608381703552
Burst Hydrating Lip Oil,Ciaté London,lip-treatments,16.0,"Diisostearyl Malate, Octyldodecanol, Polyglyceryl2 Triisostearate, Triethylhexanoin, Ceresin, Dipentaerythrityl Hexahydroxystearate/Hexastearate/Hexarosinate, Synthetic Wax, Cera Microcristallina/Microcrystalline Wax/Cire Microcristalline, Candelilla Cera/Euphorbia Cerifera (Candelilla) Wax/Cire de Candelilla, Ethylhexyl Palmitate, Sorbitan Sesquioleate, Aroma/Flavor, Glyceryl Caprylate, Tribehenin, Cera Carnauba/Copernicia Cerifera (Carnauba) Wax/Cire de Carnauba, Tocopheryl Acetate, Simmondsia Chinensis (Jojoba) Seed Oil, Sorbitan Isostearate, Butyrospermum Parkii (Shea) Butter, Palmitoyl Tripeptide1, AlphaIsomethyl Ionone, Citronellol, Geraniol, Hydroxycitronellal. May Contain/Peut Contenir (±): CI 77891 (Titanium Dioxide), CI 77491, CI 77492, CI 77499 (Iron Oxides), CI 15850 (Red 6), CI 15985 (Yellow 6), CI 15850 (Red 6 Lake), CI 77007 (Ultramarines).",46,8251,0.0,0.0,https://www.sephora.com/product/watermelon-burst-hydrating-lip-oil-P446307?icid2=products%20grid:p446307,0.26475735294117664,60.432693642902734
Overnight Conditioning & Repairing Lip Mask,Jouer Cosmetics,lip-treatments,20.0,"Diisostearyl Malate, Cera Microcristallina/Microcrystalline Wax, Hydrogenated Poly (C614 Olefin), Polybutene, Candelilla Cera/Euphorbia Cerifera (Candelilla) Wax, Ethylhexyl Palmitate, Phenoxyethanol, Butyrospermum Parkii (Shea) Butter, Aroma/Flavor, Tribehenin, Hydroxystearic/Linolenic/Linoleic Polyglycerides, Simmondsia Chinensis (Jojoba) Seed Oil, Tocopherol, Vitis Vinifera (Grape) Seed Oil, Sorbitan Isostearate, Lactic Acid, Palmitoyl Tripeptide1, Ricinus Communis (Castor) Seed Oil, Sodium Hyaluronate, Hydrogenated Castor Oil, Citric Acid, Benzyl Benzoate.",22,4127,0.7,0.0,https://www.sephora.com/product/overnight-conditioning-repairing-lip-mask-P441026?icid2=products%20grid:p441026,0.7,28.571428571428573
No Makeup Lipstick Broad Spectrum SPF 15,Perricone MD,lip-treatments,30.0,"Simmondsia Chinensis (Jojoba) Seed Oil, Octyldodecanol, Polyglyceryl2 Diisostearate, Tridecyl Trimellitate, Polyethylene, Synthetic Wax, VP/Eicosene Copolymer, Mango Butter Dimer Dilinoleyl Esters/Dimer Dilinoleate Copolymer, Beeswax/Cera Alba, Silica, C1030 Cholesterol/Lanosterol Esters, Ethylene/Propylene/Styrene Copolymer, Ozokerite, Vanillin, Ethylhexyl Palmitate, Iron Oxides (CI 77491, CI 77492, CI 77499), Titanium Dioxide (CI 77891), Tocopheryl Acetate, Argania Spinosa Kernel Oil, Crambe Abyssinica Seed Oil, Butylene/Ethylene/Styrene Copolymer, Glyceryl Isostearate Tribehenin, Polyhydroxystearic Acid, Nylon12, Red 7 Lake (CI 15850), Sorbitan Isostearate, Bisabolol, Sodium Hyaluronate, Isopropyl Titanium Triisostearate, Red 27 (CI 45410), Simethicone, Dimethyl MEA, Tocotrienols, Palmitoyl Oligopeptide, Palmitoyl Tripeptide5.",646,12325,0.15,0.0,https://www.sephora.com/product/no-lipstick-lipstick-spf-15-P386606?icid2=products%20grid:p386606,0.15,200.0
Rose Lip Conditioner,AERIN,lip-treatments,30.0,"Simmondsia Chinensis (Jojoba) Seed Oil, Octyldodecanol, Polyglyceryl2 Diisostearate, Tridecyl Trimellitate, Polyethylene, Synthetic Wax, VP/Eicosene Copolymer, Mango Butter Dimer Dilinoleyl Esters/Dimer Dilinoleate Copolymer, Beeswax/Cera Alba, Silica, C1030 Cholesterol/Lanosterol Esters, Ethylene/Propylene/Styrene Copolymer, Ozokerite, Vanillin, Ethylhexyl Palmitate, Iron Oxides (CI 77491, CI 77492, CI 77499), Titanium Dioxide (CI 77891), Tocopheryl Acetate, Argania Spinosa Kernel Oil, Crambe Abyssinica Seed Oil, Butylene/Ethylene/Styrene Copolymer, Glyceryl Isostearate Tribehenin, Polyhydroxystearic Acid, Nylon12, Red 7 Lake (CI 15850), Sorbitan Isostearate, Bisabolol, Sodium Hyaluronate, Isopropyl Titanium Triisostearate, Red 27 (CI 45410), Simethicone, Dimethyl MEA, Tocotrienols, Palmitoyl Oligopeptide, Palmitoyl Tripeptide5.",362,16180,0.34,0.0,https://www.sephora.com/product/rose-lip-conditioner-P398965?icid2=products%20grid:p398965,0.34,88.23529411764706
Hyaluronic Marine Collagen Lip Cushion,Dr. Dennis Gross Skincare,lip-treatments,30.0,"Dimethicone, Glycerin, Prunus Armeniaca (Apricot) Kernel Oil, Cetearyl Alcohol, Sodium Hyaluronate, Ceteareth20, Theobroma Cacao (Cocoa) Seed Butter, Hydroxyethyl Urea, Linum Usitatissimum (Linseed) Seed Oil, Borago Officinalis Seed Oil, Polysorbate 60, Collagen Amino Acids, Disodium Acetyl Glucosamine Phosphate, Sodium Glucuronate, Sea Whip Extract, Centella Asiatica Meristem Cell, Rhodiola Rosea Root Extract, Saccharide Isomerate, Oenothera Biennis (Evening Primrose) Oil, Glycine Soja (Soybean) Seed Extract, Proline, Mannitol, Caffeine, Palmitoyl Tripeptide5, Hydrolyzed Sodium Hyaluronate, Silica Dimethyl Silylate, Tocopheryl Acetate, PCA, Sodium PCA, Magnesium Sulfate, Histidine, Phenylalanine, Isoleucine, Threonine, Valine, Serine, Alanine, Aspartic Acid, Arginine, Glycolic Acid, Lactic Acid, Caprylic/Capric Triglyceride, Ethylhexylglycerin, Carbomer, Inulin Lauryl Carbamate, Xanthan Gum, Glycine, Tromethamine, Sodium Lactate, Cyclodextrin, Citrus Aurantium Dulcis (Orange) Oil, Phenoxyethanol",214,6335,0.3,0.0,https://www.sephora.com/product/hyaluronic-marine-collagen-lip-cushion-P436332?icid2=products%20grid:p436332,0.3,100.0
My Lip Balm,innisfree,lip-treatments,10.0,"Petrolatum, Hydrogenated Castor Oil Dimer Dilinoleate, Microcrystalline Wax, Beeswax, Simmondsia Chinensis (Jojoba) Seed Oil, Helianthus Annuus (Sunflower) Seed Oil, Theobroma Grandiflorum Seed Butter, Silica Silylate, Citrus Aurantium Bergamia (Bergamot) Fruit Oil, Caprylic/Capric Triglyceride, Isostearic Acid, Dimer Dilinoleyl Dimer Dilinoleate, Diisostearyl Malate, Tocopheryl Acetate, Dehydroacetic Acid, Iron Oxides (Ci 77491), Red 27 (Ci 45410), Citric Acid, Titanium Dioxide (Ci 77891), Mentha Piperita (Peppermint) Oil, Yellow 6 Lake (Ci 15985), Sodium Saccharin, Red 6 (Ci 15850), Iron Oxides (Ci 77492), Tocopherol, Glycerin, Butylene Glycol, Camellia Sinensis Leaf Extract, Citrus Unshiu Peel Extract, Opuntia Coccinellifera Fruit Extract, Orchid Extract, Camellia Japonica Leaf Extract, Citrus Sudachi Fruit Extract, 1,2Hexanediol.",85,17471,0.52,0.0,https://www.sephora.com/product/my-lip-balm-P449868?icid2=products%20grid:p449868,0.52,19.23076923076923
SEA Lip Facial Lip Scrub,tarte,lip-treatments,16.0,"Polybutene, Microcrystalline Cellulose, Octyldodecanol, Polyethylene, Tridecyl Trimellitate, Hydrogenated Polyisobutene, Sucrose, BisDiglyceryl Polyacyladipate2, Pentaerythrityl Tetraisostearate, Butyrospermum Parkii (Shea) Butter, Dipentaerythrityl Hexahydroxystearate, Cellulose Gum, Beeswax/Cera Alba/Cire D’abeille, Cera Carnauba/Copernicia Cerifera (Carnauba) Wax/Cire De Carnauba, Microcrystalline Wax/Cera Microcristallina/Cire Microcristalline, Sodium Saccharin, Menthone Glycerin Acetal, Mentha Piperita (Peppermint) Oil, Cocos Nucifera (Coconut) Oil, Limonene, Algae Extract, Gardenia Taitensis Flower, Tocopherol.",287,25749,0.1,0.0,https://www.sephora.com/product/sea-lip-facial-lip-scrub-P409984?icid2=products%20grid:p409984,0.1,160.0
Mindful 5 Nourishing Lip Oil,Smashbox,lip-treatments,18.0,Apricot Oil,572,3747,0.0,0.0,https://www.sephora.com/product/smashbox-mindful-5-nourishing-lip-oil-P453267?icid2=products%20grid:p453267,0.26475735294117664,67.98678034826557
Lip Service 3-In-1 Lip Serum,Naturally Serious,lip-treatments,16.0,Apricot Oil,47,3768,0.5,0.0,https://www.sephora.com/product/lip-service-3-in-1-lip-serum-P433977?icid2=products%20grid:p433977,0.5,32.0
Hydrating Lip Balm,TOM FORD,lip-treatments,29.0,Apricot Oil,17,2576,0.34,0.0,https://www.sephora.com/product/hydrating-lip-balm-P411716?icid2=products%20grid:p411716,0.34,85.29411764705881
Lip Retreat Oil,Wander Beauty,lip-treatments,22.0,"Polyisobutene, Caprylic/Capric Triglyceride, Diisostearyl Malate, Hydrogenated Polyisobutene, Dimer Dilinoleyl Dimer Dilinoleate, 1,2Hexanediol, Silica Dimethyl Silylate, Ethylhexylglycerin, Rosa Canina Fruit Oil, Prunus Armeniaca (Apricot) Kernel Oil, Persea Gratissima (Avocado) Oil, Tocopheryl Acetate, Niacinamide, Sodium Hyaluronate, Phenoxyethanol. May Contain (+/): Titanium Dioxide (Ci 77891), Iron Oxides (Ci 77491), Iron Oxides (Ci 77492), Iron Oxides (Ci 77499), Red 7 Lake (Ci 15850), Red 6 Lake (Ci 15850).",54,7171,0.0,0.0,https://www.sephora.com/product/lip-retreat-oil-P444141?skuId=2230415&icid2=products%20grid:p444141,0.26475735294117664,83.09495375899125
Unicorn Antioxidant Lip Mask,FARSÁLI,lip-treatments,20.0,"Ricinus Communis (Castor) Seed Oil, Octyldodecanol, BisDiglyceryl Polyacyladipate2, Microcrystalline Wax, Octyldodecyl Stearoyl Stearate, Hydrogenated Castor Oil, Euterpe Oleracea Fruit Extract, Lycium Barbarum Fruit Extract, Sambucus Nigra Fruit Extract, Vaccinium Corymbosum (Blueberry) Fruit Extract, Lactobacillus Ferment, Tocopheryl Acetate, Stevia Rebaudiana Leaf/Stem Extract, Glycerin, Ethyl Vanillin, Phenoxyethanol. May contain (+/): Red 27 Al lake (CI 45410), Red 7 Lake (CI 15850).",122,14816,0.2,0.0,https://www.sephora.com/product/unicorn-antioxidant-lip-mask-P449087?icid2=products%20grid:p449087,0.2,100.0
KUSH Lip Glaze,MILK MAKEUP,lip-treatments,18.0,"Hydrogenated Polyisobutene, Squalane, Euphorbia Cerifera (Candelilla) Wax, BisDiglyceryl Polyacyladipate2, Caprylic/Capric Triglyceride, Simmondsia Chinensis (Jojoba) Seed Oil, Diisostearyl Malate, Lauryl Laurate, Polyhydroxystearic Acid, Butyrospermum Parkii (Shea) Butter, Copernicia Cerifera (Carnauba) Wax, Octyldodecanol, Dextrin Myristate, Hydrogenated Vegetable Oil, Persea Gratissima (Avocado) Oil, Cetyl PEG/PPG10/1 Dimethicone, Ethylene/Propylene/Styrene Copolymer, Ethylenediamine/Hydrogenated Dimer Dilinoleate Copolymer BisDiC1418 Alkyl Amide, Fragrance, Dibutyl Lauroyl Glutamide, Silica, Mentha Piperita (Peppermint) Oil, Butylene Glycol Cocoate, Dibutyl Ethylhexanoyl Glutamide, Cannabis Sativa Seed Oil, Lecithin, Stevia Rebaudiana Extract, Butylene/Ethylene/Styrene Copolymer, Stearalkonium Bentonite, Ethylhexyl Palmitate, Propylene Carbonate, Cannabis Sativa Seed Extract, Cocos Nucifera (Coconut) Oil, Mangifera Indica (Mango) Seed Butter, Olea Europaea (Olive) Fruit Oil, Theobroma Cacao (Cocoa) Seed Butter, Moringa Oil/Hydrogenated Moringa Oil Esters, Pentaerythrityl Tetraditbutyl Hydroxyhydrocinnamate, Helianthus Annuus (Sunflower) Seed Oil, Carthamus Tinctorius (Safflower) Seed Oil, Agave Tequilana Leaf Extract, Daemonorops Draco Extract, Tribehenin, Sorbitan Isostearate, Silica Dimethyl Silylate, Tocopheryl Acetate, Butylene Glycol, Lactic Acid, Caprylyl Glycol, Phenoxyethanol, Sodium Hyaluronate, Hexylene Glycol, Palmitoyl Tripeptide1, Tocopherol, Citral, Limonene, Linalool. May Contain (+/): Mica, Iron Oxides (Ci 77492, Ci 77499), Yellow 5 Lake (Ci 19140), Blue 1 Lake (Ci 42090).",206,21624,0.45,0.0,https://www.sephora.com/product/kush-lip-glaze-P440644?icid2=products%20grid:p440644,0.45,40.0
Hydrating Lip Peel,StackedSkincare,lip-treatments,28.0,"Aqua, Carbomer, Aminomethyl Propanediol, Saccharum Officinarum (Sugar Cane) Extract, Pyrus Malus (Apple) Fruit Extract, Citrus Aurantium Dulcis (Orange) Fruit Extract, Citrus, Limon (Lemon) Fruit Extract, Lactic Acid, Glycolic Acid, Glycerin, Caprylhydroxamic Acid, Glyceryl Caprylate, Camellia Oleifera Leaf Extract.",45,2296,0.17,0.0,https://www.sephora.com/product/hydrating-lip-peel-P446907?icid2=products%20grid:p446907,0.17,164.70588235294116
Strawberry Lip Balm,Rosebud Perfume Co.,lip-treatments,8.0,"Pure White Petrolatum (Surgical Grade), Lanolin, White Beeswax, Trade Secret Strawberry Flavor",2000,29725,0.8,0.0,https://www.sephora.com/product/strawberry-lip-balm-P42205?icid2=products%20grid:p42205,0.8,10.0
Pout Prep Lip Exfoliant,tarte,lip-treatments,16.0,"Sucrose, Ricinus Communis (Castor) Seed Oil, Helianthus Annuus (Sunflower) Seed Oil, Cera Alba/Beeswax/Cire D’abeille, Flavor, Butyrospermum Parkii (Shea) Butter, Cera Carnauba/Copernicia Cerifera (Carnauba) Wax/Cire De Carnauba, Hydrogenated Castor Oil,  Caprylyl Glycol, Passiflora Edulis Seed Oil, Tocopheryl Acetate.",160,20018,0.6,0.0,https://www.sephora.com/product/pout-prep-lip-exfoliant-P420230?icid2=products%20grid:p420230,0.6,26.666666666666668
Coconut Lip Scrubby,Kopari,lip-treatments,16.0,"Hydrogenated Polyisobutene, Helianthus Annuus (Sunflower) Seed Oil, Sucrose, Hydrogenated Castor Oil, Glyceryl Stearate, Ethylene/Propylene/Styrene Copolymer, Cocos Nucifera (Coconut) Oil*, Caprylic/Capric Triglyceride, Butyrospermum Parkii (Shea) Butter, Volcanic Sand, Cocos Nucifera (Coconut) Shell Powder, Tocopherol, Glyceryl Caprylate, Glyceryl Undecylenate, Butylene/Ethylene/Styrene Copolymer, Simmondsia Chinensis (Jojoba) Seed Oil.",26,5754,0.35,0.0,https://www.sephora.com/product/coconut-lip-scrubby-P436093?icid2=products%20grid:p436093,0.35,45.714285714285715
Menthol And Eucalyptus Lip Balm,Rosebud Perfume Co.,lip-treatments,7.0,"Petrolatum,  All Natural Blend of Menthol, Eucalyptus, Camphor.",308,13568,0.5,0.0,https://www.sephora.com/product/menthol-eucalyptus-lip-balm-P392239?icid2=products%20grid:p392239,0.5,14.0
All Natural Infused Lip Mask- 5 Pack,KNC Beauty,lip-treatments,25.0,"Deionized Glycerin, Collagen, Prunus Cerasus (Bitter Cherry) Extract, Hyaluronic Acid, Rose Flower Oil, Vitamin E.",10,1451,0.0,0.0,https://www.sephora.com/product/all-natural-infused-lip-mask-5-pack-P442739?icid2=products%20grid:p442739,0.26475735294117664,94.42608381703552
Minted Rose Lip Balm,Rosebud Perfume Co.,lip-treatments,8.0,"Pure White Petrolatum (Surgical Grade), Cotton Seed Oil, Peppermint Oil, Trade Secret Blend of Essential Oils and Botanicals.",1000,27229,0.8,0.0,https://www.sephora.com/product/minted-rose-lip-balm-P164932?icid2=products%20grid:p164932,0.8,10.0
Peach Mega Moisture Lip Balm - Peaches and Cream Collection,Too Faced,lip-treatments,18.0,"Petrolatum, Octyldodecanol, Microcrystalline Wax/Cera Microcristallina/Cire microcrystalline, Octyldodecyl Stearoyl Stearate, BisDiglyceryl Polyacyladipate2, Polyglyceryl10 Pentaoleate, Phenyl Trimethicone, Lecithin, Flavor/Aroma, Tocopheryl Acetate, Polybutene, Glycine Soja (Soybean) Oil/Glycine Soja Oil, Glyceryl Distearate, Cholesterol, Sodium Saccharin, Glycerin, Oleic Acid, Palmitic Acid, Menthyl PCA, Ricinus Communis (Castor) Seed Oil/Ricinus Communis Seed Oil, Phytosphingosine, BHT, Aloe Barbadensis Leaf Extract, Prunus Persica (Peach) Fruit Extract/Prunus Persica Fruit Extract, Propylene Glycol Dicaprylate/Dicaprate, Ficus Carica (Fig) Fruit Extract/Ficus Carica Fruit Extract, Phenoxyethanol, Xanthan Gum, Potassium Sorbate, Red 28 Lake (CI 45410), Red 7 Lake (CI 15850), Yellow 5 Lake (CI 19140).",157,15528,0.51,0.0,https://www.sephora.com/product/peach-lip-balm-P435335?icid2=products%20grid:p435335,0.51,35.294117647058826
KissKiss Roselip - Tinted Lip Balm,Guerlain,lip-treatments,38.0,"Petrolatum, Octyldodecanol, Microcrystalline Wax/Cera Microcristallina/Cire microcrystalline, Octyldodecyl Stearoyl Stearate, BisDiglyceryl Polyacyladipate2, Polyglyceryl10 Pentaoleate, Phenyl Trimethicone, Lecithin, Flavor/Aroma, Tocopheryl Acetate, Polybutene, Glycine Soja (Soybean) Oil/Glycine Soja Oil, Glyceryl Distearate, Cholesterol, Sodium Saccharin, Glycerin, Oleic Acid, Palmitic Acid, Menthyl PCA, Ricinus Communis (Castor) Seed Oil/Ricinus Communis Seed Oil, Phytosphingosine, BHT, Aloe Barbadensis Leaf Extract, Prunus Persica (Peach) Fruit Extract/Prunus Persica Fruit Extract, Propylene Glycol Dicaprylate/Dicaprate, Ficus Carica (Fig) Fruit Extract/Ficus Carica Fruit Extract, Phenoxyethanol, Xanthan Gum, Potassium Sorbate, Red 28 Lake (CI 45410), Red 7 Lake (CI 15850), Yellow 5 Lake (CI 19140).",38,13133,0.09,0.0,https://www.sephora.com/product/kisskiss-roselip-P399344?icid2=products%20grid:p399344,0.09,422.22222222222223
Succulent Lip Balm,Taste Beauty,lip-treatments,8.0,"Mineral Oil, Beeswax, Ethylhexyl Palmitate, Ceresin, Hydrogenated Polyisobutene, Prunus Amygdalus Dulcis(Sweet Almond) Oil, Tocopherol, Aloe Barbadensis Leaf Extract, Phenoxyethanol, Fragrance, Neotame, May Contain: Red 6 Lake, Red 7 Lake, Yellow 5 Lake, Blue 1 Lake, Red 27 Lake, Manganese Violet.",46,16638,0.0,0.0,https://www.sephora.com/product/taste-beauty-succulent-lip-balm-P452693?skuId=2302370&icid2=products%20grid:p452693,0.26475735294117664,30.216346821451367
SEA Pink Sands Quench Lip Rescue Balm,tarte,lip-treatments,19.0,"Polybutene, Simmondsia Chinensis (Jojoba) Seed Oil, Punica Granatum (Pomegranate) Sterols, Diisostearyl Malate, Polyethylene, C1215 Alkyl Lactate, Octyldodecanol, Isostearyl Hydroxystearate, Triisostearyl Citrate, Trimethylolpropane Triisostearate, Euphorbia Cerifera (Candelilla) Wax/Candelilla Cera, Caprylic/Capric Triglyceride, Tridecyl Trimellitate, Ethylhexyl Palmitate, Hydrogenated Polycyclopentadiene, Mentha Piperita (Peppermint) Oil, Phenoxyethanol, Tribehenin, Tetrahexyldecyl Ascorbate, Tocopheryl Acetate, Sorbitan Isostearate, Limonene, Silica Dimethyl Silylate, Theobroma Grandiflorum Seed Butter, Astrocaryum Murumuru Seed Butter, Cocos Nucifera (Coconut) Oil, Butylene Glycol, Linalool, Caprylyl Glycol, Palmitoyl Tripeptide1, Sodium Hyaluronate, Hexylene Glycol, Algae Extract, Gardenia Taitensis Flower Extract, Tocopherol, Helianthus Annuus (Sunflower) Seed Oil, Titanium Dioxide (Ci 77891), Red 7 Lake (Ci 15850), Iron Oxides (Ci 77491, Ci 77492, Ci 77499).",30,6194,0.1,0.0,https://www.sephora.com/product/sea-pink-sands-quench-lip-rescue-balm-P443576?icid2=products%20grid:p443576,0.1,190.0
Jelly Shot,INC.redible,lip-treatments,10.0,"Isononyl Isononanoate, Polybutene, Pentaerythrityl Tetraisostearate, Isostearyl Alcohol, Polybutene, Caprylic/Capric Triglyceride, Hydroxystearic Acid, Ethylhexyl Palmitate, Oryza Sativa (Rice Bran) Cera, Tocopheryl Acetate, Persea Gratissima (Avocado) Oil. (+/) Yellow Ci 47005, Blue No.1 Ci 42090, Red No.28 Ci 45410.",194,33489,0.15,0.0,https://www.sephora.com/product/jelly-shot-P428120?icid2=products%20grid:p428120,0.15,66.66666666666667
Color Gel Lip Balm,Shiseido,lip-treatments,26.0,"Isononyl Isononanoate, Polybutene, Pentaerythrityl Tetraisostearate, Isostearyl Alcohol, Polybutene, Caprylic/Capric Triglyceride, Hydroxystearic Acid, Ethylhexyl Palmitate, Oryza Sativa (Rice Bran) Cera, Tocopheryl Acetate, Persea Gratissima (Avocado) Oil. (+/) Yellow Ci 47005, Blue No.1 Ci 42090, Red No.28 Ci 45410.",25,6307,0.07,0.0,https://www.sephora.com/product/color-gel-lip-balm-P443795?icid2=products%20grid:p443795,0.07,371.4285714285714
Nude + Red Hot Lips 3-Piece Mini Set,NUDESTIX,lip-treatments,25.0,"Hydrogenated Polyisobutene, Tridecyl Trimellitate, Polyglyceryl2 Triisostearate, BisDiglyceryl Polyacryladipate2, Octyldodecanol, Microcrystalline Wax, Trimethylolpropane Triisostearate, Stearalkonium Hectorite, Butyrospermum Parkii (Shea) Butter, Persea Gratissima (Avocado) Butter, Vp/Hexadecene Copolymer, Silica Dimethyl Silylate, Astrocaryum Murumuru Seed Butter, Lavandula Angustifolia (Lavender) Flower Wax, Retinyl Palmitate, Tocopherol, Ascorbyl Palmitate, Mica, Menthone Glycerin Acetal, Ethylhexyl Palmitate, Tribehenin, Sorbitan Isostearate, Palmitoyl Tripeptide1, Cetearyl Ethylhexanoate, Portulaca Pilosa Extract, Sucrose Cocoate, Palmitoyl Tripeptide38, Vanillin, Mentha Piperita (Peppermint) Oil, Synthetic Fluorphlogopite, Tin Oxide. May Contain (+/): Titanium Dioxide (Ci 77891), Yellow 5 Lake (Ci 19140), Red 7 Lake (Ci 15850), Blue 1 Lake (Ci 42090), Iron Oxide (Ci 77492).",7,3247,0.088,0.0,https://www.sephora.com/product/nude-red-hot-lips-P451168?icid2=products%20grid:p451168,0.088,284.0909090909091
Argan Lip Sting Plumping Butter,Josie Maran,lip-treatments,23.0,"Diisostearyl Malate, Moringa Oil/Hydrogenated Moringa Oil Esters, Jojoba Esters, Euphorbia Cerifera (Candelilla) Wax, Helianthus Annuus (Sunflower) Seed Oil, Ethylhexyl Palmitate, Polyhydroxystearic Acid, C1018 Triglycerides, Hydrogenated CocoGlycerides, Hydrogenated Castor Oil, Argania Spinosa (Argan) Kernel Oil, Cera Alba (Beeswax), Heptyl Undecylenate, Helianthus Annuus (Sunflower) Seed Wax, Fragrance, Polyglyceryl4 Diisostearate/Polyhydroxystearate/Sebacate, Glycerin, Pyrus Malus (Apple) Fruit Extract, Glyceryl Caprylate, Cetearyl Ethylhexanoate, Stevia Rebaudiana Leaf Extract, Glyceryl Undecylenate, Honey, Acacia Decurrens Flower Wax, Polyglycerin3, Trihydroxystearin, Tocopherol, Sorbitan Isostearate, Glycine Soja (Soybean) Oil, Portulaca Pilosa Extract, Sodium Hyaluronate, Capsaicin, Sucrose Cocoa",443,33738,0.16,0.0,https://www.sephora.com/product/argan-lip-sting-plumping-butter-P411573?skuId=1843002&icid2=products%20grid:p411573,0.16,143.75
Mindful 5 Custom Glow Lip Balm,Smashbox,lip-treatments,18.0,"Caprylic/Capric Triglyceride, Polybutene, Triisodecyl Trimellitate, Beeswax\Cera Alba\Cire D'Abeille, Polyethylene, Ozokerite, Squalane, Diisostearyl Malate, Polyhydroxystearic Acid, BisBehenyl/Isostearyl/Phytosteryl Dimer Dilinoleyl Dimer Dilinoleate, Cannabis Sativa Seed Oil, Tocopherol, Mentha Piperita (Peppermint) Oil, Chamomilla Recutita (Matricaria) Flower Oil, Prunus Armeniaca (Apricot) Kernel Oil, Simmondsia Chinensis (Jojoba) Seed Oil, Helianthus Annuus (Sunflower) Seed Oil, Dicalcium Phosphate, Flavor (Aroma), Vanillin, Pentaerythrityl TetraDiTButyl Hydroxyhydrocinnamate,  [+/ Mica, Titanium Dioxide (CI 77891), Iron Oxides (CI 77491), Iron Oxides (CI 77492), Iron Oxides (CI 77499), Bismuth Oxychloride (CI 77163), Blue 1 Lake (CI 42090), Manganese Violet (CI 77742), Red 6 (CI 15850), Red 7 (CI 15850), Red 21 (CI 45380), Red 27 (CI 45410), Red 7 Lake (CI 15850), Red 22 Lake (CI 45380), Red 28 Lake (CI 45410), Red 30 Lake (CI 73360), Red 33 Lake (CI 17200), Yellow 5 Lake (CI 19140), Yellow 6 Lake (CI 15985)].",14,2893,0.0,0.0,https://www.sephora.com/product/smashbox-mindful-5-custom-glow-lip-balm-P453268?icid2=products%20grid:p453268,0.26475735294117664,67.98678034826557
Superbalm Lip Treatment,CLINIQUE,lip-treatments,17.5,"Caprylic/Capric Triglyceride, Polybutene, Triisodecyl Trimellitate, Beeswax\Cera Alba\Cire D'Abeille, Polyethylene, Ozokerite, Squalane, Diisostearyl Malate, Polyhydroxystearic Acid, BisBehenyl/Isostearyl/Phytosteryl Dimer Dilinoleyl Dimer Dilinoleate, Cannabis Sativa Seed Oil, Tocopherol, Mentha Piperita (Peppermint) Oil, Chamomilla Recutita (Matricaria) Flower Oil, Prunus Armeniaca (Apricot) Kernel Oil, Simmondsia Chinensis (Jojoba) Seed Oil, Helianthus Annuus (Sunflower) Seed Oil, Dicalcium Phosphate, Flavor (Aroma), Vanillin, Pentaerythrityl TetraDiTButyl Hydroxyhydrocinnamate,  [+/ Mica, Titanium Dioxide (CI 77891), Iron Oxides (CI 77491), Iron Oxides (CI 77492), Iron Oxides (CI 77499), Bismuth Oxychloride (CI 77163), Blue 1 Lake (CI 42090), Manganese Violet (CI 77742), Red 6 (CI 15850), Red 7 (CI 15850), Red 21 (CI 45380), Red 27 (CI 45410), Red 7 Lake (CI 15850), Red 22 Lake (CI 45380), Red 28 Lake (CI 45410), Red 30 Lake (CI 73360), Red 33 Lake (CI 17200), Yellow 5 Lake (CI 19140), Yellow 6 Lake (CI 15985)].",226,6718,0.25,0.0,https://www.sephora.com/product/superbalm-lip-treatment-P122739?icid2=products%20grid:p122739,0.25,70.0
Liplux SPF 30,COOLA,lip-treatments,12.0,"Aloe Barbadensis Leaf Extract, Ascorbyl Palmitate, Beeswax (ORGANIC), Butyrospermum Parkii (ORGANIC Shea Butter), Carthamus Tinctorius (ORGANIC Safflower) Seed Oil, Cocos Nucifera (ORGANIC Coconut) Oil, Copernicia Cerifera (Carnauba) Wax, Diethylhexyl 2,6Naphthalate, Flavor, Glycine Soja (Soybean) Oil, Helianthus Annuus (Sunflower) Seed Oil, Octyldodecanol, Persea Gratissima (ORGANIC Avocado) Oil, Rosa Canina (ORGANIC Dog Rose Hip) Fruit Extract, Rubus Idaeus (Raspberry) Seed Oil, Simmondsia Chinensis (Jojoba) Seed Oil, Tocopherol.",48,7038,0.15,0.0,https://www.sephora.com/product/liplux-spf-30-P395625?icid2=products%20grid:p395625,0.15,80.0
Kiss of Coco,Kopari,lip-treatments,20.0,*Organic.,7,3965,0.0,0.0,https://www.sephora.com/product/kiss-coco-P450585?icid2=products%20grid:p450585,0.26475735294117664,75.54086705362842
Coco Rose Coconut Oil Lip Conditioner,Herbivore,lip-treatments,22.0,"Hydrogenated Soybean Oil (NonGMO Soy Wax), Limnanthes Alba (Meadowfoam) Seed Oil, Butyrospermum Parkii (Shea) Butter, Cocos Nucifera (Virgin Coconut) Oil, Orchid Root Extract, Rose Damascena (Moroccon Rose) Absolute, Coconut Pulp CO2, Tocopherol (Vitamin E) Oil, Red Iron Oxide.",91,11738,0.17,0.0,https://www.sephora.com/product/coco-rose-coconut-oil-lip-conditioner-P400209?icid2=products%20grid:p400209,0.17,129.41176470588235
Lip Balm,Dr. Barbara Sturm,lip-treatments,55.0,"Vegetable Oil, Bis­Diglyceryl Polyacyladipate­2, Caprylic/Capric Triglyceride, Lanolin Oil, Cera Alba/Beeswax/Cire De Abeille, Stearalkonium Hectorite, Butyrospermum Parkii (Shea) Butter, Persea Gratissima (Avocado) Oil, Theobroma Cacao (Cocoa) Seed Butter, Cocos Nucifera (Coconut) Oil, Propylene Carbonate, Helianthus Annuus (Sunflower) Seed Oil, Tocopherol.",9,716,0.42,0.0,https://www.sephora.com/product/dr-barbara-sturm-lip-balm-P447784?icid2=products%20grid:p447784,0.42,130.95238095238096
All About Lips,CLINIQUE,lip-treatments,26.5,"Vegetable Oil, Bis­Diglyceryl Polyacyladipate­2, Caprylic/Capric Triglyceride, Lanolin Oil, Cera Alba/Beeswax/Cire De Abeille, Stearalkonium Hectorite, Butyrospermum Parkii (Shea) Butter, Persea Gratissima (Avocado) Oil, Theobroma Cacao (Cocoa) Seed Butter, Cocos Nucifera (Coconut) Oil, Propylene Carbonate, Helianthus Annuus (Sunflower) Seed Oil, Tocopherol.",167,5717,0.41,0.0,https://www.sephora.com/product/all-about-lips-P122767?icid2=products%20grid:p122767,0.41,64.63414634146342
Ultimate Miracle Worker Fix Lip Serum Stick,philosophy,lip-treatments,23.0,"Phytosteryl/Isostearyl/Cetyl/Stearyl/Behenyl Dimer Dilinoleate, Squalane, Triethylhexanoin, Caprylic/Capric Triglyceride, Diisostearyl Malate, Mica, Polyethylene, Dipentaerythrityl Hexahydroxystearate/Hexastearate/Hexarosinate, Hydrogenated Polyisobutene, Cetearyl Ethylhexanoate, Stearyl Heptanoate, Phytosteryl Isostearyl Dimer Dilinoleate, Stearalkonium Hectorite, Sorbitan Sesquioleate, Hdi/Trimethylol Hexyllactone Crosspolymer, Microcristallina Cera/Microcrystalline Wax/Cire Microcrystalline, Ethylhexyl Palmitate, Isopropyl Palmitate, Propylene Carbonate, 1,2HexanediolQuaternium18 Bentonite, Tocopheryl Acetate, Tribehenin, Caprylyl Glycol, Dimethicone, Ethylhexylglycerin, Sorbitan Isostearate, Silica, Borago Officinalis Seed Oil, Helianthus Annuus (Sunflower) Seed Oil, Linum Usitatissimum (Linseed) Seed Oil, Prunus Amygdalus Dulcis (Sweet Almond) Oil, Tocopherol, Silica Dimethyl Silylate, Butylene Glycol, Palmitoyl Tripeptide1, Hexylene Glycol, Sodium Hyaluronate, Phenoxyethanol",22,2635,0.06,0.0,https://www.sephora.com/product/ultimate-miracle-worker-fix-lip-serum-stick-P428411?icid2=products%20grid:p428411,0.06,383.33333333333337
Lip Mask,SEPHORA COLLECTION,lip-treatments,3.0,"Butylene Glycol, Glycerin, Propanediol, Arginine, Carbomer, Xanthan Gum, Panthenol, Allantoin, Sodium Hyaluronate, Sodium Citrate, Phenoxyethanol, Dipotassium Glycyrrhizate, Polysorbate 20, Disodium EDTA, Tocopheryl Acetate, Mangifera Indica (Mango) Fruit Extract, Leontopodium Alpinum Extract, Rosa Centifolia Flower Extract",729,35734,0.0,0.0,https://www.sephora.com/product/lip-mask-P406223?icid2=products%20grid:p406223,0.26475735294117664,11.331130058044263
SEA Sting Zing Plumping Lip Serum,tarte,lip-treatments,24.0,"Caprylic/Capric Triglyceride, C1215 Alkyl Benzoate, Polyglyceryl2 Isostearate/Dimer Dilinoleate Copolymer, Pentaerythrityl Tetraisostearate, Oleic/Linoleic/Linolenic Polyglycerides, VP/Eicosene Copolymer, Ethylhexyl Palmitate, Hydrogenated Polyisobutene, Sorbitan Sesquioleate, Sesamum Indicum (Sesame) Seed Oil, Polyglyceryl6 Polyricinoleate, Diisostearyl Malate, Benzyl Nicotinate, Silica Dimethyl Silylate, Bakuchiol, Vanilla Planifolia Fruit Extract, Tribehenin, Silica, Helianthus Annuus (Sunflower) Seed Oil, Trihydroxystearin, Diethylhexyl Syringylidenemalonate, Tocopherol, Capsicum Frutescens Resin, Sorbitan Isostearate, Glyceryl Oleate, Passiflora Edulis Seed Oil, Polybutene, Cocos Nucifera (Coconut) Oil, Lactic Acid, Butylene Glycol, Commiphora Mukul Resin Extract, Caprylyl Glycol, Phenoxyethanol, Palmitoyl Tripeptide1, Sodium Hyaluronate, Hexylene Glycol, Algae Extract, Gardenia Taitensis Flower Extract.",115,8223,0.202,0.0,https://www.sephora.com/product/sea-sting-zing-plumping-lip-serum-P440053?icid2=products%20grid:p440053,0.202,118.8118811881188
Watermelon Burst Hydrating Face Primer & Lip Oil,Ciaté London,lip-treatments,15.0,"Polybutene, Diisostearyl Malate, Octyldodecanol, Dextrin Palmitate, Pentylene Glycol, Citrullus Lanatus (Watermelon) Seed Oil, Diethylhexyl Syringylidenemalonate, Ammonium Glycyrrhizate, Fragrance (Parfum), Tocopheryl Acetate, Persea Gratissima (Avocado) Oil, Simmondsia Chinensis (Jojoba) Seed Oil, Ricinus Communis (Castor) Seed Oil, Tocopherol, Benzyl Benzoate, Red 7 Lake (CI 15850), Yellow 5 Lake (CI 19140), Red 6 Lake (CI 15850).",27,9331,0.0,0.0,https://www.sephora.com/product/watermelon-burst-hydrating-primer-lip-oil-duo-P446308?icid2=products%20grid:p446308,0.26475735294117664,56.65565029022131
needles no more® 3-D LIP PLUMPFIX,Dr. Brandt Skincare,lip-treatments,39.0,"Water (Aqua), Glycerin, Dimethicone, Cocos Nucifera (Coconut) Oil, Macadamia Ternifolia Seed Oil, Stearyl Alcohol, Moringa Oil/Hydrogenated Moringa Oil Esters, Cetearyl Alcohol, Helianthus Annuus (Sunflower) Seed Oil, Propanediol, Isopropyl Palmitate, Dilinoleic Acid/Propanediol Copolymer, Glyceryl Stearate, Peg40 Stearate, Simmondsia Chinensis Seed Wax, Vitis Vinifera Seed Oil, Betaine, Hydrogenated Lecithin, Phytosteryl Sunflowerseedate, Sodium Hyaluronate, Butyrospermum Parkii (Shea) Butter, Butyrospermum Parkii (Shea) Butter Unsaponifiables, Phenoxethanol, Oryza Sativa (Rice) Bran Extract, Sodium Acrylate/Sodium Acryloyldimethyl Taurate Copolymer, Ceteareth20, Hydrogenated Vegetable Glycerides, Isopulegol, Polyisobutene, Lecithin, Xanthan Gum, Olea Europaea Husk Oil, Rosmarinus Officinalis (Rosemary) Leaf Extract, Trisodium Ethylenediamine Disuccinate, Helianthus Annuus (Sunflower) Seed Extract, Caprylyl Capryl Glucoside, Caprylyl Glycol, Ethylhexylglycerin, Glycine (Soybean) Soja Extract, Hexylene Glycol, Aloe Barbadensis Leaf Extract, Swertia Chirata Extract, Tocopherol.",20,2826,0.0,0.0,https://www.sephora.com/product/needles-no-more-3-d-lip-plumpfix-P442263?icid2=products%20grid:p442263,0.26475735294117664,147.3046907545754
Colorful Gloss Balm Lip Honeys,SEPHORA COLLECTION,lip-treatments,9.0,"Hydrogenated Polyisobutene, Pentaerythrityl Tetraethylhexanoate, Triisostearyl Citrate, Ethylene/Propylene/Styrene Copolymer, Caprylic/Capric Triglyceride, Aroma (Flavor), Octyldodecanol, Butylene/Ethylene/Styrene Copolymer, Ci 19140 (Yellow 5 Lake), Saccharin, Citric Acid, Mica, Ci 77891 (Titanium Dioxide), Bht, Mel Extract (Honey Extract), Ci 77491 (Iron Oxides), Mangifera Indica (Mango) Seed Oil, Vitis Vinifera (Grape) Seed Oil, Ci 77499 (Iron Oxides), Linalool, Tocopherol, Glycine Soja (Soybean) Oil.",140,10959,0.32,0.0,https://www.sephora.com/product/colorful-gloss-balm-honey-P439600?icid2=products%20grid:p439600,0.32,28.125
Pump Plump Lip Gloss,Ciaté London,lip-treatments,18.0,"Polybutene, Octyldodecanol, Silica, Hydrogenated Polyisobutene, VP/Hexadecene Copolymer,Menthone Glycerin Acetal, Ethylhexyl Palmitate, Ethylene/Propylene/Styrene Copolymer, Aroma(Flavor), Tocopheryl Acetate, Mica, Butylene/Ethylene/Styrene Copolymer, Helianthus AnnuusSeed Oil (Helianthus Annuus (Sunflower) Seed Oil), Silica Dimethyl Silylate, Butylene Glycol,Caprylyl Glycol, Phenoxyethanol, Lupinus Albus Seed Extract (Lupinus Albus (White Lupin) Seed Extract), Sodium Hyaluronate, BHT, Hexylene Glycol, Tocopherol, May Contain (+/): CI 77891 (Titanium Dioxide), CI 77491/77492/77499 (Iron Oxides), CI 42090 (Blue 1 Lake), CI 77163 (BismuthOxychloride), CI 19140 (Yellow 5 Lake), CI 77742 (Manganese Violet), CI 15850 (Red 7 Lake, Red 6, Red 7), CI 15985 (Yellow 6 Lake), CI 45410 (Red 28 Lake), CI 73360 (Red 30 Lake)].",11,2868,0.2,0.0,https://www.sephora.com/product/pump-plump-lip-gloss-P451164?icid2=products%20grid:p451164,0.2,90.0
Kiss Lip Plumping System,PMD,lip-treatments,99.0,"Dimethicone, Polymethylsilsesquioxane, Polyethylene, Beeswax, Trimethylsiloxysilicate, Glyceryl Behenate, Silica, Euphorbia Cerifera (Candelilla) Wax, Squalane, Caprylic/Capric Triglyceride, Dimethicone/Vinyl Dimethicone Crosspolymer, Sodium Hyaluronate, Menthone Glycerin Acetal, Stevia Rebaudiana Leaf/Stem Powder, Benzyl Nicotinate, Dipalmitoyl Hydroxyproline, Behenyl Behenate Tribehenin, Phenoxyethanol.",53,7932,0.0,0.0,https://www.sephora.com/product/kiss-lip-plumping-system-P420129?icid2=products%20grid:p420129,0.26475735294117664,373.92729191546067
GloPRO® LIP MicroTip™ Attachment Head,BeautyBio,lip-treatments,35.0,"Dimethicone, Polymethylsilsesquioxane, Polyethylene, Beeswax, Trimethylsiloxysilicate, Glyceryl Behenate, Silica, Euphorbia Cerifera (Candelilla) Wax, Squalane, Caprylic/Capric Triglyceride, Dimethicone/Vinyl Dimethicone Crosspolymer, Sodium Hyaluronate, Menthone Glycerin Acetal, Stevia Rebaudiana Leaf/Stem Powder, Benzyl Nicotinate, Dipalmitoyl Hydroxyproline, Behenyl Behenate Tribehenin, Phenoxyethanol.",5,3066,0.0,0.0,https://www.sephora.com/product/glopro-lip-microtip-attachment-head-P438636?icid2=products%20grid:p438636,0.26475735294117664,132.19651734384973
Jammy Lips Sheer Lacquer Lip Tint,INC.redible,lip-treatments,12.0,"Diisostearyl Malate, BisDiglyceryl Polyacyladipate2, Hydrogenated Polyisobutene, Tridecyl Trimellitate, Ceresin, Microcrystalline Wax, Ci 77891 (Titanium Dioxide) , Ci 77491 (Iron Oxides), 1,2Hexanediol, Tocopheryl Acetate, Ci 77499 (Iron Oxides), Parfum (Fragrance), Ci 15850 (Red 7 Lake).",0,1337,0.08,0.0,https://www.sephora.com/product/incredible-jammy-lips-sheer-lacquer-lip-tint-P455637?icid2=products%20grid:p455637,0.08,150.0
Tinted Lip Balm,lilah b.,lip-treatments,36.0,"BisDiglyceryl Polyacyladipate2, Hydrogenated Polyisobutene, Polyglyceryl2 Isostearate/Dimer Dilinoleate Copolymer, Microcrystalline Wax, Glyceryl Behenate/Eicosadioate, Beeswax, Lavandula Angustifolia (Lavender) Oil, Mentha Arvensis Leaf Oil, Limonene, Linalool May Contain: Titanium Dioxide (CI 77891) Red 27 Lake (CI 45410), Red 6 Lake (CI 15850) Yellow 5 Lake (CI 19140)",8,3321,0.1,0.0,https://www.sephora.com/product/tinted-lip-balm-P421447?icid2=products%20grid:p421447,0.1,360.0
Neo Nude Ecstasy Balm,Armani Beauty,lip-treatments,34.0,"BisDiglyceryl Polyacyladipate2, Hydrogenated Polyisobutene, Polyglyceryl2 Isostearate/Dimer Dilinoleate Copolymer, Microcrystalline Wax, Glyceryl Behenate/Eicosadioate, Beeswax, Lavandula Angustifolia (Lavender) Oil, Mentha Arvensis Leaf Oil, Limonene, Linalool May Contain: Titanium Dioxide (CI 77891) Red 27 Lake (CI 45410), Red 6 Lake (CI 15850) Yellow 5 Lake (CI 19140)",31,3284,0.1,0.0,https://www.sephora.com/product/ecstasy-balm-P432610?icid2=products%20grid:p432610,0.1,340.0
Noni Lip Tint,KORA Organics,lip-treatments,24.0,*Ingredient from Organic Farming. ** Natural and Organic Cosmetic certified by ECOCERT Greenlife according to ECOCERT.,13,2824,0.21,0.0,https://www.sephora.com/product/noni-lip-tint-P443821?icid2=products%20grid:p443821,0.21,114.28571428571429
Rose & Mandarin Lip Balm,Rosebud Perfume Co.,lip-treatments,8.0,"Petrolatum, Cotton Seed Oil, Trade Secret Perfume Premix, Orange Spice, All Natural Orange Blend",60,8611,0.5,0.0,https://www.sephora.com/product/rose-mandarin-lip-balm-P392240?icid2=products%20grid:p392240,0.5,16.0
Balmy Days,ILIA,lip-treatments,26.0,"Helianthus Annuus (Sunflower) Seed Oil*, Sesamum Indicum (Sesame) Seed Oil*, Ricinus Communis (Castor) Seed Oil*, Persea Gratissima (Avocado) Oil, Beeswax (Cera Alba)*, Candelilla (Euphorbia Cerifera) Wax, Butyrospermum Parkii (Shea Butter)*, Olea Europaea (Olive) Fruit Oil*, Citrus Aurantium Dulcis (Orange) Peel Wax, Jasminum Officinale (Jasmine) Oil, Vanilla Planifolia Fruit Oil*, Tocopherol, Titanium Dioxide CI77891. *Certified Organic.",23,3878,0.14,0.0,https://www.sephora.com/product/balmy-days-P411852?icid2=products%20grid:p411852,0.14,185.7142857142857
Just Kinda Bliss Hemp Hydration Lip Jelly,INC.redible,lip-treatments,10.0,"Polyisobutene, Octyldodecanol, Paraffinum Liquidum, Ethylhexyl Hydroxystearate, Triethylhexyl Trimellitate, C3045 Olefin, Hydroxystearic Acid, Aroma (Flavor), Cannabis Sativa (Hemp) Seed Oil, Ricinus Communis (Castor) Seed Oil, Citronellol, Hexyl Cinnamal, Isoeugenol, Limonene, Linalool, Fd&amp;C Yellow No.5 (Ci 19140), D&amp;C Red No.7 ( Ci 15850).",90,4904,0.25,0.0,https://www.sephora.com/product/just-kinda-bliss-hemp-hydration-lip-jelly-P449099?icid2=products%20grid:p449099,0.25,40.0
Love Oil For Lips Glow-Infusing Lip Treatment,Kiehl's Since 1851,lip-treatments,20.0,"Octyldodecanol, Ricinus Communis Seed Oil / Castor Seed Oil, Olea Europaea Fruit Oil / Olive Fruit Oil, Simmondsia Chinensis Seed Oil / Jojoba Seed Oil, Cocos Nucifera Oil / Coconut Oil, Moringa Oleifera Seed Oil, Ethylcellulose, Tocopherol, Fragrance, Theobroma Cacao Seed Butter / Cocoa Seed Butter, Butyrospermum Parkii Butter / Shea Butter, Caprylic/Capric Triglyceride, Aqua / Water / Eau, Citral, Limonene, Helianthus Annuus Seed Oil / Sunflower Seed Oil, Malpighia Punicifolia Fruit Extract / Acerola Fruit Extract, Ascorbyl Palmitate, Citric Acid. [+/ May Contain, Ci 45410 / Red 27, Ci 17200 / Red 33 Lake, Ci 75120 / Annatto].",25,5242,0.3,0.0,https://www.sephora.com/product/love-oil-for-lips-glow-infusing-lip-treatment-P437992?icid2=products%20grid:p437992,0.3,66.66666666666667
GrandeLIPS Plumping Lip Primer,Grande Cosmetics,lip-treatments,20.0,"Cyclopentasiloxane, Isododecane, Diisotearyl Malate, Hydrogenated Polyisobutene, Dimethicone Crosspolymer, Phenyl Trimethicone, Dimethicone/Vinyl Dimethicone Crosspolymer, Dimethicone, Lauryl Dimethicone, VP/Eicosene Copolymer, Isostearyl Isostearate, Vinyl Dimethicone/Lauryl Dimethicone Crosspolymer, Tocopheryl Acetate, Cetearyl Ethylhexanoate, Menthoxypropanediol, Tetrahexyldecyl Ascorbate, Flavor/Aroma, Caprylyl Glycol, Sorbitan Isostearate, Phenoxyethanol, Hexylene Glycol, Portulaca Pilosa Extract, Sucrose Cocoate, Palmitoyl Tripeptide38.",20,4325,0.09,0.0,https://www.sephora.com/product/hydra-plump-lip-primer-P432062?icid2=products%20grid:p432062,0.09,222.22222222222223
Barrier+ Lip Repair Balm,Skinfix,lip-treatments,15.0,"Petrolatum, Cocos Nucifera (Coconut) Oil, Beeswax (Cera Alba), Glycine Soja (Soybean) Oil, Simmondsia Chinensis (Jojoba) Seed Oil, Allantoin.",27,3434,0.42,0.0,https://www.sephora.com/product/barrier-lip-repair-balm-P442841?icid2=products%20grid:p442841,0.42,35.714285714285715
Clean Berry Lip Balm,Primera,lip-treatments,18.0,"Hydrogenated Polyisobutene, Phytosteryl Isostearyl Dimer Dilinoleate, Limnanthes Alba (Meadowfoam) Seed Oil, Phytosteryl/Isostearyl/Cetyl/Stearyl/Behenyl Dimer Dilinoleate, Astrocaryum Murumuru Seed Butter, Polyethylene, Euphorbia Cerifera (Candelilla) Wax / Candelilla Cera Hydrocarbons / Cire De Candelilla, Squalane, Lauroyl Lysine, Fragrance / Parfum, Hippophae Rhamnoides Fruit Extract, Hemerocallis Fulva Flower Extract, Red 27 (Ci 45410), Polyglyceryl2 Triisostearate, Red 6 (Ci 15850), Glycerin, Tocopherol, Citric Acid, Vaccinium Myrtillus Bud Extract, Sequoiadendron Giganteum Bud Extract, Prunus Persica (Peach) Bud Extract.",14,1792,0.14,0.0,https://www.sephora.com/product/primera-clean-berry-lip-balm-P447182?icid2=products%20grid:p447182,0.14,128.57142857142856
Balmy Nights,ILIA,lip-treatments,26.0,"Helianthus Annuus (Sunflower) Seed Oil*, Sesamum Indicum (Sesame) Seed Oil*, Volcanic Stone (Pumice) Powder, Jojoba Seed Powder, Ricinus Communis (Castor) Seed Oil*, Hydrogenated Vegetable Oil, Beeswax (Cera Alba)*, Euphorbia Cerifera (Candelilla) Wax, Olea Europaea (Olive) Fruit Oil*, Butyrospermum Parkii (Shea Butter)*, Tocopherol, Red Oxide CI77491. *Certified Organic.",29,4394,0.14,0.0,https://www.sephora.com/product/balmy-nights-P411851?icid2=products%20grid:p411851,0.14,185.7142857142857
Lumière Lip,TOM FORD,lip-treatments,55.0,"Diisostearyl Malate, Hydrogenated Polyisobutene, Polyglyceryl2 Triisostearate, Simmondsia Chinensis (Jojoba) Seed Extract, Microcrystalline Wax/Cera Microcristallina, Polyethylene, Dipentaerythrityl Hexahydroxystearate/Hexastearate/Hexarosinate, Jojoba Esters, Isostearyl Isostearate, Hydrogenated Vegetable Oil, Isostearyl Alcohol, Fragrance, Ethylene/Propylene/Styrene Copolymer, Butylene/Ethylene/Styrene Copolymer, Trihydroxystearin, Sorbitan Oleate, Vp/Hexadecene Copolymer, Sodium Hyaluronate, Acrylates Copolymer, Chamomilla Recutita (Matricaria) Flower Oil, Ascorbyl Palmitate, Tocopheryl Acetate, Citric Acid, Caprylyl Glycol, Vanillin, Silica, Tocopherol, Calcium Sodium Borosilicate, Malic Acid, Synthetic Fluorphlogopite, Polyethylene Terephthalate, Calcium Aluminum Borosilicate, Pentaerythrityl TetraDiTButyl Hydroxyhydrocinnamate, Tin Oxide, Bht, May Contain: Mica, Titanium Dioxide (Ci 77891), Red 21 (Ci 45380), Yellow 5 Lake (Ci 19140), Red 27 (Ci 45410), Red 7 (Ci 15850), Iron Oxides (Ci 77499), Iron Oxides (Ci 77491), Iron Oxides (Ci 77491, Ci 77492, Ci 77499), Manganese Violet (Ci 77742), Red 22 Lake (Ci 45380), Red 30 Lake (Ci 73360), Carmine (Ci 75470), Bismuth Oxychloride (Ci 77163), Red 33 Lake (Ci 17200), Orange 5 (Ci 45370), Red 28 Lake (Ci 45410), Blue 1 Lake (Ci 42090), Yellow 6 Lake (Ci 15985), Red 7 Lake (Ci 15850), Red 6 (Ci 15850).",22,3656,0.1,0.0,https://www.sephora.com/product/lumiere-lip-P429017?icid2=products%20grid:p429017,0.1,550.0
Tropical Ambrosia Lip Balm,Rosebud Perfume Co.,lip-treatments,8.0,"Petrolatum, Lanolin, Beeswax, Fragrance (Toasted Coconut, Coconut,Mango), Limolool, Limonene.",113,7339,0.5,0.0,https://www.sephora.com/product/tropical-ambrosia-lip-balm-P419227?icid2=products%20grid:p419227,0.5,16.0
All Natural Collagen Infused Lip Mask,KNC Beauty,lip-treatments,5.0,"Deionized Glycerin, Collagen, Prunus Cerasus (Bitter Cherry) Extract, Hyaluronic Acid, Rose Flower Oil, Vitamin E.",10,1093,0.0,0.0,https://www.sephora.com/product/all-natural-collagen-infused-lip-mask-P442737?icid2=products%20grid:p442737,0.26475735294117664,18.885216763407104
Volume Enhancing Lip Serum,LANCER Skincare,lip-treatments,42.0,"Polyisobutene,Pentaerthrityl Tetraisosterate, Isoeicosane, Isododecane, Caprylic/Capric Triglyceride, Croton Lechleri Resin Extract, Dictyopteris Membranacea Extract, Zanthoxylum Bungeanum Extract, Butyrospermum Parkii (Shea) Butter, Palmitoyl Oligopeptide Methoxypropanediol, Tribehenin, Hexylene Glygol, Dipotassium Glycyrrhizate, Hydroxymethoxyphenyl Propylmethylmethoxybenzofuran, Sodium Hyaluronate, Ethylhexyl Palmitate, Sorbitan Isosterate, Propanediol, Silica Dimethyl Silylate, Butelyene Glycol, Ethylhexyglycerin, Caprylyl Glycol, Phenoxyethanol.",65,6450,0.5,0.0,https://www.sephora.com/product/volume-enhancing-lip-serum-P399750?icid2=products%20grid:p399750,0.5,84.0
Line & Define Lip Primer,Bite Beauty,lip-treatments,22.0,"Ricinus Communis (Castor) Seed Oil, Silica, Helianthus Annuus (Sunflower) Seed Wax/Helianthus Annuus Seed Cera, Argania Spinosa Kernel Oil, Polyhydroxystearic Acid, Lauroyl Lysine, Oleic/Linoleic/Linolenic Polyglycerides, Nylon11, Oryza Sativa (Rice) Bran Wax, C1838 Alkyl Hydroxystearoyl Stearate, Actinidia Chinensis Seed Oil, Copernicia Cerifera (Carnauba) Wax/Copernicia Cerifera Cera/Cire De Carnauba, Caprylic/Capric Triglyceride, Mentha Piperita (Peppermint) Oil, Phenoxyethanol, Oryza Sativa (Rice) Bran Extract, Helianthus Annuus (Sunflower) Seed Extract, Momordica Grosvenorii Fruit Extract, Artocarpus Heterophyllus Fruit Extract, Rosmarinus Officinalis (Rosemary) Leaf Extract, Tocopherol, Limonene, Linalool, Titanium Dioxide (Ci 77891).",0,657,0.0,0.0,https://www.sephora.com/product/bite-beauty-line-define-lip-primer-P455576?icid2=products%20grid:p455576,0.26475735294117664,83.09495375899125
Lips,Go-To ,lip-treatments,12.0,"Ultra Medical Grade Lanolin, Shea Butter, Apricot Kernel Oil, Beeswax, Sweet Almond Oil, Evening Primrose Oil, Vitamin E, Fragrance (Pure Pomegranate), Pomegranate Seed Oil, Calendula Oil, Jojoba Oil, Avocado Oil.",21,2878,0.53,0.0,https://www.sephora.com/product/lips-P432269?icid2=products%20grid:p432269,0.53,22.641509433962263
Coco Rose Coconut Oil Lip Polish,Herbivore,lip-treatments,18.0,"Organic Sucros (Sugar), Hydrogenated Soybean Oil (NonGMO Soy Wax), Cocos Nucifera (Virgin Coconut) Oil, Butyrospermum Parkii (Shea) Butter, Limnanthes Alba (Meadowfoam) Seed Oil, Rose Damascena (Moroccan Rose) Absolute, Tocopherol (Vitamin E) Oil, Red Iron Oxide.",25,7542,0.17,0.0,https://www.sephora.com/product/coco-rose-coconut-oil-lip-polish-P400210?icid2=products%20grid:p400210,0.17,105.88235294117646
Kiss Mix Colour,Eve Lom,lip-treatments,24.0,"BisDiglyceryl Polyacyladipate2, Hydrogenated Polydecene, Cera Microcristallina (Microcrystalline Wax), Zinc Oxide, Menthol, Dipalmitoyl Hydroxyproline, Cera Alba (Beeswax), Phenoxyethanol, Synthetic Fluorphlogopite, Ethylhexylglycerin, Polyhydroxystearic Acid, Ci 77491 (Iron Oxides), Ci 15850 (Red 7), Ci 17200 (Red 33).",17,3797,0.23,0.0,https://www.sephora.com/product/kiss-mix-colour-P420243?icid2=products%20grid:p420243,0.23,104.34782608695652
basic balm,lululemon selfcare,lip-treatments,14.0,"Shea Butter: With vitamins A, E, and F, works to condition and soften your chops.",21,1950,0.32,0.0,https://www.sephora.com/product/basic-balm-P446926?icid2=products%20grid:p446926,0.32,43.75
Matte Color & Shiny Balm Lip Crayon,trèStiQue,lip-treatments,25.0,"Octyldodecanol, BisDiglyceryl Polyacyladipate2, Glyceryl Isostearate, Polyethylene, Trimethylolpropane Triisostearate, Argania Spinosa Kernel Oil, Synthetic Beeswax, Synthetic Wax, Ethylcellulose, Cera Microcristallina/Microcristalline Wax/Cire Microcristalline, Diisostearyl Malate, Glyceryl Stearate, Stearalkonium Hectorite, Propylene Carbonate, Ethyl Vanillin, Pentaerythrityl TetraDiTButyl Hydroxyhydrocinnamate, Hydrogenated Coconut Oil, Mica, Gardenia Tahitensis Flower, Tocopherol, Dicalcium Phosphate, Bht, Titanium Dioxide +/ (May Contain): Ci 774921/Ci 77492/Ci 77499/Iron Oxides, Ci 15850/Red 6, Ci 15850/Red 7 Lake, Ci 45410/Red 28 Lake, Ci 19140/Yellow 5 Lake, Ci 42090/Blue 1 Lake.",55,7184,0.06,0.0,https://www.sephora.com/product/matte-color-shiny-balm-lip-crayon-P416380?skuId=1901339&icid2=products%20grid:p416380,0.06,416.6666666666667
Noni Lip Treatment,KORA Organics,lip-treatments,24.0,"Octyldodecanol, BisDiglyceryl Polyacyladipate2, Glyceryl Isostearate, Polyethylene, Trimethylolpropane Triisostearate, Argania Spinosa Kernel Oil, Synthetic Beeswax, Synthetic Wax, Ethylcellulose, Cera Microcristallina/Microcristalline Wax/Cire Microcristalline, Diisostearyl Malate, Glyceryl Stearate, Stearalkonium Hectorite, Propylene Carbonate, Ethyl Vanillin, Pentaerythrityl TetraDiTButyl Hydroxyhydrocinnamate, Hydrogenated Coconut Oil, Mica, Gardenia Tahitensis Flower, Tocopherol, Dicalcium Phosphate, Bht, Titanium Dioxide +/ (May Contain): Ci 774921/Ci 77492/Ci 77499/Iron Oxides, Ci 15850/Red 6, Ci 15850/Red 7 Lake, Ci 45410/Red 28 Lake, Ci 19140/Yellow 5 Lake, Ci 42090/Blue 1 Lake.",5,1525,0.21,0.0,https://www.sephora.com/product/noni-lip-treatment-P443820?icid2=products%20grid:p443820,0.21,114.28571428571429
Just Kinda Bliss Magic Hemp Lip Scrub Balm,INC.redible,lip-treatments,12.0,"Paraffinum Liquidum, Hydrogenated Polyisobutene, Polyisobutene, Iron Oxides (CI 77491), Octyldodecanol, Hydroxystearic Acid, Cellulose Acetate, Butyl Stearate, Isostearyl Alcohol, Butylene/Ethylene/Styrene Copolymer, C3045 Olefin, Aqua (Water), Ethylene/Propylene/Styrene Copolymer, Titanium Dioxide, Aroma (Flavor), Triethylhexyl Trimellitate, Cannabis Sativa Seed Oil, Propylene Glycol Stearate, Ethylhexyl Hydroxystearate, Acrylates/Ammonium Methacrylate Copolymer, Magnesium Stearate, Dibutyl Lauroyl Glutamide, Niacinamide, Sodium Starch Octenylsuccinate, Pentaerythrityl Tetraditbutyl, Hydroxyhydrocinnamate, Maltodextrin, Calcium Pantothenate, Sodium Ascorbyl Phosphate, Tocopheryl Acetate, Pyridoxine HCL ,Silica, Citronellol, Hexyl Cinnamal, Isoeugenol, Limonene, Linalool.",54,1374,0.25,0.0,https://www.sephora.com/product/just-kinda-bliss-magic-hemp-lip-scrub-balm-P449100?icid2=products%20grid:p449100,0.25,48.0
Jelly Shot Heart Lip Quencher,INC.redible,lip-treatments,10.0,"Ethylhexyl Palmitate, Candelilla Cera, Polybutene, BisDiglyceryl Polyacyladipate2, Hydrogenated Polyisobutene, Synthetic Fluorphlogopite, Caprylic/Capric Triglyceride, Copernicia Cerifera Cera, Simmondsia Chinensis (Jojoba) Seed Oil, Tocopheryl Acetate, Titanium Dioxide (Ci 778910), Tin Oxide (Ci 77861), Red 7 (Ci 15850), Red 28 (Ci 45410), Red 6 (Ci 15850), Perfume.",14,3112,0.0,0.0,https://www.sephora.com/product/jelly-shot-heart-lip-quencher-P440660?icid2=products%20grid:p440660,0.26475735294117664,37.77043352681421
Sugar Polish + Plumping Balm,trèStiQue,lip-treatments,24.0,"Sucrose, BisDiglyceryl Polyacyladipate2, Ethyl Macadamiate, Euphorbia Cerifera (Candelilla) Wax [Candelilla Cera], Mica, Mentha Piperita (Peppermint) Oil [Mentha Piperita Oil], Tocopherol, Malic Acid, Limonene.",10,1232,0.0,0.0,https://www.sephora.com/product/sugar-polish-plumping-balm-P429276?icid2=products%20grid:p429276,0.26475735294117664,90.6490404643541
Macaron Lip Balm,It's Skin,lip-treatments,10.0,"Sucrose, BisDiglyceryl Polyacyladipate2, Ethyl Macadamiate, Euphorbia Cerifera (Candelilla) Wax [Candelilla Cera], Mica, Mentha Piperita (Peppermint) Oil [Mentha Piperita Oil], Tocopherol, Malic Acid, Limonene.",86,13240,0.32,0.0,https://www.sephora.com/product/macaron-lip-balm-P399644?icid2=products%20grid:p399644,0.32,31.25
Sugar Cream Tinted Lip Treatment,Fresh,lip-treatments,24.0,"C1030 Cholesterol/Lanosterol Esters, Isononyl Isononanoate, Polyglyceryl2 Triisostearate, Pentaerythrityl Tetraisostearate, Cera Microcristallina (Microcrystalline Wax), Polybutene, Ethylene/Propylene/Styrene Copolymer, Glyceryl Behenate/Eicosadioate, Synthetic Fluorphlogopite, Butylene/Ethylene/Styrene Copolymer, Simmondsia Chinensis (Jojoba) Seed Oil, Persea Gratissima (Avocado) Oil, Vitis Vinifera (Grape) Seed Oil, Sucrose Tetrastearate Triacetate, Ribes Nigrum (Black Currant) Seed Oil, Tocopherol, Ascorbyl Tetraisopalmitate, Ascorbyl Palmitate, Trimethylolpropane Triisostearate, Parfum (Fragrance), BHT, Propyl Gallate, Limonene, Citral, Linalool, Benzyl Alcohol, [+/ : CI 15850 (Red 6, Red 7, Red 7 Lake), CI 15985  (Yellow 6 Lake), CI 19140  (Yellow 5 Lake), CI 42090  (Blue 1 Lake), CI 45410  (Red 28 Lake), CI 73360  (Red 30 Lake), CI 75470  (Carmine), CI 77491, CI 77492, CI 77499 (Iron Oxides), CI 77891  (Titanium Dioxide)].",106,14934,0.33,0.0,https://www.sephora.com/product/sugar-cream-lip-treatment-P411014?skuId=1924844&icid2=products%20grid:p411014,0.33,72.72727272727272
Lip Balm SPF 20,Moroccanoil,lip-treatments,17.0,"Glycerin, Octyldodecanol, Cera Alba/Beeswax/Cire D'abeille, Caprylic/Capric Triglyceride, Butyrospermum Parkii (Shea) Butter, Squalane, Cetearyl Alcohol, Polyglyceryl6 Distearate, Argania Spinosa (Argan) Kernel Oil, C1018 Triglycerides, Ricinus Communis (Castor) Seed Oil, Silica Dimethyl Silylate, Fragrance, Jojoba Esters, Hydrolyzed Vegetable Protein, Polyglyceryl3 Beeswax, Trehalose, Cetyl Alcohol, Sodium Benzoate, BHT, Citral, Limonene, Linalool",10,1379,0.5,0.0,https://www.sephora.com/product/lip-balm-spf-20-P420484?icid2=products%20grid:p420484,0.5,34.0
b. kissed Lip Balm,lilah b.,lip-treatments,34.0,"BisDiglyceryl Polyacyladipate2, Hydrogenated Polyisobutene, Microcrystalline Wax, Glyceryl Behenate/Eicosadioate, Beeswax, Mentha Arvensis Leaf Oil, Lavandula Angustifolia (Lavender) Oil, Linalool, Limonene, Silica, Triethoxycaprylylsilane, Polyhydroxystearic Acid, C1215 Alkyl Benzoate, Titanium Dioxide (CI 77891).",15,1820,0.09,0.0,https://www.sephora.com/product/b-kissed-lip-balm-P421442?icid2=products%20grid:p421442,0.09,377.77777777777777
Lip Insurance Lip Primer,Too Faced,lip-treatments,20.0,"BisDiglyceryl Polyacyladipate2, Hydrogenated Polyisobutene, Microcrystalline Wax, Glyceryl Behenate/Eicosadioate, Beeswax, Mentha Arvensis Leaf Oil, Lavandula Angustifolia (Lavender) Oil, Linalool, Limonene, Silica, Triethoxycaprylylsilane, Polyhydroxystearic Acid, C1215 Alkyl Benzoate, Titanium Dioxide (CI 77891).",745,29124,0.0,0.0,https://www.sephora.com/product/lip-insurance-lip-primer-P259615?icid2=products%20grid:p259615,0.26475735294117664,75.54086705362842
AcaiFusion Lip Balm Broad Spectrum SPF 30,Supergoop!,lip-treatments,9.5,"Petrolatum, Ozokerite, Beeswax, Polyester7, Neopentyl Glycol Diheptanoate, Flavor, Sorbitan Oleate, Euphorbia Cerifera (Candelilla) Wax, Copernicia Cerifera (Carnauba) Wax, Polysilicone15, Glycine Soja (Soybean) Oil, Tocopherol, Butyrospermum Parkii (Shea) Butter, Honey, Ascorbyl Palmitate, Helianthus Annuus (Sunflower) Seed Oil, Aloe Barbadensis Leaf Extract, Ricinus Communis (Castor) Seed Oil, Red 27 Lake, Cocos Nucifera (Coconut) Fruit Extract.",149,16666,0.5,0.0,https://www.sephora.com/product/acai-fusion-lip-balm-broad-spectrum-spf-30-P283330?icid2=products%20grid:p283330,0.5,19.0
Dual Nourishing Lip Serum,AMOREPACIFIC,lip-treatments,42.0,"Butylene Glycol, Alcohol, Glycerin, Pentylene Glycol, Ethylhexylglycerin, Sodium Chloride, Glyceryl Caprylate, Disodium Edta, Propanediol, Dextrin, Theobroma Cacao (Cocoa) Extract, Camellia Sinensis Leaf Extract, 1,2Hexanediol, BetaGlucan, Tocopherol.",17,3563,0.4,0.0,https://www.sephora.com/product/dual-nourishing-lip-serum-P435390?icid2=products%20grid:p435390,0.4,105.0
Butterstick Lip Treatment,Kiehl's Since 1851,lip-treatments,24.0,"Coconut Oil,Sunflower Seed Oil,Castor Seed Oil,Beeswax,Shea Butter,Candelilla Wax,Cocoa Seed Butter,Hydrogenated CocoGlycerides,Garcinia Indica Seed Butter,Carnauba Wax,Squalane,Meadowfoam Seed Oil,Hydrogenated Vegetable Oil,Lemon Peel Oil,Sweet Almond Oil,Limonene,Tocopherol,Ximenia Americana Seed Oil,Lemon Peel Extract,Stevia Rebaudiana Extract,Soybean Oil,Citral,Citric Acid.",21,5055,0.14,0.0,https://www.sephora.com/product/butterstick-lip-treatment-P422273?icid2=products%20grid:p422273,0.14,171.42857142857142
Lip Lock Priming Balm,TOM FORD,lip-treatments,47.0,"Cyclopentasiloxane, Octyldodecyl Stearoyl Stearate, Ceresin, Polybutene, Microcrystalline Wax\Cera Microcristallina\Cire Microcristalline, Ozokerite, Chamomilla Recutita (Matricaria) Flower Oil, Ascorbyl Palmitate, Disteardimonium Hectorite, Tocopherol, Vanillin, Fragrance (Parfum).",4,1074,0.0,0.0,https://www.sephora.com/product/lip-lock-priming-balm-P435730?icid2=products%20grid:p435730,0.26475735294117664,177.52103757602677
Kiss Mix,Eve Lom,lip-treatments,22.0,"BisDiglyceryl Polyacyladipate2, Hydrogenated Polydecene, Microcrystalline Wax, Menthol, Zinc Oxide, Cera Alba (Beeswax), Phenoxyethanol, Ethylhexylglycerin.",24,2816,0.23,0.0,https://www.sephora.com/product/kiss-mix-P403955?icid2=products%20grid:p403955,0.23,95.65217391304347
Stick To The Story Tinted Lip Balm,Pretty Vulgar,lip-treatments,24.0,"Olea Europaea (Olive) Fruit Oil, Beeswax (Cera Alba), Cocos Nucifera (Coconut) Oil, Ricinus Communis (Castor) Seed Oil, Simmondsia Chinesis (Jojoba) Seed Oil, Glycine Max (Soybean) Oil, Butyrospermum Parkii (Shea) Butter, Tocopherol, Titanium Dioxide (CI 77891), Iron Oxides (CI 77492), Tocopheryl Acetate, Phenoxyethanol, Flavor, Red 6 Lake (CI 15850), Yellow 5 Lake (CI 19140), Red 28 Lake (CI 45410), Helianthus Annuus (Sunflower) Seed Oil.",15,3790,0.14,0.0,https://www.sephora.com/product/stick-to-story-tinted-lip-balm-P419274?icid2=products%20grid:p419274,0.14,171.42857142857142
