name,brand,category,price,ingredients,no_reviews,hearts,size1,size2,url,final_size,price_per_ounce
Protini™ Polypeptide Moisturizer,Drunk Elephant,moisturizing-cream-oils-mists,68.0,"Dicaprylyl Carbonate, Glycerin, Cetearyl Alcohol, Cetearyl Olivate, Sorbitan Olivate, Sclerocarya Birrea Seed Oil, Bacillus, Nymphaea Alba Root Extract, shOligopeptide1, shOligopeptide2, shPolypeptide1, shPolypeptide9, shPolypeptide11, Copper Palmitoyl Heptapeptide14, Heptapeptide15 Palmitate, Palmitoyl Tetrapeptide7, Palmitoyl Tripeptide1, Alanine, Arginine, Glycine, Histidine, Isoleucine, Phenylalanine, Proline, Serine, Threonine, Valine, Acetyl Glutamine, Coconut Alkanes, CocoCaprylate, Sodium Hyaluronate, Aspartic Acid, Linoleic Acid, Linolenic Acid, Lecithin, Butylene Glycol, Polyvinyl Alcohol, Sodium Lactate, Sodium PCA, PCA, Sorbitan Isostearate, Carbomer, Polysorbate 20, Polysorbate 60, Lactic Acid, Hydroxyethyl Acrylate, Xanthan Gum, Isomalt, 12Hexanediol, Caprylyl Glycol, Chlorphenesin, Phenoxyethanol, Tocopherol, Sodium Benzoate, Phenylpropanol, Glyceryl Caprylate, Symphytum Officinale Callus Culture Extract",3000,216935,1.69,0.0,https://www.sephora.com/product/protini-tm-polypeptide-cream-P427421?icid2=products%20grid:p427421,1.69,40.23668639053255
The Water Cream,Tatcha,moisturizing-cream-oils-mists,68.0,"Dicaprylyl Carbonate, Glycerin, Cetearyl Alcohol, Cetearyl Olivate, Sorbitan Olivate, Sclerocarya Birrea Seed Oil, Bacillus, Nymphaea Alba Root Extract, shOligopeptide1, shOligopeptide2, shPolypeptide1, shPolypeptide9, shPolypeptide11, Copper Palmitoyl Heptapeptide14, Heptapeptide15 Palmitate, Palmitoyl Tetrapeptide7, Palmitoyl Tripeptide1, Alanine, Arginine, Glycine, Histidine, Isoleucine, Phenylalanine, Proline, Serine, Threonine, Valine, Acetyl Glutamine, Coconut Alkanes, CocoCaprylate, Sodium Hyaluronate, Aspartic Acid, Linoleic Acid, Linolenic Acid, Lecithin, Butylene Glycol, Polyvinyl Alcohol, Sodium Lactate, Sodium PCA, PCA, Sorbitan Isostearate, Carbomer, Polysorbate 20, Polysorbate 60, Lactic Acid, Hydroxyethyl Acrylate, Xanthan Gum, Isomalt, 12Hexanediol, Caprylyl Glycol, Chlorphenesin, Phenoxyethanol, Tocopherol, Sodium Benzoate, Phenylpropanol, Glyceryl Caprylate, Symphytum Officinale Callus Culture Extract",2000,197492,0.0,1.7,https://www.sephora.com/product/the-water-cream-P418218?icid2=products%20grid:p418218,1.7,40.0
Ultra Facial Cream,Kiehl's Since 1851,moisturizing-cream-oils-mists,32.0,"Aqua, Cyclohexasiloxane, Squalane, BisPEG18 Methyl Ether Dimethyl Silane, Sucrose Stearate, Stearyl Alcohol, PEG8 Stearate, Myristyl Myristate, Pentaerythrityl Tetraethlhexanoate, Prunus Armeniaca Kernal Oil, Phenoxyethanol, Persea Gratissima Oil, Glyceryl Stearate, Cetl Alcohol, Oryza Sativa Bran Oil, Olea Europaea Fruit Oil, Chlorphenesin, Stearic Acid, Palmitic Acid, Disodium EDTA, Acrylates, Carbomer, Prunus Amygdalus Dulcis Oil, Xanthan Gum, Ethylhexylglycerin, Sodium Hydroxide, Tocopherol, Glycine Soja Oil, Pseudoalteromonas Ferment Extract, Myristic acid, Hydroxypalmitol Sphinganine, BHT, Salicylic Acid, Citric Acid",943,87617,0.0,1.7,https://www.sephora.com/product/ultra-facial-cream-P421996?icid2=products%20grid:p421996,1.7,18.823529411764707
CC+ Cream with SPF 50+,IT Cosmetics,moisturizing-cream-oils-mists,39.5,"Titanium Dioxide 90%, Zinc Oxide 63%",3000,225410,1.08,0.0,https://www.sephora.com/product/your-skin-but-better-cc-cream-spf-50-P411885?icid2=products%20grid:p411885,1.08,36.57407407407407
The Dewy Skin Cream,Tatcha,moisturizing-cream-oils-mists,68.0,"Saccharomyces, Glycerin, Propanediol, Dimethicone, Squalane, Diisostearyl Malate, Behenyl Alcohol, Myristyl Myristate, Dipentaerythrityl Hexahydroxystearate, BisDiglyceryl Polyacyladipate2, Tridecyl Trimellitate, Chondrus Crispus Extract, Betaphycus Gelatinum Extract, Eisenia Arborea Extract, Oryza Sativa Bran Extract, Panax Ginseng Root Extract, Origanum Majorana Leaf Extract, Thymus Serpyllum Extract, Malva Sylvestris Flower Extract, Sodium Hyaluronate, Inositol, Gold, Sericin, Phytosteryl Macadamiate, Butylene Glycol, Beheneth20, Sorbitan Tristearate, Disodium Edta, Dimethicone, Sodium Acrylate, Caprylyl, Sorbitan Isostearate, Ethylhexylglycerin, Parfum, Alcohol, Phenoxyethanol, Mica, Titanium Dioxide, Tin Oxide, Violet 2 Hadasei3",1000,85005,0.0,1.7,https://www.sephora.com/product/the-dewy-skin-cream-P441101?icid2=products%20grid:p441101,1.7,40.0
Lala Retro™ Whipped Moisturizer with Ceramides,Drunk Elephant,moisturizing-cream-oils-mists,60.0,"Glycerin, Caprylic, Isopropyl Isostearate, Pseudozyma Epicola, Glyceryl Stearate SE, Cetearyl Alcohol, Palmitic Acid, Stearic Acid, Pentylene Glycol, Plantago Lanceolata Leaf Extract, Adansonia Digitata Seed Oil, Citrullus Lanatus Seed Oil, Passiflora Edulis Seed Oil, Schinziophyton Rautanenii Kernel Oil, Sclerocarya Birrea Seed Oil, Polyglyceryl6 Ximenia Americana Seedate, Cholesterol, Ceramide AP, Ceramide EOP, Sodium Hyaluronate Crosspolymer, Ceramide NP, Phytosphingosine, Ceteareth20, Trisodium Ethylenediamine Disuccinate, Tocopherol, Sodium Lauroyl Lactylate, Sodium Hydroxide, Citric Acid, Carbomer, Xanthan Gum, Caprylyl Glycol, Chlorphenesin, Phenoxyethanol, Ethylhexylglycerin",909,40470,1.69,0.0,https://www.sephora.com/product/drunk-elephant-lala-retro-whipped-moisturizer-with-ceramides-P446938?icid2=products%20grid:p446938,1.69,35.50295857988166
Crème de la Mer Moisturizer,La Mer,moisturizing-cream-oils-mists,180.0,"Algae Extract, Mineral Oil, Petrolatum, Glycerin, Isohexadecane, Microcrystalline Wax, Lanolin Alcohol, Citrus Aurantifolia Extract, Sesamum Indicum Seed Oil, Eucalyptus Globulus Leaf Oil, Sesamum Indicum Seed Powder, Medicago Sativa Seed Powder, Helianthus Annuus Seedcake, Prunus Amygdalus Dulcis Seed Meal, Sodium Gluconate, Copper Gluconate, Calcium Gluconate, Magnesium Gluconate, Zinc Gluconate, Magnesium Sulfate, Paraffin, Tocopheryl Succinate, Niacin, BetaCarotene, Decyl Oleate, Aluminum Distearate, Octyldodecanol, Citric Acid, Cyanocobalamin, Magnesium Stearate, Panthenol, Limonene, Geraniol, Linalool, Hydroxycitronellal, Citronellol, Benzyl Salicylate, Citral, Sodium Benzoate, Alcohol Denat, Fragrance",612,72214,0.0,1.0,https://www.sephora.com/product/creme-de-la-mer-moisturizing-cream-P416341?icid2=products%20grid:p416341,1.0,180.0
F-Balm™ Electrolyte Waterfacial Mask,Drunk Elephant,moisturizing-cream-oils-mists,52.0,"Squalane, Propanediol, Niacinamide, Olive Oil Glycereth8 Esters, Coconut Alkanes, Cocos Nucifera  Simmondsia Chinensis Seed Oil, Ammonium Acryloyldimethyltaurate, Glycerin, Mannitol, Sclerocarya Birrea Seed Oil, Sclerocarya Birrea Seed Butter, Sodium PCA, Opuntia Tuna Fruit Extract, Linum Usitatissimum Seed Oil, Sorbitol, Quercetin, Trehalose, Zea Mays Oil, Cetyl Alcohol, Sucrose, Creatine, Inositol, Pentylene Glycol, Ferulic Acid, Hydroxytyrosol, Behenic Acid, Linoleic Acid, Cholesterol, Ceramide NS, Ceramide AP, Ceramide EOS, Ceramide NP, Ceramide EOP, Phospholipids, Sodium Hyaluronate Crosspolymer, Magnesium PCA, Microcrystalline Cellulose, Adenosine, Sodium Hyaluronate, Xanthan Gum, Caprooyl Phytosphingosine, Ascorbyl Palmitate, Hydroxypropyl Methylcellulose, Caprooyl Sphingosine, CocoCaprylate, Ceteareth25, Citric Acid, Glyceryl Caprylate, Phenoxyethanol, Caprylyl Glycol, Sodium Benzoate, Tocopherol, Chlorphenesin, Potassium Sorbate, Ethylhexylglycerin",478,31337,1.69,0.0,https://www.sephora.com/product/drunk-elephant-f-balm-electrolyte-waterfacial-mask-P454120?icid2=products%20grid:p454120,1.69,30.76923076923077
The True Cream Aqua Bomb,belif,moisturizing-cream-oils-mists,38.0,"Dipropylene Glycol, Glycerin, Methl Trimethicone, Alcohol Denat, Dimethicone, Cyclopentasiloxane, 12Hexanediol, Malakite Extract, Caprylic, Pentaerythrityl Tetraethylhexanoate, PEG, Alchemilla Vulgaris Leaf Extract, Equisetum Arvense Leaf Extract, Stellaria Media Extract, Urtica Dioica Leaf Extract, Plantago Lanceolata Leaf Extract, Avena Sativa Kernel Extract, Calendula Officinalis Flower Extract, Nepeta Cataria Extract, Rubus Idaeus Leaf Extract, Baptisia Tinctoria Root Extract, Dimethiconol, Polymethylsilsesquioxane, Sodium Acrylate, Isohexadecane, Polysorbate 60, Ceramide 3, Cholesterol, Butyrospermum Parkii Butter, Phenl Trimethicone, Pentaerythrityl Tetraisostearate, Panthenol, Squalane, Triethylhexanoin, Macadamia Ternifolia Seed Oil, PEG150, PEG40 Hydrogenated Castor Oil, Acrylates, C1422 Alcohols, Arachidyl Glucoside, Hydrogenated Lecithin, PEG100 Stearate, Stearic Acid, Glyceryl Stearate, Carbomer, Tromethamine, Trisodium EDTA, Fragrance, Citronellol, Limonene, Citral, Geraniol, Linalool",3000,173760,0.0,1.68,https://www.sephora.com/product/the-true-cream-aqua-bomb-P394639?icid2=products%20grid:p394639,1.68,22.619047619047624
Virgin Marula Antioxidant Face Oil,Drunk Elephant,moisturizing-cream-oils-mists,72.0,Sclerocraya Birrea Kernel Oil,1000,143287,0.0,1.0,https://www.sephora.com/product/virgin-marula-tm-luxury-facial-oil-P392245?icid2=products%20grid:p392245,1.0,72.0
Facial Treatment Essence (Pitera Essence),SK-II,moisturizing-cream-oils-mists,185.0,"Galactomyces Ferment Filtrate, Butylene Glycol, Pentylene Glycol, Sodium Benzoate, Methylparaben, Sorbic Acid PITERA™",908,78646,0.0,5.4,https://www.sephora.com/product/facial-treatment-essence-P375849?icid2=products%20grid:p375849,5.4,34.25925925925926
COMPLEXION RESCUE™ Tinted Moisturizer Broad Spectrum SPF 30,bareMinerals,moisturizing-cream-oils-mists,33.0,"Coconut Alkanes, Propanediol, Squalane, Trehalose, Isostearic Acid, Glycerin, Silica, Agar, Caprylic, Globularia Cordifolia Callus Culture Extract, Salicornia Herbacea Extract, Melilotus Officinalis Extract, CocoCaprylate, Butylene Glycol, Lauroyl Lysine, Sodium Hyaluronate, Succinoglycan, Polysorbate 60, Cellulose Gum, Polyglyceryl4 Laurate, Sorbitan Sesquiisostearate, Magnesium Stearate, Magnesium Hydroxide, Magnesium Chloride, Potassium Chloride, Calcium Chloride, Potassium Sorbate, Phenoxyethanol May Contain : Titanium Dioxide, Iron Oxides",3000,139023,0.0,0.0,https://www.sephora.com/product/complexion-rescue-tinted-hydrating-gel-cream-P393356?icid2=products%20grid:p393356,2.0629276649746324,15.99668304434019
Superberry Hydrate + Glow Dream Mask,Youth To The People,moisturizing-cream-oils-mists,48.0,"Glycerin, Helianthus Annuus Seed Oil, Glyceryl Stearate, Cetyl Alcohol, Betaine, Isopropyl Myristate, Stearic Acid, Opuntia Tuna Extract, Euterpe Oleracea Fruit Extract, Lycium Barbarum Extract, Aristotelia Chilensis Fruit Extract, Moringa Oleifera Leaf Extract, Tetrahexyldecyl Ascorbate, Phenoxyethanol, Glyceryl Stearyl Citrate, Tocopheryl Acetate, Glyceryl Laurate, Squalane Olive, Carbomer, Hyaluronic Acid, Allantoin, Panthenol, Ethylhexylglycerin, Xanthan Gum, Natural Fragrance, Riboflavin",718,72716,2.0,0.0,https://www.sephora.com/product/superberry-hydrate-glow-dream-mask-P440307?icid2=products%20grid:p440307,2.0,24.0
The Moisturizing Soft Cream,La Mer,moisturizing-cream-oils-mists,180.0,"Algae Extract, Cyclopentasiloxane, Petrolatum, Glyceryl Distearate, Phenyl Trimethicone, Butylene Glycol, Hydrogenated Vegetable Oil, Cholesterol, Butyrospermum Parkii, Steareth10, Dimethicone, Glyceryl Stearate Se, Polysilicone11, Sesamum Indicum Seed Oil, Medicago Sativa Seed Powder, Helianthus Annuus Seedcake, Prunus Amygdalus Dulcis Seed Meal, Eucalyptus Globulus Leaf Oil, Sodium Gluconate, Copper Gluconate, Calcium Gluconate, Magnesium Gluconate, Zinc Gluconate, Tocopheryl Succinate, Niacin, Sesamum Indicum Seed Powder, Water\Aqua\Eau, Citrus Aurantifolia Peel Extract, Laminaria Digitata Extract, Crithmum Maritimum Extract, Salicornia Herbacea Extract, Plankton Extract, Chlorella Vulgaris Extract, Glycine Soja Seed Extract, Glycerin, Caffeine, Sea Salt\Maris Sal\Sel Marin, Micrococcus Lysate, Diethylhexyl Succinate, Adenosine Phosphate, Creatine, Hydrolyzed Algin, Isocetyl Stearoyl Stearate, Cetyl Alcohol, Sucrose, Acetyl Hexapeptide8, Glucose Oxidase, Polyacrylamide, Acetyl Carnitine Hcl, Glucose, Caprylic, C1314 Isoparaffin, Tocopheryl Acetate, Tetrahexyldecyl Ascorbate, Sodium Pca, Glycosaminoglycans, Urea, Distearyldimonium Chloride, Dipalmitoyl Hydroxyproline, Sodium Hyaluronate, Laureth7, Lecithin, Trehalose, Polyquaternium51, Lactoperoxidase, Hydroxypropyl Cyclodextrin, Cyanocobalamin, Pentylene Glycol, Fragrance, Disodium Edta, Bht, Citronellol, Hydroxycitronellal, Geraniol, Linalool, Limonene, Potassium Sorbate, Phenoxyethanol",223,27242,0.0,1.0,https://www.sephora.com/product/the-moisturizing-soft-cream-P416342?icid2=products%20grid:p416342,1.0,180.0
Ultra Repair® Cream Intense Hydration,First Aid Beauty,moisturizing-cream-oils-mists,14.0,"Stearic Acid, Glycerin, C1215 Alkyl Benzoate, Caprylic, Glyceryl Stearate, Glyceryl Stearate SE, Cetearyl Alcohol, Dimethicone, Butyrospermum Parkii Butter, Squalane, Phenoxyethanol, Caprylyl Glycol, Allantoin, Xanthan Gum, Sodium Hydroxide, Disodium EDTA, Chrysanthemum Parthenium Extract, Camellia Sinensis Leaf Extract, Glycyrrhiza Glabra Root Extract, Ceramide3, Eucalyptus Globulus Leaf Extract",6000,158809,0.0,2.0,https://www.sephora.com/product/ultra-repair-cream-intense-hydration-P248407?icid2=products%20grid:p248407,2.0,7.0
The True Cream Moisturizing Bomb,belif,moisturizing-cream-oils-mists,38.0,"Glycerin, Cyclohexasiloxane, Hydrogenated Polydecene, Dipropylene Glycol, Macadamia Ternifolia Seed Oil, 12Hexanediol, BisPEG18 Methyl Ether Dimethyl Silane, Triethylhexanoin, Stearyl Alcohol, Glyceryl Stearate, Pentaerythrityl Tetraethylhexanoate, PEG40 Stearate, Saccharomyces, Lactobacillus, Saccharomyces, Cetearyl Alcohol, Ceteayl Olivate, Sorbitan Olivate, Hydrogenated Lecithin, Sorbitan Stearate, Stearic Acid, PEG100 Stearate, Dimethicone, Dimethicone, Poncirus Trifoliata Fruit Extract, Panthenol, Avena Sativa Kernel Extract, Calendula Officinalis Flower Extract, Nepeta Cataria Extract, Rubus Idaeus Leaf Extract, Baptisia Tinctoria Root Extract, Stellaria Media Extract, Alchemilla Vulgaris Leaf Extract, Viola Tricolor Extract, Rosa Damascena Flower Extract, Spiraea Ulmaria Flower Extract, Althaea Officinalis Root Extract, Symphytum Officinale Leaf Extract, Trifolium Pratense Flower Extract, Achillea Millefolium Flower Extract, Euphrasia Officinalis Extract, Thuja Occidentalis Leaf Extract, Menyanthes Trifoliata Leaf Extract, Salix Alba Bark Extract, Chelidonium Majus Extract, Urea, Hydroxyethylpiperazine Ethane Sulfonic Acid, Glycosyl Trehalose, Hydrogenated Starch Hydrolysate, Acrylates, Carbomer, Xanthan Gum, Trisodium EDTA, Tromethamine, Frgrance, Citronnellol, Limonene Napiers Original Formula Napiers Moisture Formula Fragrances of Natural Origin",2000,88754,0.0,1.68,https://www.sephora.com/product/the-true-cream-moisturizing-bomb-P394624?icid2=products%20grid:p394624,1.68,22.619047619047624
Lotus Youth Preserve Dream Night Cream,Fresh,moisturizing-cream-oils-mists,48.0,"Glycerin, Isononyl Isononanoate, Glyceryl Stearate, Caprylic, Butylene Glycol, Pentylene Glycol, C1018 Triglycerides, Diglycerin, Butyrospermum Parkii, PEG100 Stearate, Myristyl Myristate, Nelumbo Nucifera Extract, Prunus Persica Leaf Extract, Citrus Limon Peel Oil, Cucumis Sativus Fruit Extract, Nelumbo Nucifera Flower Extract, Anthemis Nobilis Flower Oil, Tocopheryl Acetate, Tocopherol, Behenyl Alcohol, Ammonium Acryloyldimethyltaurate, Cetearyl Alcohol, Cetyl Palmitate, Cocoglycerides, Acrylates, Fragrance, Sodium Hydroxide, TButyl Alcohol, Sodium Metabisulfite, BHT, Tetrasodium EDTA, Ethylhexylglycerin, Potassium Sorbate, Sodium Benzoate, Phenoxyethanol, Limonene, Benzyl Salicylate, Citral",1000,42545,0.0,1.6,https://www.sephora.com/product/lotus-youth-preserve-dream-face-cream-P440312?icid2=products%20grid:p440312,1.6,30.0
Magic Cream Moisturizer,Charlotte Tilbury,moisturizing-cream-oils-mists,100.0,"Homosalate, Glyceryl Stearate SE, Ethylhexyl Salicylate, Butylene Glycol, Glycerin, Butyl Methoxydibenzoylmethane, Octocrylene, Cetyl Alcohol, C1215 Alkyl Benzoate, Cyclopentasiloxane, Dimethicone, Phenoxyethanol, Butyrospermum Parkii Butter, Steareth21, Avena Sativa Kernel Extract, Carbomer, Dimethiconol, Potassium Cetyl Phosphate, Chlorphenesin, Caprylyl Glycol, Xanthan Gum, Hydrolyzed Viola Tricolor Extract, Allantoin, Aloe Barbadensis Leaf Juice, Disodium Edta, Tocopheryl Acetate, Camellia Oleifera Seed Oil, Rosa Canina Fruit Oil, Rosa Damascena Flower Sodium Hydroxide, Helianthus Annuus Seed Oil, Michelia Alba Leaf Oil, Sodium Lactate, CocoGlucoside, PEG8, Ethylhexylglycerin, Sodium Hyaluronate, Tocopherol, Palmitoyl Oligopeptide, Palmitoyl Tetrapeptide7, Ascorbyl Palmitate, Plumeria Rubra Flower Extract, Ascorbic Acid, Citric Acid, Nicotiana Sylvestris Leaf Cell Culture, Linalool, Citronellol, Geraniol",1000,26058,0.0,1.7,https://www.sephora.com/product/charlotte-s-magic-cream-P433520?icid2=products%20grid:p433520,1.7,58.82352941176471
Lotus Youth Preserve Moisturizer,Fresh,moisturizing-cream-oils-mists,48.0,"Aqua, Glycerin, Propylene Glycol Dicaprylate, Pentylene Glycol, Cetearyl Alcohol, Caprylic, Cetearyl Isononanoate, Betaine, Steareth21, Nelumbo Nucifera Extract, Citrus Limon Peel Oil, Cucumis Sativus Fruit Extract, Averrhoa Carambola Leaf Extract, Tocopherol, Silica, Behenyl Alcohol, Cetearyl Glucoside, Sorbitol, Dimethicone, Sodium PCA, Carbomer, Caprylyl Glycol, Butylene Glycol, Tromethamine, Cetyl Alcohol, Stearyl Alcohol, Sodium Hyaluronate, Xanthan Gum, Lauroyl Lysine, Adenosine, Glucose, Tetrasodium EDTA, Sodium Metabisulfite, Potassium Sorbate, Sodium Benzoate, Phenoxyethanol, Limonene, Citral",719,4339,0.0,1.6,https://www.sephora.com/product/fresh-lotus-youth-preserve-moisturizer-P454378?icid2=products%20grid:p454378,1.6,30.0
Moisture Surge 72-Hour Auto-Replenishing Hydrator,CLINIQUE,moisturizing-cream-oils-mists,39.5,"Dimethicone, Butylene Glycol, Glycerin, Trisiloxane, Trehalose, Sucrose, Ammonium Acryloyldimethyltaurate, Hydroxyethyl Urea, Camellia Sinensis Leaf Extract, Silybum Marianum Extract, Betula Alba Bark Extract, Saccharomyces Lysate Extract, Aloe Barbadensis Leaf Thermus Thermophillus Ferment, Caffeine, Sorbitol, Palmitoyl Hexapeptide12, Sodium Hyaluronate, Caprylyl Glycol, Oleth10, Sodium Polyaspartate, Saccharide Isomerate, Hydrogenated Lecithin, Tocopheryl Acetate, Acrylates, Glyceryl Polymethacrylate, Tromethamine, Peg8, Hexylene Glycol, Magnesium Ascorbyl Phosphate, Disodium Edta, Bht, Phenoxyethanol, Red 4, Yellow 5",991,68214,0.0,1.7,https://www.sephora.com/product/moisture-surge-72-hour-auto-replenishing-hydrator-P425416?icid2=products%20grid:p425416,1.7,23.235294117647058
C-Rush™ Vitamin C Gel Moisturizer,OLEHENRIKSEN,moisturizing-cream-oils-mists,46.0,"Glycerin, Dicaprylyl Carbonate, Propanediol, Caprylic, 3OEthyl Ascorbic Acid, Glycereth26, Ammonium Acryloyldimethyltaurate, Hydrolyzed Jojoba Esters, Cetearyl Alcohol, Polyacrylate Crosspolymer6, Hydroxyacetophenone, Panthenol, Polyglyceryl3 Methylglucose Distearate, Tetrahexyldecyl Ascorbate, Linoleic Acid, Citric Acid, Phenoxyethanol, Fragrance, Pentaerythrityl TetraDiTButyl Hydroxyhydrocinnamate, Xanthan Gum, Cetearyl Glucoside, Linolenic Acid, Citrus Aurantium Dulcis Fruit Extract, Citrus Limon Fruit Extract, Hippophae Rhamnoides Extract, Lycium Barbarum Fruit Extract, Rosa Canina Fruit Extract, Ethylhexylglycerin, Leuconostoc, Sodium Citrate, Camellia Japonica Flower Extract, Aroma, Sodium Hyaluronate, Sodium Polyacrylate, Sodium Phytate, Hyaluronic Acid, Vegetable Collagen, Ascorbic Acid, Tocopherol, Yellow 6, Yellow 5, Citral, Limonene, Linalool, Benzyl Alcohol",2000,60388,1.7,0.0,https://www.sephora.com/product/c-rush-tm-brightening-gel-cr-me-P430337?icid2=products%20grid:p430337,1.7,27.058823529411764
What it Dew Makeup Refreshing Spray,FENTY BEAUTY by Rihanna,moisturizing-cream-oils-mists,30.0,"Glycerin, Dicaprylyl Carbonate, Propanediol, Caprylic, 3OEthyl Ascorbic Acid, Glycereth26, Ammonium Acryloyldimethyltaurate, Hydrolyzed Jojoba Esters, Cetearyl Alcohol, Polyacrylate Crosspolymer6, Hydroxyacetophenone, Panthenol, Polyglyceryl3 Methylglucose Distearate, Tetrahexyldecyl Ascorbate, Linoleic Acid, Citric Acid, Phenoxyethanol, Fragrance, Pentaerythrityl TetraDiTButyl Hydroxyhydrocinnamate, Xanthan Gum, Cetearyl Glucoside, Linolenic Acid, Citrus Aurantium Dulcis Fruit Extract, Citrus Limon Fruit Extract, Hippophae Rhamnoides Extract, Lycium Barbarum Fruit Extract, Rosa Canina Fruit Extract, Ethylhexylglycerin, Leuconostoc, Sodium Citrate, Camellia Japonica Flower Extract, Aroma, Sodium Hyaluronate, Sodium Polyacrylate, Sodium Phytate, Hyaluronic Acid, Vegetable Collagen, Ascorbic Acid, Tocopherol, Yellow 6, Yellow 5, Citral, Limonene, Linalool, Benzyl Alcohol",9,6362,3.4,0.0,https://www.sephora.com/product/fenty-beauty-rihanna-what-it-dew-makeup-refreshing-spray-P455188?icid2=products%20grid:p455188,3.4,8.823529411764708
Rose Deep Hydration Moisturizer,Fresh,moisturizing-cream-oils-mists,42.0,"Glycerin, Ethylhexyl Isononanoate, Butylene Glycol, Pentylene Glycol, Propanediol, Caprylyl Methicone, Isostearyl Isostearate, Dimethicone, Behenyl Alcohol, Nylon6, Steareth2, Xanthan Gum, Prunus Domestica Seed Oil, Rosa Damascena Flower Algin, Angelica Keiskei Extract, Acacia Senegal Gum, Cucumis Sativus Fruit Extract, Rosa Damascena Flower Oil, Sodium Hyaluronate, Tocopheryl Acetate, Ammonium Acryloyldimethyltaurate, Steareth21, Polyacrylamide, C1314 Isoparaffin, Acrylates, Tromethamine, Dimethiconol, Laureth7, Tetrasodium EDTA, Caprylic, BHT, Caramel, Serine, Parfum, Phenoxyethanol, Citronellol, Geraniol",1000,89692,0.0,1.6,https://www.sephora.com/product/rose-deep-hydration-face-cream-P406686?icid2=products%20grid:p406686,1.6,26.25
100% Organic Cold-Pressed Rose Hip Seed Oil,The Ordinary,moisturizing-cream-oils-mists,9.8,"Glycerin, Ethylhexyl Isononanoate, Butylene Glycol, Pentylene Glycol, Propanediol, Caprylyl Methicone, Isostearyl Isostearate, Dimethicone, Behenyl Alcohol, Nylon6, Steareth2, Xanthan Gum, Prunus Domestica Seed Oil, Rosa Damascena Flower Algin, Angelica Keiskei Extract, Acacia Senegal Gum, Cucumis Sativus Fruit Extract, Rosa Damascena Flower Oil, Sodium Hyaluronate, Tocopheryl Acetate, Ammonium Acryloyldimethyltaurate, Steareth21, Polyacrylamide, C1314 Isoparaffin, Acrylates, Tromethamine, Dimethiconol, Laureth7, Tetrasodium EDTA, Caprylic, BHT, Caramel, Serine, Parfum, Phenoxyethanol, Citronellol, Geraniol",690,104549,1.0,0.0,https://www.sephora.com/product/the-ordinary-deciem-100-organic-cold-pressed-rose-hip-seed-oil-P427415?icid2=products%20grid:p427415,1.0,9.8
Luna Retinol Sleeping Night Oil,SUNDAY RILEY,moisturizing-cream-oils-mists,105.0,"Glycerin, Ethylhexyl Isononanoate, Butylene Glycol, Pentylene Glycol, Propanediol, Caprylyl Methicone, Isostearyl Isostearate, Dimethicone, Behenyl Alcohol, Nylon6, Steareth2, Xanthan Gum, Prunus Domestica Seed Oil, Rosa Damascena Flower Algin, Angelica Keiskei Extract, Acacia Senegal Gum, Cucumis Sativus Fruit Extract, Rosa Damascena Flower Oil, Sodium Hyaluronate, Tocopheryl Acetate, Ammonium Acryloyldimethyltaurate, Steareth21, Polyacrylamide, C1314 Isoparaffin, Acrylates, Tromethamine, Dimethiconol, Laureth7, Tetrasodium EDTA, Caprylic, BHT, Caramel, Serine, Parfum, Phenoxyethanol, Citronellol, Geraniol",2000,123799,0.0,1.18,https://www.sephora.com/product/luna-sleeping-night-oil-P393718?icid2=products%20grid:p393718,1.18,88.98305084745762
CC+ Cream Oil-Free Matte with SPF 40,IT Cosmetics,moisturizing-cream-oils-mists,39.5,"Glycerin, Ethylhexyl Isononanoate, Butylene Glycol, Pentylene Glycol, Propanediol, Caprylyl Methicone, Isostearyl Isostearate, Dimethicone, Behenyl Alcohol, Nylon6, Steareth2, Xanthan Gum, Prunus Domestica Seed Oil, Rosa Damascena Flower Algin, Angelica Keiskei Extract, Acacia Senegal Gum, Cucumis Sativus Fruit Extract, Rosa Damascena Flower Oil, Sodium Hyaluronate, Tocopheryl Acetate, Ammonium Acryloyldimethyltaurate, Steareth21, Polyacrylamide, C1314 Isoparaffin, Acrylates, Tromethamine, Dimethiconol, Laureth7, Tetrasodium EDTA, Caprylic, BHT, Caramel, Serine, Parfum, Phenoxyethanol, Citronellol, Geraniol",1000,57804,1.08,0.0,https://www.sephora.com/product/your-skin-but-better-cc-oil-free-matte-with-spf-40-P433435?icid2=products%20grid:p433435,1.08,36.57407407407407
Ceramidin™ Cream,Dr. Jart+,moisturizing-cream-oils-mists,48.0,"Glycerin, Dipropylene Glycol, Cetearyl Alcohol, Caprylic, Hydrogenated Poly, Hydrogenated Polydecene, Methyl Trimethicone, 12Hexanediol, Bifida Ferment Lysate, Phenyl Trimethicone, Vegetable Oil, Butyrospermum Parkii Butter, Glyceryl Stearate SE, Ceramide NP, Stearic Acid, Algae Extract, Eclipta Prostrata Leaf Extract, Cetearyl Glucoside, Hydrogenated Lecithin, Microcrystalline Cellulose, Butylene Glycol, C1216 Alcohols, Ammonium Acryloyldimethyltaurate, Malt Extract, Beta Vulgaris Root Extract, Melia Azadirachta Flower Extract, Melia Azadirachta Leaf Extract, Throbroma Caco Seed Extract, Curuma Longa Root Extract, Ocimum Sanctum Leaf Extract, Amaranthus Caudatus Seed Extract, Ulmus Davidiana Root Extract, Avena Sativa Kernel Extract, Cynara Scolymus Leaf Extract, Pteris Multifida Extract, Artemisia Vulgaris Extract, Corallina Officinalis Extract, Pyracantha Fortuneana Fruit Extract, Glycerly Polymethacrylate, Cholesterol, Citrus Aurantium Bergamia Fruit Oil, Hydrolyzed Corn Starch, Sodium Hyaluronate, Pelargonium Graveolens Flower Oil, Fructooligosaccharides, BetaGlucan, Dextrin, Disodium EDTA, Panthenol, Polyquaternium51, Raffinose, Hydrolyzed Hyaluronic Acid, Folic Acid, Salvia Officinalis Oil, Pogostemon Cablin Oil, Tromethamine, Ceramide AP, Ceramide AS, Ceramide NS, Palmitoyl Pentapeptide4, Ceramide EOP",1000,34085,0.0,1.69,https://www.sephora.com/product/ceramidin-tm-cream-P434363?icid2=products%20grid:p434363,1.69,28.402366863905325
CC Cream Daily Correct Broad Spectrum SPF 35 Sunscreen,Supergoop!,moisturizing-cream-oils-mists,36.0,"Titanium Dioxide 2%, Zinc Oxide 20%, Cyclopentasiloxane, C1215 Alkyl Benzoate, Isododecane, Glycerin, Propanediol, Cetyl Diglyceryl Trissilylethyl Dimethicone, 12Hexanediol, Pyrus Malus Fruit Extract, Sodium Chloride, Iron Oxides, Triethoxycaprylylsilane, Mica, Hydroxyacetophenone, Silica, Titanium Dioxide, Dimethicone, Trisodium Ethylenediamine Disuccinate, Chlorphenesin, Tin Oxide, Tocopherol, Chondrus Crispus Extract, Sodium Hyaluronate",682,48230,1.6,0.0,https://www.sephora.com/product/cc-cream-daily-correct-broad-spectrum-spf-35-sunscreen-P386793?icid2=products%20grid:p386793,1.6,22.5
Squalane + Omega Repair Cream,Biossance,moisturizing-cream-oils-mists,58.0,"Squalane, Glycerin, Caprylic, Isoamyl Laurate, Butyrospermum Parkii Butter, Sorbitan Olivate, Cetearyl Olivate, Ceramide NP, Jojoba Esters, Sodium Hyaluronate, Euterpe Oleracea Sterols, Linoleic Acid, Oleic Acid, Linolenic Acid, Ethyl Linoleate, Tocopherol, Isoamyl Cocoate, Cetyl Palmitate, Sorbitan Palmitate, Cetearyl Alcohol, Ethylhexylglycerin, Carbomer, Sodium Hydroxide, Phenoxyethanol, Sodium Gluconate",452,17983,1.69,0.0,https://www.sephora.com/product/squalane-omega-repair-cream-P433887?icid2=products%20grid:p433887,1.69,34.31952662721893
Dramatically Different Moisturizing Lotion+,CLINIQUE,moisturizing-cream-oils-mists,28.0,"Water\Aqua\Eau, Mineral Oil\Paraffinum Liquidum\Huile Minérale, Glycerin, Petrolatum, Stearic Acid, Glyceryl Stearate, Sesamum Indicum Oil, Urea, Lanolin Alcohol, Triethanolamine, Hordeum Vulgare Extract\Extrait D'Orge, Cucumis Sativus Fruit Extract, Helianthus Annuus Seedcake, Propylene Glycol Dicaprate, Sodium Hyaluronate, Butylene Glycol, Pentylene Glycol, Trisodium Edta, Phenoxyethanol, Yellow 6, Yellow 5, Red 33",1000,71508,0.0,4.2,https://www.sephora.com/product/dramatically-different-moisturizing-lotion-P381030?icid2=products%20grid:p381030,4.2,6.666666666666666
Banana Soufflé Moisture Cream,Glow Recipe,moisturizing-cream-oils-mists,39.0,"Glycerin, Coconut Alkanes, Squalane, Propanediol, Pentylene Glycol, Butylene Glycol, Cetearyl Alcohol, Simmondsia Chinensis Seed Oil, Musa Sapientum  Magnesium PCA, Centella Asiatica Extract, Curcuma Longa Root Extract, Salvia Hispanica Seed Extract, Bisabolol, Sodium Hyaluronate, Salvia Miltiorrhiza Root Extract, Cocos Nucifera Fruit Extract, Melia Azadirachta Flower Extract, Melia Azadirachta Leaf Extract, Althaea Officinalis Root Extract, Ocimum Sanctum Leaf Extract, Corallina Officinalis Extract, Ocimum Basilicum Flower, Aloe Barbadensis Leaf Juice, Capryloyl Glycerin, Acrylates, CocoCaprylate, Diheptyl Succinate, Caprylyl Glycol, Ethylhexylglycerin, Hexylene Glycol, Xanthan Gum, Hydroxyethyl Acrylate, Tetrasodium Glutamate Diacetate, Sodium Hydroxide, Phenoxyethanol, Flavor",895,29472,1.69,0.0,https://www.sephora.com/product/glow-recipe-banana-souffle-moisture-cream-P453223?icid2=products%20grid:p453223,1.69,23.07692307692308
Midnight Recovery Concentrate,Kiehl's Since 1851,moisturizing-cream-oils-mists,50.0,"Glycerin, Coconut Alkanes, Squalane, Propanediol, Pentylene Glycol, Butylene Glycol, Cetearyl Alcohol, Simmondsia Chinensis Seed Oil, Musa Sapientum  Magnesium PCA, Centella Asiatica Extract, Curcuma Longa Root Extract, Salvia Hispanica Seed Extract, Bisabolol, Sodium Hyaluronate, Salvia Miltiorrhiza Root Extract, Cocos Nucifera Fruit Extract, Melia Azadirachta Flower Extract, Melia Azadirachta Leaf Extract, Althaea Officinalis Root Extract, Ocimum Sanctum Leaf Extract, Corallina Officinalis Extract, Ocimum Basilicum Flower, Aloe Barbadensis Leaf Juice, Capryloyl Glycerin, Acrylates, CocoCaprylate, Diheptyl Succinate, Caprylyl Glycol, Ethylhexylglycerin, Hexylene Glycol, Xanthan Gum, Hydroxyethyl Acrylate, Tetrasodium Glutamate Diacetate, Sodium Hydroxide, Phenoxyethanol, Flavor",742,76401,0.0,1.0,https://www.sephora.com/product/midnight-recovery-concentrate-P421998?icid2=products%20grid:p421998,1.0,50.0
Superfood Air Whip Hyaluronic Acid Moisturizer,Youth To The People,moisturizing-cream-oils-mists,48.0,"Helianthus Annuus Seed Oil, Glyceryl Stearate, Cetyl Alcohol, Lecithin, Glycerin, TocopherylAcetate, Ascorbic Acid, Panthenol, Sodium Hyaluronate Crosspolymer, Butylene Glycol, Brassica Oleracea Leaf Extract, Spinacia Oleracea Leaf Extract, Camellia Sinensis Leaf Extract, Chamomilla Recutita Flower Extract, Medicago Sativa Extract, Aloe Barbadensis Leaf Extract, Sodium Hyaluronate, Natural Fragrance, Hydroxyethylcellulose, Pentylene Glycol, Ethylhexylglycerin, Phenoxyethanol, Potassium Sorbate, Sodium Benzoate, Chlorophyll",940,42263,2.0,0.0,https://www.sephora.com/product/kale-spinach-hyaluronic-acid-age-prevention-cream-P411388?icid2=products%20grid:p411388,2.0,24.0
Vitamin Enriched Face Base Priming Moisturizer,Bobbi Brown,moisturizing-cream-oils-mists,60.0,"Helianthus Annuus Seed Oil, Glyceryl Stearate, Cetyl Alcohol, Lecithin, Glycerin, TocopherylAcetate, Ascorbic Acid, Panthenol, Sodium Hyaluronate Crosspolymer, Butylene Glycol, Brassica Oleracea Leaf Extract, Spinacia Oleracea Leaf Extract, Camellia Sinensis Leaf Extract, Chamomilla Recutita Flower Extract, Medicago Sativa Extract, Aloe Barbadensis Leaf Extract, Sodium Hyaluronate, Natural Fragrance, Hydroxyethylcellulose, Pentylene Glycol, Ethylhexylglycerin, Phenoxyethanol, Potassium Sorbate, Sodium Benzoate, Chlorophyll",1000,107310,0.0,1.7,https://www.sephora.com/product/vitamin-enriched-face-base-P270594?icid2=products%20grid:p270594,1.7,35.29411764705883
Pure One Step Camellia Oil Cleanser,Tatcha,moisturizing-cream-oils-mists,48.0,"Cetyl Ethylhexanoate, Oryza Sativa Bran Oil, Polyglyceryl10 Dioleate, Polyglyceryl2 Sesquicaprylate, Camellia Japonica Seed Oil, Camellia Sinensis Leaf Extract, Algae Extract, Glyceryl Behenate, Glycerin, Ethylhexylglycerin, Fragrance, Alcohol, Phenoxyethanol",1000,88702,0.0,5.1,https://www.sephora.com/product/pure-one-step-camellia-cleansing-oil-P392235?icid2=products%20grid:p392235,5.1,9.411764705882351
HONEYMOON GLOW AHA Resurfacing Night Serum with Hydrating Honey + Gentle Flower Acids,Farmacy,moisturizing-cream-oils-mists,58.0,"Lactic Acid, Propanediol, Jojoba Esters, Glycolic Acid, Potassium Hydroxide, Salix Alba Bark Extract, Carthamus Tinctorius Oleosomes, Vitis Vinifera Seed Oil, Hibiscus Sabdariffa Flower Extract, Citric Acid, Honey Extract, Echinacea Purpurea Root Extract, Propolis Extract, Royal Jelly Extract, Hydrolyzed Sodium Hyaluronate, Hydrolyzed Hyaluronic Acid, Curcuma Longa Root Extract, Argania Spinosa Kernel Oil, Zingiber Officinale Root Extract, Amaranthus Caudatus Seed Oil, Limnanthes Alba Seed Oil, Vaccinium Myrtillus Fruit, Saccharum Officinarum Extract, Citrus Aurantium Dulcis Fruit Extract, Citrus Limon Fruit Extract, Acer Saccharum Extract, Melia Azadirachta Leaf Extract, Helianthus Annuus Seed Oil, Melia Azadirachta Flower Extract, Salvia Hispanica Seed Oil, Cetearyl Alcohol, Glycerin, Arachidyl Alcohol, Sclerotium Gum, CocoGlucoside, Polyacrylate Crosspolymer6, Behenyl Alcohol, Arachidyl Glucoside, Sodium Benzoate, Tocopherol, Potassium Sorbate, Corallina Officinalis Extract, Polyglyceryl10 Stearate, Gluconolactone, 12Hexanediol, Ocimum Basilicum Flower, Ocimum Sanctum Leaf Extract, TButyl Alcohol, Glucose, Calcium Gluconate, Citral",970,98332,1.0,0.0,https://www.sephora.com/product/honeymoon-glow-aha-resurfacing-night-serum-with-echinacea-greenenvy-tm-P434548?icid2=products%20grid:p434548,1.0,58.0
Water Sleeping Mask,LANEIGE,moisturizing-cream-oils-mists,25.0,"Butylene Glycol, Cyclopentasiloxane, Glycerin, Cyclohexasiloxane, Trehalose, Sodium Hyaluronate, Oenothera Biennis Root Extract, Prunus Armeniaca Fruit Extract, BetaGlucan, Chenopodium Quinoa Seed Extract, Ascorbyl Glucoside, Magnesium Sulfate, Zinc Sulfate, Manganese Sulfate, Calcium Chloride, Potassium Alginate, Ammonium Acryloyldimethyltaurate, Polysorbate 20, Dimethicone, Dimethiconol, Dimethicone, Propanediol, Ethylhexylglycerin, Stearyl Behenate, Polyglyceryl3 Methylglucose Distearate, Hydroxypropyl Bispalmitamide MEA, Inulin Lauryl Carbamate, Alcohol, 12Hexanediol, Caprylyl Glycol, Carbomer, Tromethamine, Disodium EDTA, Phenoxyethanol, Fragrance, Blue 1",2000,128411,2.3,0.0,https://www.sephora.com/product/water-sleeping-mask-P420651?icid2=products%20grid:p420651,2.3,10.869565217391305
Cicapair™ Tiger Grass Color Correcting Treatment SPF 30,Dr. Jart+,moisturizing-cream-oils-mists,52.0,"Butylene Glycol, Cyclopentasiloxane, Glycerin, Cyclohexasiloxane, Trehalose, Sodium Hyaluronate, Oenothera Biennis Root Extract, Prunus Armeniaca Fruit Extract, BetaGlucan, Chenopodium Quinoa Seed Extract, Ascorbyl Glucoside, Magnesium Sulfate, Zinc Sulfate, Manganese Sulfate, Calcium Chloride, Potassium Alginate, Ammonium Acryloyldimethyltaurate, Polysorbate 20, Dimethicone, Dimethiconol, Dimethicone, Propanediol, Ethylhexylglycerin, Stearyl Behenate, Polyglyceryl3 Methylglucose Distearate, Hydroxypropyl Bispalmitamide MEA, Inulin Lauryl Carbamate, Alcohol, 12Hexanediol, Caprylyl Glycol, Carbomer, Tromethamine, Disodium EDTA, Phenoxyethanol, Fragrance, Blue 1",2000,84857,0.0,,https://www.sephora.com/product/cicapair-tiger-grass-color-correcting-treatment-spf-30-P411540?icid2=products%20grid:p411540,2.0629276649746324,25.20689449411181
Vinoperfect Brightening Glycolic Overnight Cream,Caudalie,moisturizing-cream-oils-mists,65.0,"Butylene Glycol, Glycerin, Cetearyl Alcohol, CocoCaprylate, Glyceryl Stearate Se, Shea Butter Extract, Caprylic, Vitis Vinifera Seed Oil, Hydrogenated Vegetable Oil, Triheptanoin, Potassium Cetyl Phosphate, Panthenol, Squalane, Glycolic Acid, Palmitoyl Grapevine Shoot Extract, Cetearyl Glucoside, Bisabolol, Sodium Hyaluronate, Tocopheryl Acetate, Acacia Senegal Gum, Xanthan Gum, Caprylyl Glycol, Cassia Angustifolia Seed Polysaccharide, Papain, Tocopherol, Arginine, Benzyl Alcohol, Dehydroacetic Acid, Carbomer, 12Hexanediol, Algin, Sodium Hydroxide, Sodium Phytate, Fragrance, Geraniol, Limonene, Linalool Plant Origin",283,28902,0.0,0.0,https://www.sephora.com/product/vinoperfect-brightening-glycolic-overnight-cream-P440200?icid2=products%20grid:p440200,2.0629276649746324,31.50861811763977
Goodnight Glow Retin-ALT Sleeping Crème,OLEHENRIKSEN,moisturizing-cream-oils-mists,55.0,"Butylene Glycol, Glycerin, Cetearyl Alcohol, CocoCaprylate, Glyceryl Stearate Se, Shea Butter Extract, Caprylic, Vitis Vinifera Seed Oil, Hydrogenated Vegetable Oil, Triheptanoin, Potassium Cetyl Phosphate, Panthenol, Squalane, Glycolic Acid, Palmitoyl Grapevine Shoot Extract, Cetearyl Glucoside, Bisabolol, Sodium Hyaluronate, Tocopheryl Acetate, Acacia Senegal Gum, Xanthan Gum, Caprylyl Glycol, Cassia Angustifolia Seed Polysaccharide, Papain, Tocopherol, Arginine, Benzyl Alcohol, Dehydroacetic Acid, Carbomer, 12Hexanediol, Algin, Sodium Hydroxide, Sodium Phytate, Fragrance, Geraniol, Limonene, Linalool Plant Origin",319,37771,1.7,0.0,https://www.sephora.com/product/goodnight-glow-retin-alt-sleeping-creme-P434546?icid2=products%20grid:p434546,1.7,32.35294117647059
GENIUS Sleeping Collagen,Algenist,moisturizing-cream-oils-mists,98.0,"Collagen, Water, Ethylhexyl Palmitate, Oryza Sativa Bran Extract, Caprylic, Glycerin, Cetearyl Methicone, Dimethicone, Cetearyl Alcohol, Pyrus Malus Fruit Extract, Chlorella Protothecoides Oil, Polysorbate 60, Glyceryl Glucoside, Polyglyceryl2 Stearate, Parachlorella Beijerinckii Exopolysaccharides, Collagen Amino Acids, Ceramide NP, Silybum Marianum Fruit Extract, Helianthus Annuus Extract, Rosmarinus Officinalis Leaf Extract, Tocopherol, Carnosine, Sodium Stearoyl Glutamate, Caprylyl Glycol, Ammonium Acryloyldimethyltaurate, Ethylhexylglycerin, Hexylene Glycol, Citric Acid, Lecithin, Sodium Hydroxide, Sodium Phytate, tButyl Alcohol, Leuconostoc, Phenoxyethanol, Triethyl Citrate, Vanillin, Amyl Salicylate, Benzyl Acetate, Cedrus Atlantica Bark Oil, Phenethyl Alcohol, Ionone, Linalool",1000,16247,2.0,0.0,https://www.sephora.com/product/genius-sleeping-collagen-P439055?icid2=products%20grid:p439055,2.0,49.0
Premium Beauty Balm SPF 45,Dr. Jart+,moisturizing-cream-oils-mists,39.0,"Cyclopentasiloxane, Cyclohexasiloxane, Titanium Dioxide, Zinc Oxide, Glycerin, Talc, PEG10 Dimethicone, Iron Oxides, C1215 Alkyl Benzoate, Niacinamide, Diphenylsiloxy Phenyl Trimethicone, Dipropylene Glycol, Hexyl Laurate, Disteardimonium Hectorite, Magnesium Sulfate, Dimethicone, Dimethicone, Triethoxycaprylylsilane, Phenoxyethanol, Methicone, Polyglyceryl6 Polyricinoleate, Ethylhexylglycerin, Trihydroxystearin, Citrus Aurantium Dulcis, Peel Oil, Adenosine, Pinus Sylvestris Leaf Oil, Citrus Aurantifolia Oil, BHT, Eucalyptus Globulus Leaf Oil, Citrus Limon Peel Oil, Citrus Aurantium Bergamia Fruit Oil, Allantoin, Glyceryl Polymethacrylate, Propylene Glycol, Platinum Powder, Palmitoyl Tripeptide12, Polysorbate 80",2000,57239,1.5,0.0,https://www.sephora.com/product/premium-beauty-balm-spf-45-P285403?icid2=products%20grid:p285403,1.5,26.0
Natural Moisturizing Factors + HA,The Ordinary,moisturizing-cream-oils-mists,5.8,"Caprylic, Cetyl Alcohol, Propanediol, Stearyl Alcohol, Glycerin, Sodium Hyaluronate, Arginine, Aspartic Acid, Glycine, Alanine, Serine, Valine, Isoleucine, Proline, Threonine, Histidine, Phenylalanine, Glucose, Maltose, Fructose, Trehalose, Sodium PCA, PCA, Sodium Lactate, Urea, Allantoin, Linoleic Acid, Oleic Acid, Phytosteryl Canola Glycerides, Palmitic Acid, Stearic Acid, Lecithin, Triolein, Tocopherol, Carbomer, Isoceteth20, Polysorbate 60, Sodium Chloride, Citric Acid, Trisodium Ethylenediamine Disuccinate, Pentylene Glycol, Triethanolamine, Sodium Hydroxide, Phenoxyethanol, Chlorphenesin",624,73525,0.0,1.0,https://www.sephora.com/product/the-ordinary-deciem-natural-moisturizing-factors-ha-P427414?icid2=products%20grid:p427414,1.0,5.8
GENIUS Collagen Calming Relief,Algenist,moisturizing-cream-oils-mists,58.0,"Water, Collagen, Squalane, Glycerin, Hydrogenated Polyisobutene, Dimethicone, Butyrospermum Parkii Butter, Palmitic Acid, Simmondsia Chinensis Seed Oil, Persea Gratissima Oil, Helianthus Annuus Seed Oil, Stearic Acid, Cetearyl Alcohol, PEG100 Stearate, Glyceryl Stearate, Parachlorella Beijerinckii Exopolysaccharides, Chlorella Protothecoides Oil, BetaGlucan, Calendula Officinalis Flower Extract, Enteromorpha Compressa Extract, Leontopodium Alpinum Extract, Hydroxyphenyl Propamidobenzoic Acid, Tocopherol, Collagen Amino Acids, Bisabolol, Ocimum Sanctum Leaf Extract, Silybum Marianum Fruit Extract, Coelastrella Vacuolata Oil, Watanabea Reniformis Oil, Citric Acid, Ascorbyl Palmitate, Propanediol, Ceteareth20, Acrylates, Pentylene Glycol, Butylene Glycol, Ethyhexylglycerin, Hexylene Glycol, Sodium Hydroxide, Disodium EDTA, 12Hexanediol, Leuconostoc, Sodium Benzoate, Caprylyl Glycol, Phenoxyethanol",59,5320,1.35,0.0,https://www.sephora.com/product/algenist-genius-collagen-calming-relief-P453818?icid2=products%20grid:p453818,1.35,42.96296296296296
Avocado Melt Retinol Eye Sleeping Mask,Glow Recipe,moisturizing-cream-oils-mists,42.0,"Vegan Crueltyfree Free of Parabens, Mineral Oil, Sulfates, Silicones, Phthalates, Alcohol, Synthetic Dyes, Synthetic Fragrance",954,50672,0.5,0.0,https://www.sephora.com/product/avocado-melt-retinol-eye-sleeping-mask-P447791?icid2=products%20grid:p447791,0.5,84.0
BB Tinted Treatment 12-Hour Primer Broad Spectrum SPF 30 Sunscreen,tarte,moisturizing-cream-oils-mists,37.0,"Cyclopentasiloxane, Isododecane, Mica, Polysilicone-11, Polymethylsilsesquioxane, Hexyl Laurate, PEG-10 Dimethicone, Polyglyceryl-4 Isostearate, Stearic Acid, Cetyl PEG, Alumina, Triethoxycaprylylsilane, Dipalmitoyl Hydroxyproline, Diamond Powder, Iron Oxides",3000,102702,1.0,0.0,https://www.sephora.com/product/bb-tinted-treatment-12-hour-primer-broad-spectrum-spf-30-sunscreen-P377542?icid2=products%20grid:p377542,1.0,37.0
The Essence Plumping Skin Softener,Tatcha,moisturizing-cream-oils-mists,95.0,"Saccharomyces, Propanediol, Soy Amino Acids, Yeast Extract, Ethylhexylglycerin, Sodium Dilauramidoglutamide Lysine, Phenoxyethanol Hadasei3",1000,63821,5.1,0.0,https://www.sephora.com/product/the-essence-plumping-skin-softener-P415771?icid2=products%20grid:p415771,5.1,18.62745098039216
Virgin Marula Antioxidant Face Oil Mini,Drunk Elephant,moisturizing-cream-oils-mists,40.0,Sclerocraya Birrea Kernel Oil,98,8018,0.0,0.5,https://www.sephora.com/product/virgin-marula-luxury-facial-oil-mini-P424378?icid2=products%20grid:p424378,0.5,80.0
Dramatically Different Moisturizing Gel,CLINIQUE,moisturizing-cream-oils-mists,28.0,"Dimethicone, Isododecane, Butylene Glycol, BisPeg18 Methyl Ether Dimethyl Silane, Glycerin, Laminaria Saccharina Extract, Polygonum Cuspidatum Root Extract, Saccharomyces Lysate Extract, Cucumis Sativus Fruit Extract, Hordeum Vulgare Extract, Helianthus Annuus Seedcake, Caffeine, Trehalose, Sodium Hyaluronate, Tocopheryl Acetate, Chamomilla Recutita, Polysilicone11, Silica, Propylene Glycol Dicaprate, Oleth10, Lactobacillus Ferment, Laureth23, Laureth4, Ammonium Acryloyldimethyltaurate, Carbomer, Caprylyl Glycol, Hexylene Glycol, Tromethamine, Disodium Edta, Phenoxyethanol, Potassium Sorbate, Yellow 5, Red 4, Yellow 6 Lotion",3000,81615,0.0,4.2,https://www.sephora.com/product/dramatically-different-moisturizing-gel-P122900?icid2=products%20grid:p122900,4.2,6.666666666666666
Sheer Transformation® Perfecting Moisturizer,OLEHENRIKSEN,moisturizing-cream-oils-mists,40.0,"Dimethicone, Isododecane, Butylene Glycol, BisPeg18 Methyl Ether Dimethyl Silane, Glycerin, Laminaria Saccharina Extract, Polygonum Cuspidatum Root Extract, Saccharomyces Lysate Extract, Cucumis Sativus Fruit Extract, Hordeum Vulgare Extract, Helianthus Annuus Seedcake, Caffeine, Trehalose, Sodium Hyaluronate, Tocopheryl Acetate, Chamomilla Recutita, Polysilicone11, Silica, Propylene Glycol Dicaprate, Oleth10, Lactobacillus Ferment, Laureth23, Laureth4, Ammonium Acryloyldimethyltaurate, Carbomer, Caprylyl Glycol, Hexylene Glycol, Tromethamine, Disodium Edta, Phenoxyethanol, Potassium Sorbate, Yellow 5, Red 4, Yellow 6 Lotion",2000,72814,0.0,1.7,https://www.sephora.com/product/sheer-transformation-perfecting-moisturizer-P42342?icid2=products%20grid:p42342,1.7,23.529411764705888
CC+ Cream Illumination with SPF 50+,IT Cosmetics,moisturizing-cream-oils-mists,39.5,"Dimethicone, Isododecane, Butylene Glycol, BisPeg18 Methyl Ether Dimethyl Silane, Glycerin, Laminaria Saccharina Extract, Polygonum Cuspidatum Root Extract, Saccharomyces Lysate Extract, Cucumis Sativus Fruit Extract, Hordeum Vulgare Extract, Helianthus Annuus Seedcake, Caffeine, Trehalose, Sodium Hyaluronate, Tocopheryl Acetate, Chamomilla Recutita, Polysilicone11, Silica, Propylene Glycol Dicaprate, Oleth10, Lactobacillus Ferment, Laureth23, Laureth4, Ammonium Acryloyldimethyltaurate, Carbomer, Caprylyl Glycol, Hexylene Glycol, Tromethamine, Disodium Edta, Phenoxyethanol, Potassium Sorbate, Yellow 5, Red 4, Yellow 6 Lotion",624,47708,1.08,0.0,https://www.sephora.com/product/your-skin-but-better-cc-illumination-cream-spf-50-P411884?icid2=products%20grid:p411884,1.08,36.57407407407407
Adaptogen Deep Moisture Cream with Ashwagandha + Reishi,Youth To The People,moisturizing-cream-oils-mists,58.0,"Dimethicone, Isododecane, Butylene Glycol, BisPeg18 Methyl Ether Dimethyl Silane, Glycerin, Laminaria Saccharina Extract, Polygonum Cuspidatum Root Extract, Saccharomyces Lysate Extract, Cucumis Sativus Fruit Extract, Hordeum Vulgare Extract, Helianthus Annuus Seedcake, Caffeine, Trehalose, Sodium Hyaluronate, Tocopheryl Acetate, Chamomilla Recutita, Polysilicone11, Silica, Propylene Glycol Dicaprate, Oleth10, Lactobacillus Ferment, Laureth23, Laureth4, Ammonium Acryloyldimethyltaurate, Carbomer, Caprylyl Glycol, Hexylene Glycol, Tromethamine, Disodium Edta, Phenoxyethanol, Potassium Sorbate, Yellow 5, Red 4, Yellow 6 Lotion",1000,38797,2.0,0.0,https://www.sephora.com/product/adaptogen-deep-moisture-cream-P432829?icid2=products%20grid:p432829,2.0,29.0
Watermelon + AHA Glow Sleeping Mask,Glow Recipe,moisturizing-cream-oils-mists,45.0,"Sodium Hyaluronate, Glycerin, Caulerpa Lentillifera Extract, Simethicone, Citrullus Lanatus Fruit, Silica, Propanediol, Glycolic Acid, Lactic Acid, Cucurbita Pepo Fruit Extract, Punica Granatum Fruit Extract, Musa Sapientum Fruit Extract, Paeonia Suffruticosa Root Extract, Glycyrrhiza Glabra Root Extract, Brassica Oleracea Capitata Leaf Extract, Ipomoea Batatas Root Extract, Betaine, Beta Glucan, Hydroxyethylcellulose, Xanthan Gum, Alcohol, Fragrance",2000,186473,0.0,2.7,https://www.sephora.com/product/watermelon-glow-sleeping-mask-P420160?icid2=products%20grid:p420160,2.7,16.666666666666664
R.N.A. POWER Anti-Aging Face Cream,SK-II,moisturizing-cream-oils-mists,235.0,"Glycerin, Galactomyces Ferment Filtrate, Isohexadecane, Niacinamide, Isopropyl Isostearate, Butylene Glycol, Butyrospermum Parkii Butter, Caprylic, Pentylene Glycol, Dimethicone, Phytosteryl, Vinyl Dimethicone, Stearyl Alcohol, Sodium Acrylate, Cetyl Alcohol, Behenyl Alcohol, Panthenol, Tocopheryl Acetate, Benzyl Alcohol, Dimethiconol, Cetearyl Alcohol, Cetearyl Glucoside, Methylparaben, Peg100 Stearate, Polymethylsilsesquioxane, Polysorbate 80, Stearic Acid, Disodium Edta, Propylparaben, Sodium Peg7 Olive Oil Carboxylate, Ethylparaben, Sorbitan Oleate, Chlorella Vulgaris Extract, Peg100 Stearate, Peg7 Glyceryl Cocoate, Sodium Hydroxide, Fragrance, Acanthopanax Senticosus Root Extract, Hydrolyzed Soy Protein, Cynara Scolymus Leaf Extract, Polyquaternium7, Hydrolyzed Yeast Protein, Palmitoyl Pentapeptide4, Methylsilanol TriPeg8 Glyceryl Cocoate, Methicone, Ci 77891, Ci 77492 Pitera™",128,12191,2.7,0.0,https://www.sephora.com/product/r-n-a-power-radical-new-age-cream-P405950?icid2=products%20grid:p405950,2.7,87.03703703703705
Beauty Elixir,Caudalie,moisturizing-cream-oils-mists,18.0,"Alcohol, Citrus Aurantium Amara Flower Parfum, Rosmarinus Officinalis Leaf Oil, Potassium Alum, Glycerin, Mentha Piperita Oil, Styrax Tonkinensis Resin Extract, Commiphora Myrrha Resin Extract, Melissa Officinalis Leaf Oil, Rosa Damascena Flower Oil, Vitis Vinifera Fruit Extract, Tocopherol, Citral, Limonene, Linalool, Citronellol, Geraniol, Farnesol, Benzyl Benzoate, Eugenol Plant origin",3000,93877,0.0,1.0,https://www.sephora.com/product/beauty-elixir-P6025?icid2=products%20grid:p6025,1.0,18.0
Crème de la Mer Moisturizer Mini,La Mer,moisturizing-cream-oils-mists,90.0,"Algae Extract, Mineral Oil, Petrolatum, Glycerin, Isohexadecane, Microcrystalline Wax, Lanolin Alcohol, Citrus Aurantifolia Extract, Sesamum Indicum Seed Oil, Eucalyptus Globulus Leaf Oil, Sesamum Indicum Seed Powder, Medicago Sativa Seed Powder, Helianthus Annuus Seedcake, Prunus Amygdalus Dulcis Seed Meal, Sodium Gluconate, Copper Gluconate, Calcium Gluconate, Magnesium Gluconate, Zinc Gluconate, Magnesium Sulfate, Paraffin, Tocopheryl Succinate, Niacin, BetaCarotene, Decyl Oleate, Aluminum Distearate, Octyldodecanol, Citric Acid, Cyanocobalamin, Magnesium Stearate, Panthenol, Limonene, Geraniol, Linalool, Hydroxycitronellal, Citronellol, Benzyl Salicylate, Citral, Sodium Benzoate, Alcohol Denat, Fragrance",42,4265,0.0,0.5,https://www.sephora.com/product/creme-de-la-mer-mini-P426501?icid2=products%20grid:p426501,0.5,180.0
Luminous Dewy Skin Mist,Tatcha,moisturizing-cream-oils-mists,48.0,"Glycerin, Squalane, Cyclopentasiloxane, Propanediol, Triethylhexanoin, Camellia Japonica Seed Oil, Inositol, Algae Extract, Sericin, Glycyrrhiza glabra Root Extract, Oryza Sativa Germ Oil, Camellia Sinensis Leaf Extract, Chondrus Crispus Extract, Panax Ginseng Root Extract, Royal Jelly Extract, Zizyphus Jujuba Fruit Extract, Thymus Serpillum Extract, Scutellaria Baicalensis Root Extract, Polyglyceryl2 diisostearate, Ppg5Ceteth10 Phosphate, Trideceth12, Sodiumlauroyl Lactylate, Sorbitan Stearate, Ethylhexylglycerin, Behenyl Alcohol, Glyceryl Stearate Se, Fragrance, Sodium Hyaluronate, Alcohol, Phenoxyethanol",1000,165861,0.0,1.35,https://www.sephora.com/product/luminous-dewy-skin-mist-P399623?icid2=products%20grid:p399623,1.35,35.55555555555555
CC Cream Radiance Color Corrector Broad Spectrum SPF25,Erborian,moisturizing-cream-oils-mists,44.0,"Cyclomethicone, Dipropylene Glycol, Glycerin, Peg10 Dimethicone, Methyl Trimethicone, C1215 Alkyl Benzoate, Dimethicone, Ci 77492, Disteardimonium Hectorite, Magnesium Sulfate, Vinyl Dimethicone, Centella Asiatica Extract, Mel, Mica, Talc, Trihydroxystearin, Butylene Glycol, Polyester1, Aluminum Hydroxide, Silica Dimethyl Silylate, Palmitic Acid, Stearic Acid, Tocopheryl Acetate, Ethylhexylglycerin, Phenoxyethanol, Methicone, Dimethicone, Fragrance, Hexyl Cinnamal, AlphaIsomethyl Ionone, Linalool, Citronellol, Geraniol, Eugenol, Limonene, Ci 77491, Ci 77499",596,37094,1.5,0.0,https://www.sephora.com/product/cc-creme-high-definition-radiance-P396095?icid2=products%20grid:p396095,1.5,29.33333333333333
100 percent Pure Argan Oil,Josie Maran,moisturizing-cream-oils-mists,49.0,Argania Spinosa Kernel Oil Natural,7000,123713,0.0,1.7,https://www.sephora.com/product/100-percent-pure-argan-oil-P218700?icid2=products%20grid:p218700,1.7,28.823529411764714
Watermelon Pink Juice Oil-Free Moisturizer,Glow Recipe,moisturizing-cream-oils-mists,39.0,Argania Spinosa Kernel Oil Natural,1000,78644,0.0,2.0,https://www.sephora.com/product/watermelon-pink-juice-moisturizer-P428819?icid2=products%20grid:p428819,2.0,19.5
Squalane + Vitamin C Rose Oil,Biossance,moisturizing-cream-oils-mists,72.0,"Squalane, Pistacia Lentiscus Gum, Rosa Damascena Flower Extract, Tetrahexyldecyl Ascorbate, Caprylic, Geraniol",593,52953,1.0,0.0,https://www.sephora.com/product/squalane-vitamin-c-rose-oil-P416563?icid2=products%20grid:p416563,1.0,72.0
Facial Treatment Essence Mini (Pitera Essence),SK-II,moisturizing-cream-oils-mists,99.0,"Galactomyces Ferment Filtrate, Butylene Glycol, Pentylene Glycol, Sodium Benzoate, Methylparaben, Sorbic Acid PITERA™",101,25177,0.0,2.5,https://www.sephora.com/product/facial-treatment-essence-mini-P426183?icid2=products%20grid:p426183,2.5,39.6
Retinol Youth Renewal Night Cream,Murad,moisturizing-cream-oils-mists,82.0,"Isostearyl Hydroxystearate, Niacinamide, Propanediol, Caprylic, C1422 Alcohols, Polymethylsilsesquioxane, Dimethicone, Cetyl Alcohol, Glyceryl Stearate, Hydrolyzed Yeast Extract, Isopropyl Palmitate, Retinol, Retinyl Propionate, Oleyl Alcohol, Sodium Hyaluronate, Serine, Hexyldecanol, Glycine Soja Extract, Tocopheryl Acetate, Glycine Soja  Sterols, Urea, Yeast Amino Acids, Trehalose, Inositol, Taurine, Betaine, Glycerin, Polyglucuronic Acid, C1220 Alkyl Glucoside, Dioscorea Villosa Room Extract, Pentylene Glycol, Glyceryl Polyacrylate, Algin, Caprylyl Glycol, Swertia Chirata Extract, Lecithin, Pullulan, Disodium Phosphate, Potassium Phosphate, PEG75 Stearate, Ceteth20, Steareth20, Cetyl Hydroxethylcellulose, Phenoxyethanol, Ethylhexylglycerin, Picolinamide, Disodium EDTA, Sodium Hydroxide, Hexylene Glycol, Sodium Benzotriazolyl Butylphenol Sulfonate, Ammonium Acryloyldimethyltaurate, Yellow 5, Red 4, AlphaIsomethyl Ionone, Citronellol, Fragrance",108,2010,1.7,0.0,https://www.sephora.com/product/murad-retinol-youth-renewal-night-cream-P453929?icid2=products%20grid:p453929,1.7,48.235294117647065
Emerald CBD + Adaptogens Deep Moisture Glow Oil,Herbivore,moisturizing-cream-oils-mists,58.0,"Isostearyl Hydroxystearate, Niacinamide, Propanediol, Caprylic, C1422 Alcohols, Polymethylsilsesquioxane, Dimethicone, Cetyl Alcohol, Glyceryl Stearate, Hydrolyzed Yeast Extract, Isopropyl Palmitate, Retinol, Retinyl Propionate, Oleyl Alcohol, Sodium Hyaluronate, Serine, Hexyldecanol, Glycine Soja Extract, Tocopheryl Acetate, Glycine Soja  Sterols, Urea, Yeast Amino Acids, Trehalose, Inositol, Taurine, Betaine, Glycerin, Polyglucuronic Acid, C1220 Alkyl Glucoside, Dioscorea Villosa Room Extract, Pentylene Glycol, Glyceryl Polyacrylate, Algin, Caprylyl Glycol, Swertia Chirata Extract, Lecithin, Pullulan, Disodium Phosphate, Potassium Phosphate, PEG75 Stearate, Ceteth20, Steareth20, Cetyl Hydroxethylcellulose, Phenoxyethanol, Ethylhexylglycerin, Picolinamide, Disodium EDTA, Sodium Hydroxide, Hexylene Glycol, Sodium Benzotriazolyl Butylphenol Sulfonate, Ammonium Acryloyldimethyltaurate, Yellow 5, Red 4, AlphaIsomethyl Ionone, Citronellol, Fragrance",294,24193,1.0,0.0,https://www.sephora.com/product/emerald-cbd-adaptogens-deep-moisture-glow-oil-P442564?icid2=products%20grid:p442564,1.0,58.0
Superberry Hydrate + Glow Oil,Youth To The People,moisturizing-cream-oils-mists,44.0,"Helianthus Annuus Seed Oil, Dicapryl Carbonate, Simmondsia Chineses, Euterpe Oleracea Fruit Extract, LyciuBarbarum Extract, Aristotelia Chilensis Fruit Extract, And Moringa Oleifera LeaExtract, Squalane Olive, Mixed Tocopherols, Olea Europaea Oil, LinuUsitatissimum Oil, Borago Officinalis Oil, Rosa Canina FruiOil, Oenothera Biennis Oil, Punica Granatum Seed OilVaccinium Macrocarpon Seed Oil, Natural Fragrance Certified Organic",631,37813,1.0,0.0,https://www.sephora.com/product/superberry-hydrate-glow-oil-P430146?icid2=products%20grid:p430146,1.0,44.0
Abeille Royale Youth Watery Anti-Aging Oil,Guerlain,moisturizing-cream-oils-mists,95.0,"Glycerin, Pentylene Glycol, Polyglycerin3, Methyl Gluceth20, Alcohol, Royal Jelly, Ppg26Buteth26, Phenoxyethanol, Mannitol, Peg40 Hydrogenated Castor Oil, Cellulose, Honey, Fragrance, Polyacrylate Crosspolymer6, Sodium Citrate, Glyceryl Polymethacrylate, Tocopheryl Acetate, Caprylic, Citric Acid, Peg8, Acrylates, Synthetic Fluorphlogopite, Commiphora Mukul Resin Extract, Limonene, Caramel, Triethyl Citrate, Benzyl Salicylate, Ci 77891, Sodium Metabisulfite, Ci 77492, Geraniol, Hydroxycitronellal, Sodium Lactate, AlphaIsomethyl Ionone, Citronellol, Ci 77491, Hydroxypropyl Methylcellulose, Linalool, Tin Oxide, Bht, Tocopherol, Ci 14700, Palmitoyl Hexapeptide12",54,22789,0.0,1.0,https://www.sephora.com/product/abeille-royale-youth-watery-oil-P422895?icid2=products%20grid:p422895,1.0,95.0
Secret Sauce Anti-Aging Moisturizer,IT Cosmetics,moisturizing-cream-oils-mists,68.0,"Butylene Glycol, Cetyl Ethylhexanoate, Glycerin, Caprylic, Tribehenin Peg20 Esters, Olea Europaea Fruit Oil, Hydrogenated Polyisobutene, Glyceryl Stearate, Palmitic Acid, Sodium Acrylate, Stearic Acid, Dimethicone, Isohexadecane, Phenoxyethanol, Tocopheryl Acetate, Chlorphenesin, Tromethamine, Acrylates, Polysorbate 80, Ethylhexylglycerin, Caprylyl Glycol, Sorbitan Oleate, Fragrance, Disodium Edta, Myristic Acid, Squalane, Ascorbic Acid, Colloidal Oatmeal, Cholesteryl Oleyl Carbonate, Niacinamide, Lactobacillus, Polymethylsilsesquioxane, Aloe Barbadensis Leaf Extract, Lactobacillus, Camellia Sinensis Leaf Extract, Tocopherol, Panax Ginseng Root Extract, Sodium Hyaluronate, Cholesteryl Nonanoate, Cholesteryl Isostearate, Cholesteryl Chloride, Saccharum Officinarum Extract, Cocos Nucifera Fruit Extract, Curcuma Longa Root Extract, Vegetable Oil, Sophora Japonica Flower Extract, Aspergillus, Peg40 Hydrogenated Castor Oil, Glycyrrhiza Glabra Root Extract, Retinyl Palmitate, 12Hexanediol, Steareth20, Leuconostoc, Hizikia Fusiforme Extract, Chlorella Minutissima Extract, Spirulina Platensis Extract, Codium Fragile Extract, Ulva Lactuca Extract, Fucus Vesiculosus Extract, Laminaria Saccharina Extract, Gelidium Cartilagineum Extract, Macrocystis Pyrifera Extract, Laminaria Digitata Extract, Lactobacillus, Codium Tomentosum Extract, Sargassum Muticum Extract, Pikea Robusta Extract, Algae Extract, Agarum Cribosum Extract, Hydrolyzed Algae Extract, Laminaria Japonica Extract, Hydrolyzed Ulva Lactuca Extract, Porphyra Yezoensis Extract, Chlorella Ferment, Ecklonia Cava Extract, Enteromorpha Compressa Extract, Haematococcus Pluvialis Extract, Dunaliella Salina Extract, Undaria Pinnatifida Extract, Laminaria Cloustoni Extract, Sargassum Fulvellum Extract, Salicornia Herbacea Extract, Hypnea Musciformis Extract, Jania Rubens Extract, Citric Acid, Aspergillus, Polysorbate 20, Rice Ferment Filtrate, NHydroxysuccinimide, Chamomilla Recutita Flower Lactobacillus, Phaseolus Angularis Seed Extract, Saccharomyces, Lactobacillus Ferment, Lactobacillus, Bacillus, Carbomer, Hydrolyzed Collagen, Algae Oligosaccharides, Macrocystis Pyrifera Protein, Diamond Powder, Potassium Sorbate, Acetyl Hexapeptide8, Palmitoyl Pentapeptide4, Palmitoyl Oligopeptide, Chrysin, Palmitoyl Tetrapeptide7, Chlorhexidine Digluconate",692,32879,0.0,2.0,https://www.sephora.com/product/secret-sauce-clinically-advanced-miraculous-anti-aging-moisturizer-P421958?icid2=products%20grid:p421958,2.0,34.0
The Silk Cream,Tatcha,moisturizing-cream-oils-mists,120.0,"Saccharomyces, Glycerin, Propanediol, Cyclopentasiloxane, Squalane, Isononyl Isononanoate, Inositol, Sericin, Hydrolyzed Silk, Hydrolyzed Conchiolin Protein, Rubus Ellipticus Root Extract, Oryza Sativa Germ Oil, Panax Ginseng Root Extract, Royal Jelly Extract, Thymus Serpyllum Extract, Caprylic, Sorbitan Stearate, Behenyl Alcohol, Stearic Acid, Hydrogenated Lecithin, Polyglyceryl2 Triisostearate, Batyl Alcohol, Ethylhexylglycerin, Arginine, BisBehenyl, Carbomer, Xanthan Gum, Biosaccharide Gum1, Sodium Hyaluronate, Parfum, Butylene Glycol, Alcohol, Phenoxyethanol Hadasei3",193,30197,1.7,0.0,https://www.sephora.com/product/the-silk-cream-P417867?icid2=products%20grid:p417867,1.7,70.58823529411767
Confidence in a Cream Hydrating Moisturizer,IT Cosmetics,moisturizing-cream-oils-mists,49.0,"Saccharomyces, Glycerin, Propanediol, Cyclopentasiloxane, Squalane, Isononyl Isononanoate, Inositol, Sericin, Hydrolyzed Silk, Hydrolyzed Conchiolin Protein, Rubus Ellipticus Root Extract, Oryza Sativa Germ Oil, Panax Ginseng Root Extract, Royal Jelly Extract, Thymus Serpyllum Extract, Caprylic, Sorbitan Stearate, Behenyl Alcohol, Stearic Acid, Hydrogenated Lecithin, Polyglyceryl2 Triisostearate, Batyl Alcohol, Ethylhexylglycerin, Arginine, BisBehenyl, Carbomer, Xanthan Gum, Biosaccharide Gum1, Sodium Hyaluronate, Parfum, Butylene Glycol, Alcohol, Phenoxyethanol Hadasei3",684,31783,0.0,2.0,https://www.sephora.com/product/confidence-in-cream-transforming-moisturizing-super-cream-P411403?icid2=products%20grid:p411403,2.0,24.5
GenOptics Aura Essence Serum,SK-II,moisturizing-cream-oils-mists,245.0,"Galactomyces Ferment Filtrate, Niacinamide, Butylene Glycol, Triethylhexanoin, Pentylene Glycol, Glycerin, Nylon12, Phytosteryl, Polymethylsilsesquioxane, Boron Nitride, Panthenol, PEG20 Sorbitan Cocoate, Inositol, Caprylic, Mica, Phenoxyethanol, Acrylates, PEG11 Methyl Ether Dimethicone, Polyacrylamide, Aminomethyl Propanol, Undecylenoyl Phenylalanine, Benzyl Alcohol, C1314 Isoparaffin, Disodium EDTA, Hydrolyzed Prunus Domestica, Xanthan Gum, Sodium Benzoate, Hexyldecanol, Laureth7, Citrus Reticulata Peel Extract, Methylparaben, Ascorbyl Glucoside, Prunus Mume Fruit Extract, Tocopherol, Fragrance, Limonene, Citronellol, Linalool, Geraniol, Ci 77891",114,11247,1.6,0.0,https://www.sephora.com/product/genoptics-aura-essence-P410756?icid2=products%20grid:p410756,1.6,153.125
Clinique iD™ Custom-Blend Hydrator Collection,CLINIQUE,moisturizing-cream-oils-mists,39.0,"BisPeg18 Methyl Ether Dimethyl Silane, Butylene Glycol, Glycerin, Cucumis Sativus Fruit Extract, Hypnea Musciformis Extract, Gelidiella Acerosa Extract, Hordeum Vulgare Extract, Padina Pavonica Thallus Extract, Helianthus Annuus Seedcake, Sucrose, Caffeine, Sodium Hyaluronate, Hydroxyethyl Urea, Hydrolyzed Rice Extract, Sorbitol, Sodium Polyaspartate, Ppg6Decyltetradeceth30, Ethylhexylglycerin, Propylene Glycol Dicaprate, Caprylyl Glycol, Trehalose, Polysorbate 80, Carbomer, Sodium Hydroxide, Hexylene Glycol, Citric Acid, Sodium Citrate, Disodium EDTA, Phenoxyethanol",158,41857,4.2,0.0,https://www.sephora.com/product/clinique-id-your-custom-blend-hydrator-P439643?icid2=products%20grid:p439643,4.2,9.285714285714283
Kombucha Facial Treatment Essence,Fresh,moisturizing-cream-oils-mists,68.0,"Saccharomyces Ferment Filtrate, Glycerin, Camellia Sinensis Leaf Extract, Pentylene Glycol, Polyglycerin3, Kigelia Africana Fruit Extract, Citrus Unshiu Peel Extract, Sodium Hyaluronate, Adenosine, Tocopheryl Acetate, Tocopherol, Butylene Glycol, Diglycerin, PEG60 Hydrogenated Castor Oil, Sodium Benzoate, Parfum, Disodium EDTA, Hydroxyethylcellulose, Sodium Citrate, BHT, Citric Acid, Potassium Sorbate, Biotin, Phenoxyethanol, Linalool, Citronellol, Geraniol",1000,47876,0.0,5.0,https://www.sephora.com/product/black-tea-kombucha-facial-treatment-essence-P428628?icid2=products%20grid:p428628,5.0,13.6
Water Bank Moisture Cream,LANEIGE,moisturizing-cream-oils-mists,38.0,"Propanediol, Glycerin, Methyl Trimethicone, Phenyl Trimethicone, Caprylyl Methicone, 12Hexanediol, Dicaprylyl Carbonate, Sea Water, Saccharide Isomerate, Hydrogenated Lecithin, Ammonium Acryloyldimethyltaurate, Hydrogenated Polyisobutene, Hydroxyethyl Acrylate, Cetearyl Alcohol, Butylene Glycol, Fragrance, Glyceryl Caprylate, Glyceryl Stearate, Stearic Acid, Ethylhexylglycerin, Disodium Edta, Acrylates, Tromethamine, Sorbitan Isostearate, Polyglyceryl3 Methylglucose Distearate, Hyaluronic Acid, Magnesium Sulfate, Calcium Chloride, Linalool, Sodium Citrate, Citric Acid, Hexyl Cinnamal, Benzyl Salicylate, Butylphenyl Methylpropional, Limonene, Beta Vulgaris Root Extract, Geraniol, Citronellol, AlphaIsomethyl Ionone, Manganese Sulfate, Chenopodium Quinoa Seed Extract, Tocopherol, Zinc Sulfate, Lecithin, Brassica Oleracea Acephala Leaf Extract, Nasturtium Officinale Extract, Glycine Soja Oil, Lepidium Sativum Sprout Extract, Ascorbyl Glucoside",294,10970,1.6,0.0,https://www.sephora.com/product/water-bank-moisture-cream-P448186?icid2=products%20grid:p448186,1.6,23.75
Amazonian Clay BB Tinted Moisturizer Broad Spectrum SPF 20 Sunscreen,tarte,moisturizing-cream-oils-mists,36.0,"Propanediol, Glycerin, Methyl Trimethicone, Phenyl Trimethicone, Caprylyl Methicone, 12Hexanediol, Dicaprylyl Carbonate, Sea Water, Saccharide Isomerate, Hydrogenated Lecithin, Ammonium Acryloyldimethyltaurate, Hydrogenated Polyisobutene, Hydroxyethyl Acrylate, Cetearyl Alcohol, Butylene Glycol, Fragrance, Glyceryl Caprylate, Glyceryl Stearate, Stearic Acid, Ethylhexylglycerin, Disodium Edta, Acrylates, Tromethamine, Sorbitan Isostearate, Polyglyceryl3 Methylglucose Distearate, Hyaluronic Acid, Magnesium Sulfate, Calcium Chloride, Linalool, Sodium Citrate, Citric Acid, Hexyl Cinnamal, Benzyl Salicylate, Butylphenyl Methylpropional, Limonene, Beta Vulgaris Root Extract, Geraniol, Citronellol, AlphaIsomethyl Ionone, Manganese Sulfate, Chenopodium Quinoa Seed Extract, Tocopherol, Zinc Sulfate, Lecithin, Brassica Oleracea Acephala Leaf Extract, Nasturtium Officinale Extract, Glycine Soja Oil, Lepidium Sativum Sprout Extract, Ascorbyl Glucoside",2000,69828,1.7,0.0,https://www.sephora.com/product/amazonian-clay-bb-tinted-moisturizer-broad-spectrum-spf-20-sunscreen-P67617?icid2=products%20grid:p67617,1.7,21.176470588235293
Tidal Brightening Enzyme Water Cream,SUNDAY RILEY,moisturizing-cream-oils-mists,65.0,"Caprylic, Moringa Oil, Glycerin, Propanediol, Hydrolyzed Jojoba Esters, Isododecane, Sodium Acrylates Copolymer, Phenoxyethanol, AlphaArbutin, Cucumis Sativus Extract, Pentylene Glycol, Adipic Acid, Lauryl Dimethicone, Hydrogenated Polyisobutene, Allantoin, Strelitzia Nicolai Seed Aril Extract, Tamarindus Indica Seed Gum, Aesculus Hippocastanum Seed Extract, Sodium Hyaluronate Crosspolymer, Sodium Hyaluronate, Papain, Carbomer, 12Hexanediol, Algin, Caprylyl Glycol, Lecithin, Melia Azadirachta Leaf Extract, Melia Azadirachta Flower Extract, Mimosa Tenuiflora Bark Extract, Coccinia Indica Fruit Extract, Solanum Melongena Fruit Extract, Aloe Barbadensis Flower Exract, Ocimum Sanctum Leaf Extract, Ocimum Basilicum Flower, Curcuma Longa Root Extract, Corallina Officinalis Extract, Ethylhexylglycerin, Sodium Benzoate, Potassium Sorbate, Chlorphenesin, Dicaprylyl Carbonate, Tocopherol, Malic Acid, Synthetic Fluorphlogopite, Titanium Dioxide, Tin Oxide",1000,62727,0.0,1.7,https://www.sephora.com/product/tidal-brightening-enzyme-water-cream-P406938?icid2=products%20grid:p406938,1.7,38.23529411764706
GLOWSTARTER™ Mega Illuminating Moisturizer,GLAMGLOW,moisturizing-cream-oils-mists,49.0,"Dimethicone, Butylene Glycol, Glyceryl Distearate, Cetyl Ricinoleate, Trisiloxane, Glyceryl Stearate Se, Cholesterol, Steareth10, Simmondsia Chinensis Seed Oil, Butyrospermum Parkii, Cetyl Esters, Cetyl Alcohol, Glycerin, Tocopheryl Acetate, Sodium Hyaluronate, Algae Extract, Camellia Sinensis Leaf Extract, Cucumis Sativus Fruit Extract, Pyrus Malus Fruit Extract, Saccharomyces Lysate Extract, Scutellaria Baicalensis Root Extract, Ceramide Ng, Isohexadecane, Synthetic Fluorphlogopite, Sucrose, Polysorbate 80, Acrylamide, Xanthan Gum, Caprylyl Glycol, Hexylene Glycol, Citric Acid, Linoleic Acid, Panthenol, Fragrance, Limonene, Citral, Linalool, Disodium Edta, Magnesium Ascorbyl Phosphate, Sodium Citrate, Phenoxyethanol, ",1000,70418,1.7,0.0,https://www.sephora.com/product/glowstarter-mega-illuminating-moisturizer-P408739?icid2=products%20grid:p408739,1.7,28.823529411764714
GinZing™ Oil- Free Energy Boosting Gel Moisturizer,Origins,moisturizing-cream-oils-mists,30.0,"Dimethicone, Butylene Glycol, Glyceryl Distearate, Cetyl Ricinoleate, Trisiloxane, Glyceryl Stearate Se, Cholesterol, Steareth10, Simmondsia Chinensis Seed Oil, Butyrospermum Parkii, Cetyl Esters, Cetyl Alcohol, Glycerin, Tocopheryl Acetate, Sodium Hyaluronate, Algae Extract, Camellia Sinensis Leaf Extract, Cucumis Sativus Fruit Extract, Pyrus Malus Fruit Extract, Saccharomyces Lysate Extract, Scutellaria Baicalensis Root Extract, Ceramide Ng, Isohexadecane, Synthetic Fluorphlogopite, Sucrose, Polysorbate 80, Acrylamide, Xanthan Gum, Caprylyl Glycol, Hexylene Glycol, Citric Acid, Linoleic Acid, Panthenol, Fragrance, Limonene, Citral, Linalool, Disodium Edta, Magnesium Ascorbyl Phosphate, Sodium Citrate, Phenoxyethanol, ",3000,7332,0.0,1.7,https://www.sephora.com/product/ginzing-energy-boosting-gel-moisturizer-P444044?icid2=products%20grid:p444044,1.7,17.647058823529417
Vegan Milk Moisturizer,MILK MAKEUP,moisturizing-cream-oils-mists,38.0,"Water, Cetyl Alcohol, Squalane, Caprylic, Stearic Acid, Butylene Glycol, Stearyl Alcohol, Polyglyceryl2 Diisostearate, Vitis Vinifera Seed Oil, Butyrospermum Parkii Butter, Glyceryl Stearate, Glycerin, Isocetyl Stearate, Myristyl Myristate, Pentylene Glycol, Phenoxyethanol, Ceteth20, Capryloyl Glycerin, Carbomer, Diheptyl Succinate, Ethylhexylglycerin, Simmondsia Chinensis Seed Oil, Helianthus Annuus Seed Oil, Hydroxyethyl Acrylate, Sodium Hydroxide, Potassium Stearate, Trisodium Dicarboxymethyl Alaninate, Tocopheryl Acetate, Argania Spinosa Kernel Oil, Adansonia Digitata Seed Oil, Citrullus Lanatus Seed Oil, Propanediol, Sodium Chloride, Glyceryl Caprylate, Glyceryl Undecylenate, Sodium Glycolate, Polysorbate 60, Aloe Barbadensis Leaf Juice, Propylene Glycol Dicaprylate, Sorbitan Isostearate, Phospholipids, PEG60 Hydrogenated Castor Oil, Xanthan Gum, Avena Sativa Kernel Extract, Ficus Carica Fruit Extract, Adansonia Digitata Fruit Extract, Rosmarinus Officinalis Leaf Extract, Polyglyceryl10 Dioleate, Polyglyceryl10 Oleate, Sodium Hyaluronate, Sodium Benzoate, Potassium Sorbate, Citric Acid",685,10689,0.0,1.7,https://www.sephora.com/product/milk-makeup-vegan-milk-moisturizer-P453253?icid2=products%20grid:p453253,1.7,22.35294117647059
Color Control Cushion Compact Broad Spectrum SPF 50+,AMOREPACIFIC,moisturizing-cream-oils-mists,60.0,"Phyllostachis Bambusoides Juice, Cyclopentasiloxane, Cyclohexasiloxane, Peg10 Dimethicone, Phenyl Trimethicone, Butylene Glycol, Butylene Glycol Dicaprylate, Alcohol, Arbutin, Lauryl Peg9 Polydimethylsiloxyethyl Dimethicone, Acrylates, Polyhydroxystearic Acid, Sodium Chloride, Polymethyl Methacrylate, Aluminium Hydroxide, Stearic Acid, Disteardimonium Hectorite, Triethoxycaprylylsilane, Ethylhexyl Palmitate, Lecithin, Isostearic Acid, Isopropyl Palmitate, Phenoxyethanol, Polyglyceryl3 Polyricinoleate, Acrylates, Dimethicone, Disodium Edta, Trimethylsiloxysilicate, Ethylhexyglycerin, Dimethicone, Silica, Camellia Japonica Seed Oil, Camillia Sinensis Leaf Extract, Caprylyl Glycol, 12Hexanediol, Fragrance, Titanium Dioxide, Iron Oxides",1000,30239,1.05,0.0,https://www.sephora.com/product/color-control-cushion-compact-broad-spectrum-spf-50-P378121?icid2=products%20grid:p378121,1.05,57.14285714285714
Hello FAB Coconut Skin Smoothie Priming Moisturizer,First Aid Beauty,moisturizing-cream-oils-mists,29.0,"Cocos Nucifera Fruit Juice, Glucose, Maltodextrin, C1215 Alkyl Benzoate, Aqua, Cyclopentasiloxane, Butylene Glycol, Glycerin, Caprylic, Mica, Sodium Acrylate, Cocos Nucifera Fruit Extract, Selaginella Lepidophylla Extract, Prunus Armeniaca Fruit Extract, Pyrus Malus Fruit Extract, Vanilla Planifolia Fruit Extract, Hydrolyzed Quinoa, Coffea Arabica Seed Extract, Dipteryx Odorata Seed Extract, Saccharomyces, Saccharomyces, Saccharomyces, Saccharomyces, Saccharomyces, Camellia Sinensis Leaf Extract, Chrysanthemum Parthenium Extract, Glycyrrhiza Glabra Root Extract, Ethylhexylglycerin, Sorbitan Oleate, Dimethicone Crosspolymer, Isohexadecane, Acrylates, Polysorbate 80, Lactobacillus Ferment, Leuconostoc, Phenoxyethanol, Disodium EDTA, Tin Oxide, Potassium Sorbate, Sodium Benzoate, Sodium Hydroxide, CI 77891, CI 77491",1000,62390,0.0,1.7,https://www.sephora.com/product/hello-fab-coconut-skin-smoothie-priming-moisturizer-P415237?icid2=products%20grid:p415237,1.7,17.058823529411768
U.F.O. Ultra-Clarifying Face Oil,SUNDAY RILEY,moisturizing-cream-oils-mists,80.0,"Silybum Marianum Seed Oil, Nigella Sativa Seed Oil, Cucumis Sativus Seed Oil, Diisopropyl Sebacate, Punica Granatum Seed Oil, Vaccinium Macrocarpon Seed Oil, Dimethyl Isosorbide, Linum Usitatissimum  Seed Oil, Caprylic, Ethyl Linoleate, Hexylresorcinol, Glycyrrhiza Glabra Root Extract, Salicylic Acid, Prunus Armeniaca Kernel Oil, Chamomilla Recutita Flower Oil, Citrus Aurantium Amara Flower Oil, Melaleuca Alternifolia Leaf Oil, Helianthus Annuus Seed Oil, Rosmarinus Officinalis Leaf Extract, Citrus Paradisii Peel Oil, Melia Azadirachta Leaf Extract, Melia Azadirachta Flower Extract, Coccinia Indica Fruit Extract, Amino Esters1, Amber Leaf Extract, Solanum Melongena Fruit Extract, Aloe Barbadensis Flower Extract, Lawsonia Inermis Extract, Ocimum Sanctum Leaf Extract, Ocimum Basilicum Leaf Extract, Curcuma Longa Root Extract, Corallina Officinalis Extract, Simmondsia Chinensis Seed Oil, Pearl Powder, Moringa Pterygosperma Seed Oil",1000,90048,0.0,1.18,https://www.sephora.com/product/u-f-o-ultra-clarifying-face-oil-P410400?icid2=products%20grid:p410400,1.18,67.79661016949153
Vitamin C Suspension 23% + HA Spheres 2%,The Ordinary,moisturizing-cream-oils-mists,5.8,"Ascorbic Acid, Squalane, Isodecyl Neopentanoate, Isononyl Isononanoate, Coconut Alkanes, Ethylene, Ethylhexyl Palmitate, Silica Dimethyl Silylate, Sodium Hyaluronate, Glucomannan, CocoCaprylate, Butylene, Acrylates, Trihydroxystearin, BHT",479,56726,1.0,0.0,https://www.sephora.com/product/the-ordinary-deciem-vitamin-c-suspension-23-ha-spheres-2-P427410?icid2=products%20grid:p427410,1.0,5.8
Squalane + Probiotic Gel Moisturizer,Biossance,moisturizing-cream-oils-mists,52.0,"Squalane, Glycerin, Dimethicone, Pentylene Glycol, Ammonium Acryloyldimethyltaurate, Lactococcus Ferment Lysate, Caprylic, Phenoxyethanol, Caprylyl Glycol, Dimethiconol, Chrondrus Crispus Extract, Allantoin, Bisabolol, Glycine Soja Sterols, Linoleic Acid, Phospholipids, Sodium Phytate, Lechithin, Sodium Hydroxide, Sodium Hyaluronate, Lactic Acid, Lepidium Sativum Sprout Extract, Sodium Chloride, Sodium Benzoate, Citric Acid, Zingiber Officinale Root Extract",426,25818,0.0,0.0,https://www.sephora.com/product/squalane-probiotic-gel-moisturizer-P416561?icid2=products%20grid:p416561,2.0629276649746324,25.20689449411181
Benefiance Wrinkle Smoothing Day Cream SPF 23,Shiseido,moisturizing-cream-oils-mists,70.0,"Glycerin, Dipropylene Glycol, Butylene Glycol, Behenyl Alcohol, Sd Alcohol 40B, Silica, Dimethicone, Isododecane, Isohexadecane, Sorbitol, Beheneth20, Myristyl Myristate, Phytosteryl Macadamiate, Erythritol, Xanthan Gum, Tocopheryl Acetate, Peg, Peg, Caffeine, Sapindus Mukorossi Peel Extract, Angelica Keiskei Leaf, Camellia Sinensis Leaf Extract, Citrus Junos Seed Extract, Ziziphus Jujuba Fruit Extract, Eucheuma Serra, Curcuma Longa Rhizome Extract, Polyquaternium51, Saccharina Angustata, Chlorella Vulgaris Extract, Ppg17, Stearyl Alcohol, Beheneth30, Alcohol, Carbomer, Cellulose Gum, Trisodium Edta, Hdi, Sodium Citrate, Bht, Sodium Metaphosphate, Potassium Hydroxide, Citric Acid, Tocopherol, Ppg3 Dipivalate, Sodium Metabisulfite, Phenoxyethanol, Fragrance, Iron Oxides",147,3906,1.7,0.0,https://www.sephora.com/product/benefiance-wrinkle-smoothing-day-cream-broad-spectrum-spf-23-P448201?icid2=products%20grid:p448201,1.7,41.1764705882353
Water Drench Hyaluronic Cloud Cream,Peter Thomas Roth,moisturizing-cream-oils-mists,52.0,"Glycerin, Cyclopentasiloxane, Dipropylene Glycol, Dimethicone, Cyclohexasiloxane, Yeast Extract, Sodium Hyaluronate, Ceramide Eop, Ceramide Eos, Ceramide Ap, Ceramide Np, Ceramide Ns, Sambucus Nigra Fruit Extract, Hydrolyzed Silk, Sodium Pca, Tocopherol, Ascorbyl Palmitate, Caprooyl Phytosphingosine, Caprooyl Sphingosine, Saccharide Isomerate, Saccharomyces, Saccharomyces, Saccharomyces, Saccharomyces, Saccharomyces, Olea Europaea Leaf Extract, Methyl Gluceth20, Ethylhexylglycerin, Lauryl Peg9 Polydimethylsiloxyethyl Dimethicone, Cholesterol, Sodium Chloride, Sodium Citrate, Citric Acid, Behenic Acid, Propylene Glycol, Ceteareth25, Butylene Glycol, Dimethicone, Cetyl Alcohol, Diso Dium Edta, Sodium Benzoate, Potassium Sorbate, Phenoxyethanol, Mica",1000,38625,0.0,1.7,https://www.sephora.com/product/water-drench-hyaluronic-cloud-cream-P415701?icid2=products%20grid:p415701,1.7,30.588235294117645
Luminous Dewy Skin Night Concentrate,Tatcha,moisturizing-cream-oils-mists,110.0,"Glycerin, Propanediol, Squalane, Cyclopentasiloxane, Triethylhexanoin, Panax Ginseng Root Extract, Origanum Majorana Leaf Extract, Ziziphus Jujuba Fruit Extract, Thymus Serpyllum Extract, Royal Jelly Extract, Stearyl Glycyrrhetinate, Camellia Sinensis Leaf Extract, Algae Extract, Scutellaria Baicalensis Root Extract, Oryza Sativa Germ Oil, Camellia Japonica Seed Oil, Sericin, Inositol, Glyceryl Stearate Se, Polyglyceryl2 Diisostearate, Ppg5Ceteth10 Phosphate, Sodium Lauroyl Lactylate, Sorbitan Stearate, Trideceth12, Ethylhexylglycerin, Peg240, Butylene Glycol, Behenyl Alcohol, Parfum, Alcohol, Phenoxyethanol",197,36649,1.7,0.0,https://www.sephora.com/product/luminous-dewy-skin-night-concentrate-P403820?icid2=products%20grid:p403820,1.7,64.70588235294117
Unicorn Essence Antioxidant Primer Serum,FARSÁLI,moisturizing-cream-oils-mists,54.0,"Propanediol, Glycerin, Polysorbate 20, Glyceryl Polyacrylate, Euterpe Oleracea Fruit Extract, Vaccinium Angustifolium Fruit Extract, Lycium Barbarum Fruit Extract, Sambucus Nigra Fruit Extract, Tamarindus Indica Seed Polysaccharide, Phenoxyethanol, Ethylhexylglycerin, Hydroxyethyl Acrylate, Vanilla Planifolia Fruit Extract, Citrus Aurantium Bergamia Fruit Oil, Citrus Paradisi Peel Oil, Red 33, Red 4, Blue 1, Mica, Titanium Dioxide",1000,140569,0.0,1.0,https://www.sephora.com/product/unicorn-essence-P417141?icid2=products%20grid:p417141,1.0,54.0
Revitalizing Supreme Global Anti-Aging Crème,Estée Lauder,moisturizing-cream-oils-mists,87.0,"Propanediol, Glycerin, Polysorbate 20, Glyceryl Polyacrylate, Euterpe Oleracea Fruit Extract, Vaccinium Angustifolium Fruit Extract, Lycium Barbarum Fruit Extract, Sambucus Nigra Fruit Extract, Tamarindus Indica Seed Polysaccharide, Phenoxyethanol, Ethylhexylglycerin, Hydroxyethyl Acrylate, Vanilla Planifolia Fruit Extract, Citrus Aurantium Bergamia Fruit Oil, Citrus Paradisi Peel Oil, Red 33, Red 4, Blue 1, Mica, Titanium Dioxide",933,10869,0.0,1.7,https://www.sephora.com/product/revitalizing-supreme-global-anti-aging-creme-P384342?icid2=products%20grid:p384342,1.7,51.17647058823529
Ultra Repair Face Moisturizer,First Aid Beauty,moisturizing-cream-oils-mists,24.0,"Glyceryl Stearate Se, Glycerin, Caprylic, Cetyl Alcohol, Collodial Oatmeal, Dimethicone, Squalane, Urea, Allantoin, Ceramide Np, Butyrospermum Parkii Butter, Limnanthes Alba Seed Oil, Persea Gratissima Oil, Chrysanthemum Parthenium Extract, Camellia Sinensis Leaf Extract, Glycyrrhiza Glabra Root Extract, Caprylyl Glycol, Phenoxyethanol, Carbomer, Sodium Hydroxide, Leuconostoc, Edta",784,32526,0.0,0.0,https://www.sephora.com/product/ultra-repair-face-moisturizer-P375534?icid2=products%20grid:p375534,2.0629276649746324,11.633951304974685
Vinosource Moisturizing Sorbet,Caudalie,moisturizing-cream-oils-mists,39.0,"Vitis Vinifera Fruit Dicaprylyl Ether, Glycerin, Butyrospermum Parkii Butter Extract, Hexyldecanol, Hexyldecyl Laurate, Behenyl Alcohol, Glyceryl Stearate, Acrylates, Erythritol, Parfum, Lecithin, Palmitoyl Grape Seed Extract, Mannitol, Tocopherol, Caprylyl Glycol, Helianthus Annuus Seed Oil, Xanthan Gum, Sodium Benzoate, Vitis Vinifera Juice, Glycine Soja Sterols, Butylene Glycol, Sodium Hydroxide, Citric Acid, Chamomilla Recutita Flower Extract, Sodium Citrate, Sodium Carboxymethyl BetaGlucan, Sodium Phytate, Potassium Sorbate, Biosaccharide Gum1, Sodium Hyaluronate, Homarine Hcl, Glyceryl Caprylate, Alcohol, Acetyl Tetrapeptide15",1000,49004,0.0,1.3,https://www.sephora.com/product/vinosource-moisturizing-sorbet-P271704?icid2=products%20grid:p271704,1.3,30.0
Superscreen Daily Moisturizer Broad Spectrum SPF 40 PA+++,Supergoop!,moisturizing-cream-oils-mists,38.0,"Avobenzone 25%, Homosalate 8%, Octisalate 5%, Carthamus Tinctorius Oleosomes, Glycerin, C1215 Alkyl Benzoate, Polyester7, Ammonium Acryloyldimethyltaurate, Neopentyl Glycol Diheptanoate, Carthamus Tinctorius Seedcake Extract, Aphanizomenon FlosAquae Extract, Inulin Lauryl Carbamate, Xanthan Gum, Biosaccharide Gum4, Cerium Oxide, Platinum Powder, 12Hexanediol, Ethylhexylglycerin, Phenethyl Alcohol, Chlorphenesin",309,21673,1.7,0.0,https://www.sephora.com/product/superscreen-daily-moisturizer-broad-spectrum-spf-40-pa-P439928?icid2=products%20grid:p439928,1.7,22.35294117647059
Black Tea Corset Cream Firming Moisturizer,Fresh,moisturizing-cream-oils-mists,95.0,"Isononyl Isononanoate, CetearylIsononanoate, Hydrogenated Polyisobutene, Butylene Glycol, Glycerin, Pentylene Glycol, Steareth21, Jojoba Esters, AlpiniaGalanga Leaf Extract, Algin, Saccharomyces Ferment Filtrate, Camellia Sinensis Leaf Extract, Lycium Chinense Fruit Extract, Rubus Fruticosus Leaf Extract, Litchi Chinensis SeedExtract, Sorbitan Laurate, Sodium Hyaluronate, Hydroxyethylcellulose, Adenosine, Acetyl Dipeptide1 Cetyl Ester, Tocopheryl Acetate, Tocopherol, Myristyl Myristate, Behenyl Alcohol, Cetyl Alcohol, Stearyl Alcohol, Glyceryl Stearate, Decyloxazolidinone, Dimethicone, Diphenylsiloxy Phenyl Trimethicone, Fragrance, Polyacrylamide, Acrylates, C1314Isoparaffin, Xanthan Gum, Sorbitol, Tromethamine, Maltodextrin, Dimethicone, Laureth7, Polyvinyl Alcohol, BHT, Cellulose Gum, Caprylic, Citric Acid, Sodium Benzoate, Sodium Citrate, Potassium Sorbate, Biotin, Phenoxyethanol, Linalool, Citronellol, Geraniol",107,19135,1.6,0.0,https://www.sephora.com/product/black-tea-firming-corset-cream-P415107?icid2=products%20grid:p415107,1.6,59.375
Counter Balance™ Oil Control Hydrator,OLEHENRIKSEN,moisturizing-cream-oils-mists,36.0,"Butylene Glycol, Glycerin, Caprylic, Dimethicone, Acrylates, Methyl Methacrylate Crosspolymer, Sodium Hydroxide, Polysorbate 20, Linoleic Acid, Phenoxyethanol, Glycolic Acid, Lactic Acid, Melia Azadirachta Seed Oil, Avena Sativa Kernel Flour, Methyl Gluceth20, Caprylyl Glycol, Linolenic Acid, Salicylic Acid, Mentha Piperita Oil, Enantia Chlorantha Bark Extract, Macrocystis Pyrifera Extract, Eucalyptus Globulus Leaf Extract, Chondrus Crispus Extract, Camellia Sinensis Leaf Extract, Tocopheryl Acetate, Hexylene Glycol, Ethylhexylglycerin, Dimethicone Crosspolymer, Bisabolol, Allantoin, Phytic Acid, Fragrance, Saccarhide Isomerate, Rosa Canina Fruit Extract, Tocopherol, Sodium Hyaluronate, Oleanolic Acid, Limonene",1000,37789,0.0,1.7,https://www.sephora.com/product/counter-balance-oil-control-hydrator-P416818?icid2=products%20grid:p416818,1.7,21.176470588235293
Ultra Repair Hydra-Firm Sleeping Cream,First Aid Beauty,moisturizing-cream-oils-mists,38.0,"Aqua, Glycerin, Caprylic, Butyrospermum Parkii Butter, Dimethicone, Glyceryl Stearate, Ethylhexyl Palmitate, C1018 Triglycerides, Jojoba Esters, Cetyl Alcohol, Palmitoyl Tripeptide38, Sodium Hyaluronate, Colloidal Oatmeal, Palmitoyl Tripeptide1, Palmitoyl Tetrapeptide7, Niacinamide, Spilanthes Acmella Flower Extract, Acacia Decurrens Flower Wax, Laminaria Saccharina Extract, Glycyrrhiza Glabra Root Extract, Chrysanthemum Parthenium Extract, Camellia Sinensis Leaf Extract, Sodium Lactate, Hydroxypropyl Cyclodextrin, Helianthus Annuus Seed Wax, Butylene Glycol, Lactobacillus Ferment, PEG75 Stearate, Acrylates, Steareth20, Ceteth20, Xanthan Gum, Polyglycerin3, Carbomer, Polysorbate 20, Phenoxyethanol, Sodium Hydroxide, Tetrasodium EDTA",468,34214,1.7,0.0,https://www.sephora.com/product/ultra-repair-hydra-firm-sleeping-cream-P393076?icid2=products%20grid:p393076,1.7,22.35294117647059
Bye Bye Redness Neutralizing Color-Correcting Cream,IT Cosmetics,moisturizing-cream-oils-mists,34.0,"Aqua, Glycerin, Caprylic, Butyrospermum Parkii Butter, Dimethicone, Glyceryl Stearate, Ethylhexyl Palmitate, C1018 Triglycerides, Jojoba Esters, Cetyl Alcohol, Palmitoyl Tripeptide38, Sodium Hyaluronate, Colloidal Oatmeal, Palmitoyl Tripeptide1, Palmitoyl Tetrapeptide7, Niacinamide, Spilanthes Acmella Flower Extract, Acacia Decurrens Flower Wax, Laminaria Saccharina Extract, Glycyrrhiza Glabra Root Extract, Chrysanthemum Parthenium Extract, Camellia Sinensis Leaf Extract, Sodium Lactate, Hydroxypropyl Cyclodextrin, Helianthus Annuus Seed Wax, Butylene Glycol, Lactobacillus Ferment, PEG75 Stearate, Acrylates, Steareth20, Ceteth20, Xanthan Gum, Polyglycerin3, Carbomer, Polysorbate 20, Phenoxyethanol, Sodium Hydroxide, Tetrasodium EDTA",737,37321,0.37,0.0,https://www.sephora.com/product/bye-bye-redness-neutralizing-correcting-cream-P411393?icid2=products%20grid:p411393,0.37,91.89189189189187
C.E.O Vitamin C Rich Hydration Cream,SUNDAY RILEY,moisturizing-cream-oils-mists,65.0,"Aqua, Glycerin, Caprylic, Butyrospermum Parkii Butter, Dimethicone, Glyceryl Stearate, Ethylhexyl Palmitate, C1018 Triglycerides, Jojoba Esters, Cetyl Alcohol, Palmitoyl Tripeptide38, Sodium Hyaluronate, Colloidal Oatmeal, Palmitoyl Tripeptide1, Palmitoyl Tetrapeptide7, Niacinamide, Spilanthes Acmella Flower Extract, Acacia Decurrens Flower Wax, Laminaria Saccharina Extract, Glycyrrhiza Glabra Root Extract, Chrysanthemum Parthenium Extract, Camellia Sinensis Leaf Extract, Sodium Lactate, Hydroxypropyl Cyclodextrin, Helianthus Annuus Seed Wax, Butylene Glycol, Lactobacillus Ferment, PEG75 Stearate, Acrylates, Steareth20, Ceteth20, Xanthan Gum, Polyglycerin3, Carbomer, Polysorbate 20, Phenoxyethanol, Sodium Hydroxide, Tetrasodium EDTA",815,42098,0.0,1.7,https://www.sephora.com/product/c-e-o-c-e-antioxidant-protect-repair-moisturizer-P416139?icid2=products%20grid:p416139,1.7,38.23529411764706
Noni Glow Face Oil,KORA Organics,moisturizing-cream-oils-mists,68.0,From essential oils,486,27179,0.0,1.01,https://www.sephora.com/product/noni-glow-face-oil-P418624?icid2=products%20grid:p418624,1.01,67.32673267326733
Camera Ready BB Cream SPF 35,Smashbox,moisturizing-cream-oils-mists,42.0,"Octinoxate 750%, Octisalate 400%, Oxybenzone 250%, Titanium Dioxide 110%, Dimethicone, Butylene Glycol, Phenyl Trimethicone, Pentylene Glycol, Glyceryl Stearate, Behenyl Alcohol, Trioctyldodecyl Citrate, Polymethylsilsesquioxane, Octyldodecyl Stearoyl Stearate, Peg40 Stearate, Polyglyceryl10 Pentastearate, Ammonium Acryloyldimethyltaurate, Triticum Vulgare Germ Extract, Hordeum Vulgare Extract, Cucumis Sativus Fruit Extract, Laminaria Saccharina Extract, Pyrus Malus Fruit Extract, Scutellaria Baicalensis Root Extract, Polyquaternium51, Acetyl Hexapeptide8, Trehalose, Oryzanol, Octyldodecyl Neopentanoate, Urea, Polyglyceryl6 Polyricinoleate, Propylene Glycol Laurate, Glycyrrhetinic Acid, Tocopheryl Acetate, Sucrose, Glycerin, Sodium Stearoyl Lactylate, Caffeine, Linoleic Acid, Cholesterol, Lecithin, Squalane, Sodium Pca, Isopropyl Titanium Triisostearate, Propylene Glycol Stearate, Stearic Acid, Polysorbate 20, Sorbitan Laurate, Xanthan Gum, Aluminum Hydroxide, Sodium Hyaluronate, Silica, Disodium Edta, Pentaerythrityl TetraDiTButyl Hydroxyhydrocinnamate, Sodium Dehydroacetate, Chlorphenesin, Phenoxyethanol, ",3000,80321,1.0,0.0,https://www.sephora.com/product/camera-ready-bb-cream-spf-35-P300339?skuId=1574896&icid2=products%20grid:p300339,1.0,42.0
Watermelon Glow Ultra-Fine Mist,Glow Recipe,moisturizing-cream-oils-mists,28.0,"Citrullus Lanatus Fruit Extract, Citrullus Lanatus Seed Oil, Oryza Sativa Germ Oil, Moringa Oleifera Seed Extract, Glycine Soja Sterols, Oryza Sativa Germ Extract, Cucurbita Pepo Seed Oil, Lithospermum Erythrorhizon Root Extract, Alkanna Tinctoria Root Extract, Hyaluronic Acid, Soy Amino Acids, Fructooligosaccharides, Centella Asiatica Extract, Hibiscus Sabdariffa Flower Extract, Natto Gum, Apple Cider Vinegar, Sorbitan Oleate, Scutellaria Baicalensis Root Extract, Paeonia Suffruticosa Root Extract, Glycyrrhiza Glabra Root Extract, BetaGlucan, Brassica Oleracea Capitata Leaf Extract, Ipomoea Batatas Root Extract, Fragrance",509,61716,2.53,0.0,https://www.sephora.com/product/watermelon-glow-ultra-fine-mist-P442744?icid2=products%20grid:p442744,2.53,11.067193675889328
Active Moist Moisturizer,Dermalogica,moisturizing-cream-oils-mists,66.0,Silk Amino Acids: Improve skin’s texture,35,4127,0.0,3.4,https://www.sephora.com/product/active-moist-P423142?icid2=products%20grid:p423142,3.4,19.411764705882355
Barrier+ Triple Lipid-Peptide Cream,Skinfix,moisturizing-cream-oils-mists,50.0,"Caprylic, Glycerin, Olus Oil, Butyrospermum Parkii Butter Extract, Cetyl Lactate, Propanediol, Caprylyl Caprylate, C1216 Alcohols, Jojoba Oil, Glyceryl Stearate Citrate, Palmitic Acid, Hydrogenated Lecithin, Ophiopogon Japonicus Root Extract, Tocopherol, Sodium Hyaluronate, Rosmarinus Officinalis Leaf Extract, Helianthus Annuus Extract, Phytosteryl Macadamiate, Phytosterols, Squalene, Aloe Barbadensis Leaf Juice, Oryza Sativa Bran Extract, Phytosteryl Canola Glycerides, Glycine Soja Seed Extract, Pentylene Glycol, Hydrolyzed Rice Protein, Hydrogenated Vegetable Oil, Chondrus Crispus Extract, Dilinoleic Acid, Ethylhexylglycerin, Phenoxyethanol, Potassium Sorbate, Trisodium Ethylenediamine Disuccinate, Citric Acid, Gluconolactone, Sodium Benzoate, Xanthan Gum",107,4521,1.7,0.0,https://www.sephora.com/product/barrier-lipid-peptide-cream-P442840?icid2=products%20grid:p442840,1.7,29.411764705882355
Honey Drop Lightweight Moisturizer,Farmacy,moisturizing-cream-oils-mists,45.0,"Caprylic, Glycerin, Olus Oil, Butyrospermum Parkii Butter Extract, Cetyl Lactate, Propanediol, Caprylyl Caprylate, C1216 Alcohols, Jojoba Oil, Glyceryl Stearate Citrate, Palmitic Acid, Hydrogenated Lecithin, Ophiopogon Japonicus Root Extract, Tocopherol, Sodium Hyaluronate, Rosmarinus Officinalis Leaf Extract, Helianthus Annuus Extract, Phytosteryl Macadamiate, Phytosterols, Squalene, Aloe Barbadensis Leaf Juice, Oryza Sativa Bran Extract, Phytosteryl Canola Glycerides, Glycine Soja Seed Extract, Pentylene Glycol, Hydrolyzed Rice Protein, Hydrogenated Vegetable Oil, Chondrus Crispus Extract, Dilinoleic Acid, Ethylhexylglycerin, Phenoxyethanol, Potassium Sorbate, Trisodium Ethylenediamine Disuccinate, Citric Acid, Gluconolactone, Sodium Benzoate, Xanthan Gum",732,39244,1.7,0.0,https://www.sephora.com/product/honey-drop-lightweight-moisturizer-with-echinacea-greenenvy-tm-P420698?icid2=products%20grid:p420698,1.7,26.470588235294123
Moisture Surge Intense Skin Fortifying Hydrator,CLINIQUE,moisturizing-cream-oils-mists,39.5,"Cyclopentasiloxane, Glycerin, Butylene Glycol, Dimethicone, Cetyl Ethylhexanoate, Squalane, Disteardimonium Hectorite, Peg, Lauryl Peg9 Polydimethylsiloxyethyl Dimethicone, Ahnfeltia Concinna Extract, Olea Europaea Fruit Extract, Caffeine, Whey Protein, Cholesterol, Sodium Hyaluronate, Petrolatum, Peg150, Sucrose, Pyridoxine Dipalmitate, Linoleic Acid, Tocopheryl Acetate, Citric Acid, Polysilicone11, Propylene Carbonate, Glyceryl Polymethacrylate, Peg8, Aloe Barbadensis Leaf Extract, Triticum Vulgare Bran Extract, Pentaerythrityl TetraDiTButyl Hydroxyhydrocinnamate, Palmitoyl Hexapeptide12, Sodium Citrate, Sodium Hexametaphosphate, Chlorphenesin, Phenoxyethanol",938,25274,0.0,1.7,https://www.sephora.com/product/moisture-surge-intense-for-very-dry-to-dry-combination-skin-P302901?icid2=products%20grid:p302901,1.7,23.235294117647058
CC+ Airbrush Perfecting Powder,IT Cosmetics,moisturizing-cream-oils-mists,35.0,"Mica, Titanium Dioxide, Zinc Oxide, Lauroyl Lysine, Zinc Stearate, Ethylhexyl Palmitate, Silica, Hydrolyzed Collagen, Hyaluronic Acid, Niacinamide, Palmitoyl Tripeptide1, Palmitoyl Tetrapeptide7, Serica, Tocopherol, Glycine Soja Oil, Retinyl Palmitate, Silica Dimethyl Silylate, Ascorbyl Palmitate, Aloe Barbadensis Leaf Extract, Camellia Oleifera Leaf Extract, Camellia Sinensis Leaf Extract, Carica Papaya Fruit Extract, Chamomilla Recutita Flower Extract, Olea Europaea Fruit Extract, Punica Granatum Extract, Rosa Canina Fruit Extract, Vitis Vinifera Seed Extract, Cholesteryl Chloride, Cholesteryl Nonanoate, Cholesteryl Oleyl Carbonate, Glycerin, Butylene Glycol, Carbomer, Polysorbate 20, Phenoxyethanol, Bht, ",263,33388,0.192,0.0,https://www.sephora.com/product/your-skin-but-better-cc-airbrush-perfecting-powder-spf-50-P411889?icid2=products%20grid:p411889,0.192,182.29166666666663
Royal Oil 1000mg Pure CBD Oil,Lord Jones,moisturizing-cream-oils-mists,100.0,"Broadspectrum CBD: A restorative, soothing adaptogen for all day, every day",43,7262,1.0,0.0,https://www.sephora.com/product/royal-oil-100-mg-cbd-P445464?icid2=products%20grid:p445464,1.0,100.0
Cream Skin Toner & Moisturizer,LANEIGE,moisturizing-cream-oils-mists,33.0,"Butylene Glycol, Glycerin, Limnanthes Alba Seed Oil, 12Hexanediol, Polyglyceryl 10 Stearate, Glyceryl Stearate Citrate, Sodium Stearoyl Glutamate, Inulin Lauryl Carbamate, Glyceryl Caprylate, Ethylhexylglycerin, Propanediol, Disodium Edta, Camellia Sinensis Leaf Extract, Tocopherol",1000,20945,5.0,0.0,https://www.sephora.com/product/cream-skin-toner-moisturizer-P446930?icid2=products%20grid:p446930,5.0,6.6
Whipped Argan Oil Face Butter,Josie Maran,moisturizing-cream-oils-mists,42.0,NATURA,805,31453,1.7,0.0,https://www.sephora.com/product/whipped-argan-oil-face-butter-P404338?icid2=products%20grid:p404338,1.7,24.705882352941174
Cold Plasma Sub-D Firming Neck Treatment,Perricone MD,moisturizing-cream-oils-mists,135.0,"Glycolic Acid, LTyrosine, Dimethyl MEA, Isopropyl Palmitate, Acetyl Carnitine HCl, Arginine, Cetearyl Alcohol, Glyceryl Stearate, PEG100 Stearate, Phosphatidylcholine, Thioctic Acid, Rosa Moschata Seed Oil, Vaccinium Macrocarpon Seed Oil, Ceteareth20, Caffeine, Dimethicone, BHT, Saccaromyces Ferment, Magnesium Aspartate, Zinc Gluconate, Phenoxyethanol, Rhodiola Rosea Root Extract, Caprylyl Glycol, Phytic Acid, Carnosine, Disodium EDTA, Elaeis Guineensis Oil, Astaxanthin, Copper Gluconate, Tocotrienols, Sorbic Acid, Parfum, Limonene, Tocopherol, Sodium Hyaluronate, Linalool, Alanyl Glutamine",267,9679,0.0,2.0,https://www.sephora.com/product/cold-plasma-sub-d-anti-aging-neck-treatment-P270714?icid2=products%20grid:p270714,2.0,67.5
The Indigo Cream Soothing Skin Protectant,Tatcha,moisturizing-cream-oils-mists,85.0,"Squalane, Dimethicone, Propanediol, Glycerin, Diisostearyl Malate, Oryza Sativa Bran Wax, Behenyl Alcohol, Saccharomyces, Indigofera Tinctoria Leaf Extract, Polygonum Tinctorium Leaf, Avena Sativa Kernel Extract, Sophora Japonica Flower Extract, Oryza Sativa Germ Oil, Cocos Nucifera Oil, Inositol, Sericin, Tetrasodium Tetracarboxymethyl Naringeninchalcone, Amorphophallus Konjac Root Powder, Sodium Hyaluronate, Sorbitan Tristearate, Trihydroxystearin, Dimethicone, Beheneth20, BisDiglyceryl Polyacyladipate2, Ethylhexylglycerin, Butylene Glycol, Sodium Dilauramidoglutamide Lysine, Disodium Edta, Ethylhexyl Palmitate, Sodium Acrylate, Phenoxyethanol, Titanium Dioxide, Tin Oxide, Mica",151,14961,1.7,0.0,https://www.sephora.com/product/the-indigo-cream-soothing-skin-protectant-P434556?icid2=products%20grid:p434556,1.7,50.0
Celery Green Cream with Hyaluronic Acid + Peptides,Volition Beauty,moisturizing-cream-oils-mists,55.0,"Squalane, Dimethicone, Propanediol, Glycerin, Diisostearyl Malate, Oryza Sativa Bran Wax, Behenyl Alcohol, Saccharomyces, Indigofera Tinctoria Leaf Extract, Polygonum Tinctorium Leaf, Avena Sativa Kernel Extract, Sophora Japonica Flower Extract, Oryza Sativa Germ Oil, Cocos Nucifera Oil, Inositol, Sericin, Tetrasodium Tetracarboxymethyl Naringeninchalcone, Amorphophallus Konjac Root Powder, Sodium Hyaluronate, Sorbitan Tristearate, Trihydroxystearin, Dimethicone, Beheneth20, BisDiglyceryl Polyacyladipate2, Ethylhexylglycerin, Butylene Glycol, Sodium Dilauramidoglutamide Lysine, Disodium Edta, Ethylhexyl Palmitate, Sodium Acrylate, Phenoxyethanol, Titanium Dioxide, Tin Oxide, Mica",337,10349,1.7,0.0,https://www.sephora.com/product/celery-green-cream-with-hyaluronic-acid-peptides-P446929?icid2=products%20grid:p446929,1.7,32.35294117647059
Original Skin™ Matte Moisturizer with Willowherb,Origins,moisturizing-cream-oils-mists,36.0,"Squalane, Dimethicone, Propanediol, Glycerin, Diisostearyl Malate, Oryza Sativa Bran Wax, Behenyl Alcohol, Saccharomyces, Indigofera Tinctoria Leaf Extract, Polygonum Tinctorium Leaf, Avena Sativa Kernel Extract, Sophora Japonica Flower Extract, Oryza Sativa Germ Oil, Cocos Nucifera Oil, Inositol, Sericin, Tetrasodium Tetracarboxymethyl Naringeninchalcone, Amorphophallus Konjac Root Powder, Sodium Hyaluronate, Sorbitan Tristearate, Trihydroxystearin, Dimethicone, Beheneth20, BisDiglyceryl Polyacyladipate2, Ethylhexylglycerin, Butylene Glycol, Sodium Dilauramidoglutamide Lysine, Disodium Edta, Ethylhexyl Palmitate, Sodium Acrylate, Phenoxyethanol, Titanium Dioxide, Tin Oxide, Mica",2000,46364,0.0,1.7,https://www.sephora.com/product/original-skin-matte-moisturizer-with-willowherb-P422536?icid2=products%20grid:p422536,1.7,21.176470588235293
Cicapair™ Tiger Grass Cream,Dr. Jart+,moisturizing-cream-oils-mists,48.0,"Squalane, Dimethicone, Propanediol, Glycerin, Diisostearyl Malate, Oryza Sativa Bran Wax, Behenyl Alcohol, Saccharomyces, Indigofera Tinctoria Leaf Extract, Polygonum Tinctorium Leaf, Avena Sativa Kernel Extract, Sophora Japonica Flower Extract, Oryza Sativa Germ Oil, Cocos Nucifera Oil, Inositol, Sericin, Tetrasodium Tetracarboxymethyl Naringeninchalcone, Amorphophallus Konjac Root Powder, Sodium Hyaluronate, Sorbitan Tristearate, Trihydroxystearin, Dimethicone, Beheneth20, BisDiglyceryl Polyacyladipate2, Ethylhexylglycerin, Butylene Glycol, Sodium Dilauramidoglutamide Lysine, Disodium Edta, Ethylhexyl Palmitate, Sodium Acrylate, Phenoxyethanol, Titanium Dioxide, Tin Oxide, Mica",1000,41452,1.69,0.0,https://www.sephora.com/product/cicapair-tiger-grass-cream-P411539?icid2=products%20grid:p411539,1.69,28.402366863905325
Grape Water,Caudalie,moisturizing-cream-oils-mists,10.0,"Vitis Vinifera Fruit Vitis Vinifera Juice, Nitrogen Plant origin",1000,91104,0.0,2.5,https://www.sephora.com/product/grape-water-P12045?icid2=products%20grid:p12045,2.5,4.0
Argan Daily Moisturizer SPF 47 ,Josie Maran,moisturizing-cream-oils-mists,34.0,Natural,1000,36992,0.0,2.0,https://www.sephora.com/product/argan-daily-moisturizer-spf-47-P385679?icid2=products%20grid:p385679,2.0,17.0
High-Potency Night-a-Mins™ Resurfacing Cream with Fruit-Derived AHAs,Origins,moisturizing-cream-oils-mists,46.0,essential oil,1000,10191,1.7,0.0,https://www.sephora.com/product/high-potency-night-a-mins-tm-resurfacing-cream-with-fruit-derived-ahas-P434360?icid2=products%20grid:p434360,1.7,27.058823529411764
Squalane + Tea Tree Balancing Oil,Biossance,moisturizing-cream-oils-mists,49.0,essential oil,425,15983,1.01,0.0,https://www.sephora.com/product/squalane-tea-tree-balancing-oil-P442551?icid2=products%20grid:p442551,1.01,48.514851485148505
Dynamic Skin Recovery SPF50 Moisturizer,Dermalogica,moisturizing-cream-oils-mists,75.0,"Ethylhexyl Methoxycinnamate, Butylene Glycol, Carthamus Tinctorius Oleosomes, C1215 Alkyl Benzoate, Cyclopentasiloxane, Glycerin, Butyl Methoxydibenzoylmethane, Dimethicone, Dimethyl Capramide, Palmitoyl Tripeptide5, Aniba Rosaeodora Wood Oil, Rose Flower Oil, Pelargonium Graveolens Flower Oil, Helianthus Annuus Seed Oil, Eugenia Caryophyllus Leaf, Citrus Medica Limonum Peel Oil, Saccharomyces Cerevisiae Extract, Citrus Medica Limonum Peel Extract, Camellia Sinensis Leaf Extract, Algae Extract, Dipotassium Glycyrrhizate, Lecithin, Glucosamine HCL, Arginine, Tocopheryl Acetate, Squalane, Sodium Hyaluronate, Polysilicone11, Glycine Soja Protein, 12Hexanediol, Caprylic, Cetearyl Alcohol, Stearic Acid, Ceteareth20, Sodium Polyacrylate, Hydroxyethyl Acrylate, Sodium Acrylates Copolymer, Decyl Glucoside, Polysorbate 80, Urea, Galactoarabinan, Glyceryl Polyacrylate, Polysorbate 60, Aminomethyl Propanol, Disodium EDTA, Phenoxyethanol, Ethylhexylglycerin, Linalool, Eugenol, Limonene, Geraniol, Citronellol, CI 77891",118,5412,1.7,0.0,https://www.sephora.com/product/dynamic-skin-recovery-spf50-P443354?icid2=products%20grid:p443354,1.7,44.11764705882353
SEA drink of H2O hydrating boost moisturizer,tarte,moisturizing-cream-oils-mists,39.0,"Butylene Glycol, Dimethicone, Glycerin, Hydroxyethyl Acrylate, Squalane, Phenoxyethanol, Ammonium Acryloyldimethyltaurate, Polysorbate 60, Caprylyl Glycol, Enteromorpha Compressa Extract, Citrus Aurantium Dulcis Peel Oil, Disodium EDTA, Propanediol, Sea Salt Extract, Hexylene Glycol, Lavandula Angustifolia Oil, Phospholipids, Stearoyl Inulin, Cocos Nucifera Oil, Hyaluronic Acid, Silanetriol, Limonene, Citric Acid, Sorbic Acid, Sodium Anisate, Sodium Levulinate, Linalool, Potassium Sorbate, Sodium Benzoate, Helianthus Annuus Seed Oil, Tocopherol, Algae Extract, Gardenia Taitensis Flower Extract, Blue 1",1000,65666,0.0,1.7,https://www.sephora.com/product/sea-drink-h2o-hydrating-boost-moisturizer-P405599?icid2=products%20grid:p405599,1.7,22.94117647058824
Lapis Balancing Facial Oil,Herbivore,moisturizing-cream-oils-mists,72.0,"Amaranthus Squalane Oil, Simmondsia Chinensis Seed Oil, Capric Triglycerides, Aleurites Moluccana Nut Oil, Tocopherol, Tanacetum Annuum Leaf Oil, Jasminum Sambac Absolute, Rosa Damascena Absolute",699,44878,1.7,0.0,https://www.sephora.com/product/lapis-oil-balancing-facial-oil-P400203?icid2=products%20grid:p400203,1.7,42.352941176470594
Vinosource SOS Intense Hydration Moisturizer,Caudalie,moisturizing-cream-oils-mists,42.0,"Glycerin, Squalane, Ethylhexyl Cocoate, Ethylhexyl Palmitate, Cetearyl Alcohol, Vitis Vinifera Fruit Borago Officinalis Seed Oil, Potassium Cetyl Phosphate, CocoCaprylate, Cetearyl Wheat Straw Glycosides, Caprylic, Palmitoyl Grape Seed Extract, Vitis Vinifera Juice, Crithmum Maritimum Extract, Sodium Carboxymethyl BetaGlucan, Sodium Hyaluronate, Oleyl Alcohol, Cetearyl Glucoside, Hydrogenated Olive Oil Stearyl Esters, Parfum, Tocopheryl Acetate, Carbomer, Caprylyl Glycol, Hydrogenated Vegetable Oil, Helianthus Annuus Seed Oil, Citric Acid, Sodium Hydroxide, Tocopherol, Acrylates, Potassium Sorbate, Sodium Benzoate",232,15683,0.0,1.6,https://www.sephora.com/product/vinosource-sos-deep-hydration-moisturizer-P442852?icid2=products%20grid:p442852,1.6,26.25
Nourishing Moisturizer - Hydrate & Repair,SEPHORA COLLECTION,moisturizing-cream-oils-mists,17.0,"CocoCaprylate, Isononyl Isononanoate, C1018 Triglycerides, Decyl Oleate, Isostearyl Isostearate, Glyceryl Oleate Citrate, Stearyl Heptanoate, Hydroxypropyl Starch Phosphate, Cetearyl Glucoside, Glyceryl Stearate, Sorbitan Olivate, Stearyl Caprylate, Hydroxyethyl Acrylate, Persea Gratissima Oil, Rosa Rubiginosa Seed Oil, Sclerocarya Birrea Seed Oil, Cetearyl Alcohol, Squalane, Hydroxyacetophenone, Carbomer, Hydrogenated Rapeseed Oil, Fragrance, Tocopherol, Butylene Glycol, Gellan Gum, 12Hexanediol, Caprylyl Glycol, OCymen5Ol, Sodium Hydroxide, Sodium Polyacrylate, Polysorbate 60, Helianthus Annuus Seed Oil, Sorbitan Isostearate, Sodium Chloride, Citric Acid",402,22919,0.0,0.0,https://www.sephora.com/product/nourishing-moisturizer-hydrate-repair-P438620?icid2=products%20grid:p438620,2.0629276649746324,8.2407155076904
C.E.O Glow Vitamin C + Turmeric Face Oil,SUNDAY RILEY,moisturizing-cream-oils-mists,40.0,"Rubus Idaeus Seed Oil, Neopentyl Glycol Diethylhexanoate, Caprylyl Caprylate, Simmondsia Chineses Seed Oil, Vaccinium Macrocarpon Seed Oil, Punica Granatum Seed Oil, Cucumis Sativus Seed Oil, Oenothera Biennis Seed, Tetrahexyldecyl Ascorbate, Octyldodecanol, Curcuma Longa Root Extract, Helianthus Annuus Seed Oil Unsaponifiables, Citrus Aurantium Amara Flower Oil, Eclipta Prostrata Extract, Melia Azadirachta Leaf Extract, Moringa Oleifera Seed Oil, Tocopherol, Helianthus Annuus Seed Oil, Pentylene Glycol, 4tButylcyclohexanol, Ribes Nigrum Seed Oil, Bisabolol, Cetylhydroxyproline Palmitamide, Hexyldecanol, Hydroxyphenyl Propamidobenzoic Acid, Stearic Acid, Brassica Campestris Sterols, Cardiospermum Halicacabum Flower, Zingiber Officinale, Rosemarinus Officinalis Leaf Extract",265,23021,0.0,0.5,https://www.sephora.com/product/c-e-o-glow-vitamin-c-turmeric-face-oil-P442761?icid2=products%20grid:p442761,0.5,80.0
Micro Essence Skin Activating Treatment Lotion,Estée Lauder,moisturizing-cream-oils-mists,100.0,"Bifida Ferment Lysate, Peg75, Propanediol, Butylene Glycol, Betaine, Pentylene Glycol, Lactobacillus Ferment, Acetyl Hexapeptide8, Acetyl Glucosamine, Trehalose, Caffeine, Sodium Hyaluronate, Anthemis Nobilis, Caprylyl Glycol, Carbomer, Ppg5Ceteth20, Citric Acid, Potassium Sorbate, Sodium Citrate, Tromethamine, Disodium Edta, Phenoxyethanol",62,17981,0.0,5.0,https://www.sephora.com/product/micro-essence-skin-activating-treatment-lotion-P387619?icid2=products%20grid:p387619,5.0,20.0
Redness Solutions with Probiotic Technology Daily Relief Cream,CLINIQUE,moisturizing-cream-oils-mists,49.5,"Bifida Ferment Lysate, Peg75, Propanediol, Butylene Glycol, Betaine, Pentylene Glycol, Lactobacillus Ferment, Acetyl Hexapeptide8, Acetyl Glucosamine, Trehalose, Caffeine, Sodium Hyaluronate, Anthemis Nobilis, Caprylyl Glycol, Carbomer, Ppg5Ceteth20, Citric Acid, Potassium Sorbate, Sodium Citrate, Tromethamine, Disodium Edta, Phenoxyethanol",543,13748,1.7,0.0,https://www.sephora.com/product/redness-solutions-daily-relief-cream-P201440?icid2=products%20grid:p201440,1.7,29.117647058823533
GENIUS Ultimate Anti-Aging Cream,Algenist,moisturizing-cream-oils-mists,112.0,"Water, Caprylic, Hydrogenated Polyisobutene, Glycerin, Chlorella Protothecoides Oil, Dimethicone, Butylene Glycol, Glyceryl Stearate, PEG100 Stearate, Butyrospermum Parkii Butter, Pentylene Glycol, Potassium Cetyl Phosphate, Parachlorella Beijerinckii Exopolysaccharides, Collagen, Ceramide NP, Cynara Scolymus Leaf Extract, Retinyl Palmitate, Astragalus Membranaceus Root Extract, Atractylodes Macrocephala Root Extract, Iris Florentina Root Extract, Bupleurum Falcatum Root Extract, Copper Lysinate, Methylglucoside Phosphate, Stearalkonium Bentonite, Acrylates, Silica, Caprylyl Glycol, Sodium Hydroxide, Disodium EDTA, Ethylhexylglycerin, Cetyl Alcohol, Propylene Carbonate, Quartz, Phenoxyethanol, Leuconostoc, Chlorphenesin, Fragrance, Coumarin",459,15874,0.0,2.0,https://www.sephora.com/product/genius-ultimate-anti-aging-cream-P384537?icid2=products%20grid:p384537,2.0,56.0
Rose Gold Elixir – 24k Gold Infused Beauty Oil,FARSÁLI,moisturizing-cream-oils-mists,54.0,"Rosa Rubiginosa Seed Oil, Carthamus Tinctorius Seed Oil, Cucurbita Pepo Seed Oil, Gold, Cymbopogon Flexuosus Oil, Citrus Aurantium Dulcis Peel Oil, Tocopheryl Acetate",1000,115958,0.0,1.0,https://www.sephora.com/product/rose-gold-elixir-P417139?icid2=products%20grid:p417139,1.0,54.0
Moisture Surge CC Cream Hydrating Colour Corrector Broad Spectrum SPF 30,CLINIQUE,moisturizing-cream-oils-mists,39.5,"Squalane, Octyldodecyl Neopentanoate, Butylene Glycol, Propanediol, Glyceryl Stearate, Behenyl Alcohol, Peg40 Stearate, Polyglyceryl10 Pentastearate, Aloe Barbadensis Leaf Thermus Thermophillus Ferment, Trehalose, Caffeine, Glycerin, Linoleic Acid, Lecithin, Stearic Acid, Hydrogenated Lecithin, Sorbitol, Polyglyceryl6 Polyricinoleate, Tocopheryl Acetate, Ammonium Acryloyldimethyltaurate, Sodium Stearoyl Lactylate, Sodium Hyaluronate, Tetrahexyldecyl Ascorbate, Pentaerythrityl TetraDiTButyl Hydroxyhydrocinnamate, Isopropyl Titanium Triisostearate, Synthetic Fluorphlogopite, Xanthan Gum, Silica, Alumina, Sodium Dehydroacetate, Tin Oxide, Disodium Edta, Phenoxyethanol, ",752,29600,1.4,0.0,https://www.sephora.com/product/moisture-surge-cc-cream-hydrating-colour-corrector-broad-spectrum-spf-30-P378639?icid2=products%20grid:p378639,1.4,28.214285714285715
Renewed Hope in A Jar Facial Moisturizer,philosophy,moisturizing-cream-oils-mists,39.0,Hyaluronate,562,34274,0.0,2.0,https://www.sephora.com/product/renewed-hope-in-jar-refreshing-refining-moisturizer-P392232?icid2=products%20grid:p392232,2.0,19.5
"Facial Spray with Aloe, Herbs and Rosewater",Mario Badescu,moisturizing-cream-oils-mists,12.0,"Propylene Glycol, Aloe Barbadensis Leaf Juice, Rosa Canina Extract, Thymus Vulgaris Leaf Extract, Fucus Vesiculosus Extract, Gardenia Florida Fruit Extract, Caprylyl Glycol, Hexylene Glycol, Polysorbate 20, Fragrance, Phenoxyethanol, Sodium Chloride, Citronellol, Geraniol, CI 17200, CI 42090",178,25792,0.0,8.0,https://www.sephora.com/product/mario-badescu-facial-spray-with-aloe-herbs-rosewater-P440482?icid2=products%20grid:p440482,8.0,1.5
Seaberry Moisturizing Face Oil,Fresh,moisturizing-cream-oils-mists,53.0,"Vitis Vinifera Seed Oil, Camellia Oleifera Seed Oil, Prunus Amygdalus Dulcis Oil, Hippophae Rhamnoides Oil, Rosmarinus Officinalis LeafExtract, Vaccinium Macrocarpon Seed Oil, Tocopheryl Acetate, Tocopherol, Ascorbyl Tetraisopalmitate, Parfum, BHT, Linalool, Limonene, Citral, Coumarin, Geraniol",1000,51190,0.0,1.6,https://www.sephora.com/product/seaberry-moisturizing-face-oil-P374948?icid2=products%20grid:p374948,1.6,33.125
Water Bank Hydro Gel,LANEIGE,moisturizing-cream-oils-mists,38.0,"Propanediol, Glycerin, Methyl Trimethicone, Phenyl Trimethicone, Caprylyl Methicone, 12Hexanediol, Dicaprylyl Carbonate, Sea Water, Saccharide Isomerate, Hydrogenated Lecithin, Ammonium Acryloyldimethyltaurate, Hydrogenated Polyisobutene, Hydroxyethyl Acrylate, Cetearyl Alcohol, Butylene Glycol, Fragrance, Glyceryl Caprylate, Glyceryl Stearate, Stearic Acid, Ethylhexylglycerin, Disodium Edta, Acrylates, Tromethamine, Sorbitan Isostearate, Polyglyceryl3 Methylglucose Distearate, Hyaluronic Acid, Magnesium Sulfate, Calcium Chloride, Linalool, Sodium Citrate, Citric Acid, Hexyl Cinnamal, Benzyl Salicylate, Butylphenyl Methylpropional, Limonene, Beta Vulgaris Root Extract, Geraniol, Citronellol, AlphaIsomethyl Ionone, Manganese Sulfate, Chenopodium Quinoa Seed Extract, Tocopherol, Zinc Sulfate, Lecithin, Brassica Oleracea Acephala Leaf Extract, Nasturtium Officinale Extract, Glycine Soja Oil, Lepidium Sativum Sprout Extract, Ascorbyl Glucoside",241,6050,1.6,0.0,https://www.sephora.com/product/water-bank-hydro-gel-P448188?icid2=products%20grid:p448188,1.6,23.75
Charlotte's Magic Cream Mini,Charlotte Tilbury,moisturizing-cream-oils-mists,29.0,"Homosalate, Glyceryl Stearate Se, Ethylhexyl Salicylate, Butylene Glycol, Glycerin, Butyl Methoxydibenzoylmethane, Octocrylene, Cetyl Alcohol, C1215 Alkyl Benzoate, Cyclopentasiloxane, Dimethicone, Phenoxyethanol, Butyrospermum Parkii, Steareth21, Avena Sativa Kernel Extract, Carbomer, Dimethiconol, Potassium Cetyl Phosphate, Chlorphenesin, Caprylyl Glycol, Xanthan Gum, Hydrolyzed Viola Tricolor Extract, Allantoin, Aloe Barbadensis Leaf Juice, Disodium Edta, Tocopheryl Acetate, Camellia Oleifera Seed Oil, Rosa Canina Fruit Oil, Rosa Damascena Extract, Sodium Hydroxide, Helianthus Annuus Seed Oil, Michelia Alba Leaf Oil, Sodium Lactate, CocoGlucoside, Peg8, Ethylhexylglycerin, Sodium Hyaluronate, Tocopherol, Palmitoyl Tetrapeptide7, Palmitoyl Tripeptide1, Ascorbyl Palmitate, Plumeria Rubra Flower Extract, Ascorbic Acid, Citric Acid, Nicotiana Sylvestris Leaf Cell Culture, Linalool, Citronellol, Geraniol",52,11491,0.0,0.5,https://www.sephora.com/product/charlotte-s-magic-cream-mini-P435975?icid2=products%20grid:p435975,0.5,58.0
Capture Dreamskin Care & Perfect,Dior,moisturizing-cream-oils-mists,150.0,"Homosalate, Glyceryl Stearate Se, Ethylhexyl Salicylate, Butylene Glycol, Glycerin, Butyl Methoxydibenzoylmethane, Octocrylene, Cetyl Alcohol, C1215 Alkyl Benzoate, Cyclopentasiloxane, Dimethicone, Phenoxyethanol, Butyrospermum Parkii, Steareth21, Avena Sativa Kernel Extract, Carbomer, Dimethiconol, Potassium Cetyl Phosphate, Chlorphenesin, Caprylyl Glycol, Xanthan Gum, Hydrolyzed Viola Tricolor Extract, Allantoin, Aloe Barbadensis Leaf Juice, Disodium Edta, Tocopheryl Acetate, Camellia Oleifera Seed Oil, Rosa Canina Fruit Oil, Rosa Damascena Extract, Sodium Hydroxide, Helianthus Annuus Seed Oil, Michelia Alba Leaf Oil, Sodium Lactate, CocoGlucoside, Peg8, Ethylhexylglycerin, Sodium Hyaluronate, Tocopherol, Palmitoyl Tetrapeptide7, Palmitoyl Tripeptide1, Ascorbyl Palmitate, Plumeria Rubra Flower Extract, Ascorbic Acid, Citric Acid, Nicotiana Sylvestris Leaf Cell Culture, Linalool, Citronellol, Geraniol",160,17022,0.0,1.6,https://www.sephora.com/product/capture-totale-dreamskin-advanced-P415619?icid2=products%20grid:p415619,1.6,93.75
The Moisturizing Cool Gel Cream,La Mer,moisturizing-cream-oils-mists,180.0,"Water\Aqua\Eau, Cyclopentasiloxane, Algae Extract, Glycerin, Cyclohexasiloxane, Butylene Glycol, Dimethicone, Ammonium Acryloyldimethyltaurate, Citrus Aurantifolia Peel Extract, Octyldodecyl Stearoyl Stearate, Limnanthes Alba Seed Oil, Sesamum Indicum Seed Oil, Medicago Sativa Seed Powder, Helianthus Annuus Seedcake, Prunus Amygdalus Dulcis Seed Meal, Eucalyptus Globulus Leaf Oil, Sodium Gluconate, Copper Gluconate, Calcium Gluconate, Magnesium Gluconate, Zinc Gluconate, Tocopheryl Succinate, Niacin, Sesamum Indicum Seed Powder, Hypnea Musciformis Extract, Sigesbeckia Orientalis Extract, Acetyl Hexapeptide8, Sorbitol, Palmitoyl Hexapeptide12, Gellidiella Acerosa Extract, Chondrus Crispus Extract, Niacinamide, Sucrose, Laminaria Digitata Extract, Peg8, Sodium Hyaluronate, Squalane, Trehalose, Saccharide Isomerate, Oleth10, Tocopheryl Acetate, Caffeine, Glyceryl Polymethacrylate, Alcohol Denat, Hydrogenated Lecithin, Fragrance, Disodium Edta, Bht, Linalool, Hydroxycitronellal, Citronellol, Geraniol, Limonene, Potassium Sorbate, Phenoxyethanol",70,6117,0.0,1.0,https://www.sephora.com/product/the-moisturizing-cool-gel-cream-P429637?icid2=products%20grid:p429637,1.0,180.0
Dr. Andrew Weil For Origins™ Mega-Bright SPF 30 Skin Tone Correcting Oil-Free Moisturizer,Origins,moisturizing-cream-oils-mists,59.0,"Water\Aqua\Eau, Cyclopentasiloxane, Algae Extract, Glycerin, Cyclohexasiloxane, Butylene Glycol, Dimethicone, Ammonium Acryloyldimethyltaurate, Citrus Aurantifolia Peel Extract, Octyldodecyl Stearoyl Stearate, Limnanthes Alba Seed Oil, Sesamum Indicum Seed Oil, Medicago Sativa Seed Powder, Helianthus Annuus Seedcake, Prunus Amygdalus Dulcis Seed Meal, Eucalyptus Globulus Leaf Oil, Sodium Gluconate, Copper Gluconate, Calcium Gluconate, Magnesium Gluconate, Zinc Gluconate, Tocopheryl Succinate, Niacin, Sesamum Indicum Seed Powder, Hypnea Musciformis Extract, Sigesbeckia Orientalis Extract, Acetyl Hexapeptide8, Sorbitol, Palmitoyl Hexapeptide12, Gellidiella Acerosa Extract, Chondrus Crispus Extract, Niacinamide, Sucrose, Laminaria Digitata Extract, Peg8, Sodium Hyaluronate, Squalane, Trehalose, Saccharide Isomerate, Oleth10, Tocopheryl Acetate, Caffeine, Glyceryl Polymethacrylate, Alcohol Denat, Hydrogenated Lecithin, Fragrance, Disodium Edta, Bht, Linalool, Hydroxycitronellal, Citronellol, Geraniol, Limonene, Potassium Sorbate, Phenoxyethanol",182,16494,1.7,0.0,https://www.sephora.com/product/dr-andrew-weil-for-origins-mega-bright-spf-30-skin-tone-correcting-oil-free-moisturizer-P385253?icid2=products%20grid:p385253,1.7,34.70588235294117
Hello FAB Coconut Water Cream,First Aid Beauty,moisturizing-cream-oils-mists,34.0,"Cocos Nucifera Fruit Juice, Glucose, Maltodextrin, Aqua, Dimethicone, Cyclopentasiloxane, Sodium Acrylate, Cocos Nucifera Fruit Extract, Alteromonas Ferment Filtrate, Pyrus Malus Fruit Extract, Prunus Armeniaca Fruit Extract, Vanilla Planifolia Fruit Extract, Sodium Hyaluronate, Sea Salt, Lycium Barbarum Fruit Extract, Glycyrrhiza Glabra Root Extract, Chrysanthemum Parthenium Extract, Camellia Sinensis Leaf Extract, Dipteryx Odorata Seed Extract, Coffea Arabica Seed Extract, Caprylyl Glycol, Caprylic, Butylene Glycol, Hydrogenated Polydecene, Dimethicone Crosspolymer, Dipropylene Glycol, Cetyl Diglyceryl Trissilylethyl Dimethicone, Phenoxyethanol, Laureth8",671,31468,1.7,0.0,https://www.sephora.com/product/coconut-water-cream-P426707?icid2=products%20grid:p426707,1.7,20.0
Double-Duty Face Moisturizer Broad Spectrum SPF 20,Jack Black,moisturizing-cream-oils-mists,28.0,"Cocos Nucifera Fruit Juice, Glucose, Maltodextrin, Aqua, Dimethicone, Cyclopentasiloxane, Sodium Acrylate, Cocos Nucifera Fruit Extract, Alteromonas Ferment Filtrate, Pyrus Malus Fruit Extract, Prunus Armeniaca Fruit Extract, Vanilla Planifolia Fruit Extract, Sodium Hyaluronate, Sea Salt, Lycium Barbarum Fruit Extract, Glycyrrhiza Glabra Root Extract, Chrysanthemum Parthenium Extract, Camellia Sinensis Leaf Extract, Dipteryx Odorata Seed Extract, Coffea Arabica Seed Extract, Caprylyl Glycol, Caprylic, Butylene Glycol, Hydrogenated Polydecene, Dimethicone Crosspolymer, Dipropylene Glycol, Cetyl Diglyceryl Trissilylethyl Dimethicone, Phenoxyethanol, Laureth8",366,15396,0.0,3.3,https://www.sephora.com/product/double-duty-face-moisturizer-broad-spectrum-spf-20-P40629?icid2=products%20grid:p40629,3.3,8.484848484848484
THIRSTYMUD™ Hydrating Treatment Mask,GLAMGLOW,moisturizing-cream-oils-mists,59.0,"Caprylic, Glycerin, Butylene Glycol, Cyclopentasiloxane, Glyceryl Polymethacrylate, Pyrus Malus Fruit Extract, Peg8, Glyceryl Stearate, Peg100 Stearate, Cetearyl Alcohol, Sodium Polyacryloyldimethyl Taurate, Saccharide Isomerate, Caprylyl Glycol, Olea Europaea Leaf Powder, Avena Sativa Bran Extract, Hydrogenated Polydecene, Polysorbate 60, Cetyl Alcohol, Zingiber Officinale Root Extract, Menthoxypropanediol, Honey, Aminomethyl Propanol, Camellia Sinensis Leaf Powder, Acrylates, Ethylhexylglycerin, Tocopheryl Acetate, Allantoin, Kaolin, Hexylene Glycol, Buteth3, Trideceth10, Benzophenone4, Sodium Benzotriazolyl Butylphenol Sulfonate, Cocos Nucifera Fruit Extract, Sodium Hyaluronate, Alcohol, Tris Citrate, Fragrance, Coumarin, Linalool, Tetrahexyldecyl Ascorbate, Disodium Edta, Sodium Benzoate, Potassium Sorbate, Phenoxyethanol",1000,99256,0.0,1.7,https://www.sephora.com/product/thirstymud-tm-hydrating-treatment-P384782?icid2=products%20grid:p384782,1.7,34.70588235294117
100% Organic Cold-Pressed Moroccan Argan Oil,The Ordinary,moisturizing-cream-oils-mists,6.8,Argania Spinosa Kernel Oil,63,15922,1.0,0.0,https://www.sephora.com/product/100-organic-cold-pressed-moroccan-argan-oil-P447596?icid2=products%20grid:p447596,1.0,6.8
Bio-Performance Advanced Super Revitalizing Cream,Shiseido,moisturizing-cream-oils-mists,82.0,"Glycerin, Cyclomethicone, Butylene Glycol, Dimethicone, Cetyl Octanoate, Squalane, Dimethicone Copolyol, Disteardimonium Hectorite, Hydrogenated C6-14 Olefin Polymers, PEG-150, Mortierella Oil, Phytosteryl Macadamiate, Tocopheryl Acetate, Stearyl Glycyrrhetinate, Arginine HCI, PEG-60 Hydrogenated Castor Oil, Sodium Glutamate, Disodium Adenosine Triphosphate, Saccharomyces Lysate Extract, Sodium Acetylated Hyaluronate, Rosa Roxburghii Extract, Octyl Methoxycinnamate, Agar, Sodium Hexametaphosphate, Trisodium EDTA, Tocopherol, BHT, Ethylparaben, Butylparaben, Methylparaben, Fragrance, Iron Oxides",345,17444,0.0,1.7,https://www.sephora.com/product/bio-performance-advanced-super-revitalizing-cream-P173652?icid2=products%20grid:p173652,1.7,48.235294117647065
Resveratrol Lift Night Infusion Cream,Caudalie,moisturizing-cream-oils-mists,76.0,"Glycerin, Butylene Glycol, Isononyl Isononanoate, Caprylic, Cetearyl Alcohol, Hydrogenated Vegetable Oil, Vitis Vinifera Seed Oil, Peg20 Stearate, Squalane, Citrus Aurantium Amara Flower Butyrospermum Parkii Butter Extract, Carbomer, Palmitoyl Grapevine Shoot Extract, Parfum, Caprylyl Glycol, Potassium Sorbate, Polyglyceryl10 Pentaoleate, Palmitoyl Grape Seed Extract, Xanthan Gum, Tocopheryl Acetate, Sodium Hydroxide, Verbena Officinalis Extract, Tilia Cordata Extract, Ceramide 3, Sodium Hyaluronate, Acrylates, Sodium Carboxymethyl BetaGlucan, Tocopherol, Helianthus Annuus Seed Oil, Linalool, Limonene, Coumarin, Butylphenyl Methylpropional Plant Origin",76,8989,1.7,0.0,https://www.sephora.com/product/resveratrol-lift-night-infusion-cream-P400609?icid2=products%20grid:p400609,1.7,44.70588235294118
100% Sugarcane Squalane,Biossance,moisturizing-cream-oils-mists,32.0,Squalane Oil,254,28121,0.0,3.4,https://www.sephora.com/product/100-squalane-oil-P416564?icid2=products%20grid:p416564,3.4,9.411764705882351
Juno Antioxidant + Superfood Face Oil,SUNDAY RILEY,moisturizing-cream-oils-mists,72.0,"Rubus Fruticosus Seed Oil, Vaccinium Corymbosum Seed Oil, Vitis Vinifera Seed Oil, Vaccinium Macrocarpon Seed Oil, Rubus Idaeus Seed Oil, Daucus Carota Sativa Seed Oil, Nigella Sativa Seed Oil, Brassica Oleracea Italic Seed Oil, Limnanthes Alba Seed Oil",445,48449,0.0,1.18,https://www.sephora.com/product/juno-hydroactive-cellular-face-oil-P309306?icid2=products%20grid:p309306,1.18,61.016949152542374
Magic Cream Moisturizer - Lunar New Year Limited Edition,Charlotte Tilbury,moisturizing-cream-oils-mists,100.0,"Homosalate, Glyceryl Stearate Se, Ethylhexyl Salicylate, Butylene Glycol, Glycerin, Butyl Methoxydibenzoylmethane, Octocrylene, Cetyl Alcohol, C1215 Alkyl Benzoate, Cyclopentasiloxane, Dimethicone, Phenoxyethanol, Butyrospermum Parkii, Steareth21, Avena Sativa Kernel Extract, Carbomer, Dimethiconol, Potassium Cetyl Phosphate, Chlorphenesin, Caprylyl Glycol, Xanthan Gum, Hydrolyzed Viola Tricolor Extract, Allantoin, Aloe Barbadensis Leaf Juice, Disodium Edta, Tocopheryl Acetate, Camellia Oleifera Seed Oil, Rosa Canina Fruit Oil, Rosa Damascena Extract, Sodium Hydroxide, Helianthus Annuus Seed Oil, Michelia Alba Leaf Oil, Sodium Lactate, CocoGlucoside, Peg8, Ethylhexylglycerin, Sodium Hyaluronate, Tocopherol, Palmitoyl Tetrapeptide7, Palmitoyl Tripeptide1, Ascorbyl Palmitate, Plumeria Rubra Flower Extract, Ascorbic Acid, Citric Acid, Nicotiana Sylvestris Leaf Cell Culture, Linalool, Citronellol, Geraniol",1,1319,0.0,1.7,https://www.sephora.com/product/charlotte-tilbury-magic-cream-lunar-new-year-limited-edition-P454750?icid2=products%20grid:p454750,1.7,58.82352941176471
Limited Edition Ultra Repair® Cream Intense Hydration,First Aid Beauty,moisturizing-cream-oils-mists,34.0,"Colloidal Oatmeal, Stearic Acid, Glycerin, C1215 Alkyl Benzoate, Caprylic, Glyceryl Stearate, Glyceryl Stearate SE, Cetearyl Alcohol, Dimethicone, Butyrospermum Parkii Butter, Squalane, Phenoxyethanol, Caprylyl Glycol, Allantoin, Xanthan Gum, Sodium Hydroxide, Disodium EDTA, Chrysanthemum Parthenium Extract, Camellia Sinensis Leaf Extract, Glycyrrhiza Glabra Root Extract, Ceramide3, Eucalyptus Globulus Leaf Extract",27,4362,0.0,6.0,https://www.sephora.com/product/limited-edition-ultra-repair-cream-intense-hydration-P447503?icid2=products%20grid:p447503,6.0,5.666666666666668
Miracle Water Micellar Cleanser,IT Cosmetics,moisturizing-cream-oils-mists,38.0,"Dipropylene Glycol, Peg6 Caprylic, Propanediol, Glycerin, Butylene Glycol, 12Hexanediol, Ulmus Davidiana Root Extract, Amaranthus Caudatus Seed Extract, Saccharomyces, Aspergillus, Saccharum Officinarum Ferment Extract, Saccharomyces, Aspergillus, Lactobacillus, Lactobacillus, Monascus, Lactobacillus, Camellia Sinensis Leaf Extract, Panax Ginseng Root Extract, Cocos Nucifera Fruit Extract, Bacillus, Phenoxyethanol, Hydrogenated Lecithin, Ficus Carica Fruit Extract, Centella Asiatica Extract, Ceramide Np, Lactobacillus, Leuconostoc, Disodium Edta, Ethylhexylglycerin, Sodium Citrate, Citric Acid, Rosa Damascena Flower Portulaca Oleracea Extract, Soluble Collagen, Sodium Hyaluronate, Xanthan Gum, Pueraria Thunbergiana Root Extract, Cnidium Officinale Root Extract, Aloe Barbadensis Leaf Juice, Paeonia Lactiflora Root Extract, Glycyrrhiza Glabra Root Extract, Propylene Glycol, Chamomilla Recutita Flower, Cholesteryl Oleyl Carbonate, Cholesteryl Chloride, Cholesteryl Dichlorobenzoate, Cholesteryl Nonanoate, Bht, 3OEthyl Ascorbic Acid, Palmitoyl Tetrapeptide7, Palmitoyl Hexapeptide12, Aloe Barbadensis Leaf Extract, Camellia Sinensis Leaf Polymethylsilsesquioxane, Diamond Powder, Oryza Sativa Extract, Curcuma Longa Root Extract, Hydrolyzed Collagen, Niacinamide, Pearl Extract, Polysorbate 20, Retinol, Tocopheryl Acetate, Squalane",212,14980,0.0,8.5,https://www.sephora.com/product/miracle-water-tm-3-in-1-glow-tonic-P423414?icid2=products%20grid:p423414,8.5,4.470588235294118
Squalane + Antioxidant Cleansing Oil,Biossance,moisturizing-cream-oils-mists,30.0,"Dipropylene Glycol, Peg6 Caprylic, Propanediol, Glycerin, Butylene Glycol, 12Hexanediol, Ulmus Davidiana Root Extract, Amaranthus Caudatus Seed Extract, Saccharomyces, Aspergillus, Saccharum Officinarum Ferment Extract, Saccharomyces, Aspergillus, Lactobacillus, Lactobacillus, Monascus, Lactobacillus, Camellia Sinensis Leaf Extract, Panax Ginseng Root Extract, Cocos Nucifera Fruit Extract, Bacillus, Phenoxyethanol, Hydrogenated Lecithin, Ficus Carica Fruit Extract, Centella Asiatica Extract, Ceramide Np, Lactobacillus, Leuconostoc, Disodium Edta, Ethylhexylglycerin, Sodium Citrate, Citric Acid, Rosa Damascena Flower Portulaca Oleracea Extract, Soluble Collagen, Sodium Hyaluronate, Xanthan Gum, Pueraria Thunbergiana Root Extract, Cnidium Officinale Root Extract, Aloe Barbadensis Leaf Juice, Paeonia Lactiflora Root Extract, Glycyrrhiza Glabra Root Extract, Propylene Glycol, Chamomilla Recutita Flower, Cholesteryl Oleyl Carbonate, Cholesteryl Chloride, Cholesteryl Dichlorobenzoate, Cholesteryl Nonanoate, Bht, 3OEthyl Ascorbic Acid, Palmitoyl Tetrapeptide7, Palmitoyl Hexapeptide12, Aloe Barbadensis Leaf Extract, Camellia Sinensis Leaf Polymethylsilsesquioxane, Diamond Powder, Oryza Sativa Extract, Curcuma Longa Root Extract, Hydrolyzed Collagen, Niacinamide, Pearl Extract, Polysorbate 20, Retinol, Tocopheryl Acetate, Squalane",312,21530,6.8,0.0,https://www.sephora.com/product/squalane-antioxidant-cleansing-oil-P416560?icid2=products%20grid:p416560,6.8,4.411764705882354
Avocado Melt Retinol Sleeping Face Mask,Glow Recipe,moisturizing-cream-oils-mists,49.0,"Dipropylene Glycol, Peg6 Caprylic, Propanediol, Glycerin, Butylene Glycol, 12Hexanediol, Ulmus Davidiana Root Extract, Amaranthus Caudatus Seed Extract, Saccharomyces, Aspergillus, Saccharum Officinarum Ferment Extract, Saccharomyces, Aspergillus, Lactobacillus, Lactobacillus, Monascus, Lactobacillus, Camellia Sinensis Leaf Extract, Panax Ginseng Root Extract, Cocos Nucifera Fruit Extract, Bacillus, Phenoxyethanol, Hydrogenated Lecithin, Ficus Carica Fruit Extract, Centella Asiatica Extract, Ceramide Np, Lactobacillus, Leuconostoc, Disodium Edta, Ethylhexylglycerin, Sodium Citrate, Citric Acid, Rosa Damascena Flower Portulaca Oleracea Extract, Soluble Collagen, Sodium Hyaluronate, Xanthan Gum, Pueraria Thunbergiana Root Extract, Cnidium Officinale Root Extract, Aloe Barbadensis Leaf Juice, Paeonia Lactiflora Root Extract, Glycyrrhiza Glabra Root Extract, Propylene Glycol, Chamomilla Recutita Flower, Cholesteryl Oleyl Carbonate, Cholesteryl Chloride, Cholesteryl Dichlorobenzoate, Cholesteryl Nonanoate, Bht, 3OEthyl Ascorbic Acid, Palmitoyl Tetrapeptide7, Palmitoyl Hexapeptide12, Aloe Barbadensis Leaf Extract, Camellia Sinensis Leaf Polymethylsilsesquioxane, Diamond Powder, Oryza Sativa Extract, Curcuma Longa Root Extract, Hydrolyzed Collagen, Niacinamide, Pearl Extract, Polysorbate 20, Retinol, Tocopheryl Acetate, Squalane",140,13937,2.3,0.0,https://www.sephora.com/product/avocado-melt-retinol-sleeping-mask-P449160?icid2=products%20grid:p449160,2.3,21.30434782608696
Vital-E™ Microbiome Age Defense Cream,Peter Thomas Roth,moisturizing-cream-oils-mists,75.0,"Glycerin, Dimethicone, Methyl Trimethicone, Caprylyl Methicone, Butylene Glycol, Ceresin, Dimethicone, Lauryl PEG9 Polydimethylsiloxyethyl Dimethicone, Astrocaryum Tucuma Seed Butter, Microcrystalline Wax, Dimethylmethoxy Chromanol, Tocopherol, Bacillus, Yeast BetaGlucan, Acetyl Heptapeptide4, Silybum Marianum Seed Extract, Hedychium Coronarium Root Extract, Ceramide NP, Undaria Pinnatifida Extract, Eclipta Prostrata Extract, Melia Azadirachta Leaf Extract, Moringa Oleifera Seed Oil, Inulin, Sodium PCA, Phenoxyethanol, Potassium Sorbate, Mannitol, Cellulose, Dipropylene Glycol, Sodium Benzoate, Sodium Citrate, Hydroxypropyl Methylcellulose, Caprylyl Glycol, Paraffin, Mica",610,1767,1.7,0.0,https://www.sephora.com/product/peter-thomas-roth-vital-e-microbiome-age-defense-cream-P453824?icid2=products%20grid:p453824,1.7,44.11764705882353
Ultra Repair® Hydrating Serum,First Aid Beauty,moisturizing-cream-oils-mists,38.0,"Glycerin, Dimethicone, Methyl Trimethicone, Caprylyl Methicone, Butylene Glycol, Ceresin, Dimethicone, Lauryl PEG9 Polydimethylsiloxyethyl Dimethicone, Astrocaryum Tucuma Seed Butter, Microcrystalline Wax, Dimethylmethoxy Chromanol, Tocopherol, Bacillus, Yeast BetaGlucan, Acetyl Heptapeptide4, Silybum Marianum Seed Extract, Hedychium Coronarium Root Extract, Ceramide NP, Undaria Pinnatifida Extract, Eclipta Prostrata Extract, Melia Azadirachta Leaf Extract, Moringa Oleifera Seed Oil, Inulin, Sodium PCA, Phenoxyethanol, Potassium Sorbate, Mannitol, Cellulose, Dipropylene Glycol, Sodium Benzoate, Sodium Citrate, Hydroxypropyl Methylcellulose, Caprylyl Glycol, Paraffin, Mica",595,40242,1.7,0.0,https://www.sephora.com/product/ultra-repair-hydrating-serum-P403739?icid2=products%20grid:p403739,1.7,22.35294117647059
Black Tea Firming Overnight Mask,Fresh,moisturizing-cream-oils-mists,92.0,"Glycerin, Butylene Glycol, Jojoba Esters, Isohexadecane, Ammonium Acryloyldimethyltaurate, Dicaprylyl Carbonate, Camellia Oleifera Seed Oil, Pentylene Glycol, Ethylhexyl Palmitate, Mirabilis Jalapa Extract, Glyceryl Stearate, Steareth21, Caprylic, Dimethicone, Oxidized Corn Oil, Butyrospermum Parkii, Cera Alba, Kigelia, Africana Fruit Extract, Saccharomyces Ferment Filtrate, Camellia Sinensis Leaf Extract, Rubus Fruticosus Leaf Extract, Litichi Chinensis Seed Extract, Rosa Damascena Flower Oil, Sodium Hyaluronate, Adenosine, Tocopheryl Acetate, Tocopherol, Ceteareth20, Behenyl Alcohol, Fragrance, Ceteareth12, Cetearyl Alcohol, Sodium Citrate, Sodium Polyacrylate Starch, Sodium Polyacrylate, Sorbitan Laurate, Disodium Edta, Maltodextrin, Silica, Tetrasodium Edta, Hydroxyethylcellulose, Acetyl Dipeptide1 Cetyl Ester, Citric Acid, Ci 77891, BHT, Potassium Sorbate, Biotin, Phenoxyethanol, Linalool, Citronellol, Geraniol",405,51589,0.0,3.3,https://www.sephora.com/product/black-tea-firming-overnight-mask-P391799?icid2=products%20grid:p391799,3.3,27.87878787878788
Ultra Facial Oil-Free Gel-Cream,Kiehl's Since 1851,moisturizing-cream-oils-mists,32.0,"Glycerin, Alcohol Denat, Dimethicone, Isononyl Isononanoate, Carbomer, Imperata Cylindrica Root Extract, Dimethiconol, Caprylyl Glycol, Chlorphenesin, Sodium Hydroxide, Xanthan Gum, Pseudoalteromonas Ferment Extract, Tetrasodium Edta, Tocopheryl Acetate, Menthoxypropanediol, Phenoxyethanol, Biosaccharide Gum1, Acrylates",69,9527,0.0,1.7,https://www.sephora.com/product/ultra-facial-oil-free-gel-cream-P422006?icid2=products%20grid:p422006,1.7,18.823529411764707
Super Multi-Corrective Cream,Kiehl's Since 1851,moisturizing-cream-oils-mists,85.0,"Glycerin, Alcohol Denat, Dimethicone, Isononyl Isononanoate, Carbomer, Imperata Cylindrica Root Extract, Dimethiconol, Caprylyl Glycol, Chlorphenesin, Sodium Hydroxide, Xanthan Gum, Pseudoalteromonas Ferment Extract, Tetrasodium Edta, Tocopheryl Acetate, Menthoxypropanediol, Phenoxyethanol, Biosaccharide Gum1, Acrylates",35,6226,0.0,2.5,https://www.sephora.com/product/super-multicorrective-cream-P422001?icid2=products%20grid:p422001,2.5,34.0
Essential-C Day Moisture Broad Spectrum SPF 30 PA+++,Murad,moisturizing-cream-oils-mists,65.0,"Butylene Glycol, Stearic Acid, Diisopropyl Sebacate, Cocoglycerides, Lauryl Lactate, Glyceryl Stearate, PEG100 Stearate, Isodecyl Neopentanoate, Dimethicone, Cetyl Alcohol, Cetyl Phosphate, Urea, Yeast Amino Acids, Trehalose, Inositol, Taurine, Betaine, Phospholipids, Retinyl Palmitate, Tocopheryl Acetate, Ascorbyl Palmitate, Pelvetia Canaliculata Extract, Ectoin, Ginkgo Biloba Leaf Extract, Grape Seed Extract, Passiflora Incarnata Extract, Tetrahexyldecyl Ascorbate, Sodium PCA, Panthenol, Tripleurospermum Maritimum Extract, Zinc Gluconate, Ethyl Linoleate, Magnesium Aluminum Silicate, Xanthan Gum, Aminomethyl Propanol, Disodium EDTA, Phenoxyethanol, Caprylyl Glycol, Chlorphenesin, Limonene, Linalool, Fragrance, Yellow 6, Red 33 Allergen",408,15620,1.7,0.0,https://www.sephora.com/product/essential-c-day-moisture-spf-30-broad-spectrum-spf-30-pa-P9940?icid2=products%20grid:p9940,1.7,38.23529411764706
GinZing™ SPF 40 Energy-Boosting Tinted Moisturizer,Origins,moisturizing-cream-oils-mists,39.5,"Butylene Glycol, Stearic Acid, Diisopropyl Sebacate, Cocoglycerides, Lauryl Lactate, Glyceryl Stearate, PEG100 Stearate, Isodecyl Neopentanoate, Dimethicone, Cetyl Alcohol, Cetyl Phosphate, Urea, Yeast Amino Acids, Trehalose, Inositol, Taurine, Betaine, Phospholipids, Retinyl Palmitate, Tocopheryl Acetate, Ascorbyl Palmitate, Pelvetia Canaliculata Extract, Ectoin, Ginkgo Biloba Leaf Extract, Grape Seed Extract, Passiflora Incarnata Extract, Tetrahexyldecyl Ascorbate, Sodium PCA, Panthenol, Tripleurospermum Maritimum Extract, Zinc Gluconate, Ethyl Linoleate, Magnesium Aluminum Silicate, Xanthan Gum, Aminomethyl Propanol, Disodium EDTA, Phenoxyethanol, Caprylyl Glycol, Chlorphenesin, Limonene, Linalool, Fragrance, Yellow 6, Red 33 Allergen",267,15068,1.7,0.0,https://www.sephora.com/product/ginzing-spf-40-energy-boosting-tinted-moisturizer-P420966?icid2=products%20grid:p420966,1.7,23.235294117647058
Rénergie Lift Multi-Action Ultra Dark Spot Correcting Cream SPF 30,Lancôme,moisturizing-cream-oils-mists,109.0,"Avobenzone 3%, Octisalate 5%, Octocrylene 7%, Glycerin, Dimethicone, Isononyl Isononanoate, Propanediol, Vinyl Dimethicone, Alcohol Denat, BisPeg18 Methyl Ether Dimethyl Silane, Polyglyceryl6 Distearate, Jojoba Esters, Tocopherol, Limnanthes Alba Seed Oil, Acacia Decurrens Flower Wax, Guanosine, Cyathea Medullaris Leaf Extract, Sodium Hyaluronate, hydrolyzed linseed extract, Sodium Hydroxide, Sodium Dodecylbenzenesulfonate, Sodium Benzoate, Red 33, Sodium Levulinate, Phenoxyethanol, Adenosine, Peg8 Laurate, Helianthus Annuus Seed Wax, Polyglyceryl3 Beeswax, Polyglycerin3, Ammonium Acryloyldimethyltaurate, Dimethicone, Dimethiconol, Limonene, Xanthan Gum, Benzyl Alcohol, Cinnamic Acid, Leontopodium Alpinum Flower, Capryloyl Salicylic Acid, Caprylyl Glycol, Geraniol, Disodium Stearoyl Glutamate, Disodium Edta, Cetyl Alcohol, Citric Acid, Potassium Sorbate, Scutellaria Baicalensis Root Extract, Levulinic Acid, Styrene, Glyceryl Caprylate, Fragrance",296,488,1.7,0.0,https://www.sephora.com/product/lancome-renergie-lift-multi-action-ultra-dark-spot-correcting-cream-spf-30-P453826?icid2=products%20grid:p453826,1.7,64.11764705882354
Sleeping Mask,SEPHORA COLLECTION,moisturizing-cream-oils-mists,4.0,"Butylene Glycol, Glycerin, Betaine, Phenoxyethanol, Caprylic, Dimethicone, Acrylates, PEG40 Hydrogenated Castor Oil, Isononyl Isononanoate, Ethylhexylglycerin, Sodium Hydroxide, Fragrance, PEG30 Dipolyhydroxystearate, Trideceth6, Cocos Nucifera Fruit Juice, Sodium Hyaluronate, Citric Acid, Potassium Sorbate, Sodium Benzoate",1000,199092,0.0,0.0,https://www.sephora.com/product/sleeping-mask-P398102?icid2=products%20grid:p398102,2.0629276649746324,1.9389918841624472
Ferulic + Retinol Anti-Aging Moisturizer,Dr. Dennis Gross Skincare,moisturizing-cream-oils-mists,75.0,"Butylene Glycol, Glycerin, Betaine, Phenoxyethanol, Caprylic, Dimethicone, Acrylates, PEG40 Hydrogenated Castor Oil, Isononyl Isononanoate, Ethylhexylglycerin, Sodium Hydroxide, Fragrance, PEG30 Dipolyhydroxystearate, Trideceth6, Cocos Nucifera Fruit Juice, Sodium Hyaluronate, Citric Acid, Potassium Sorbate, Sodium Benzoate",133,11115,0.0,1.7,https://www.sephora.com/product/ferulic-retinol-anti-aging-moisturizer-P384536?icid2=products%20grid:p384536,1.7,44.11764705882353
UV Expert Aquagel Defense Primer & Moisturizer SPF 50,Lancôme,moisturizing-cream-oils-mists,39.0,"Avobenzone 3%, Homosalate 107%, Octisalate 32%, Octocrylene 6%, Oxybenzone 39%, Dimethicone, Alcohol Denat, Styrene, Acrylates, Tocophero, Sodium Polyacrylate, Sodium Dodecylbenzenesulfonate, Sodium Benzoate, Phenoxyethanol, Peg8 Laurate, Silica, Pentylene Glycol, Mentha Piperita Extract, Propylene Glycol, Leontopodium Alpinum Flower, Caprylyl Glycol, Acrylates, Sorbitol, Moringa Oleifera Seed Extract, Disodium Edta, Rosa Gallica Flower Extract, Disodium Phosphate, Citric Acid, Potassium Sorbate, Glycerin, Fragrance",856,9870,1.0,0.0,https://www.sephora.com/product/uv-expert-aquagel-defense-primer-moisturizer-spf-50-P442750?icid2=products%20grid:p442750,1.0,39.0
Pink Cloud Rosewater Moisture Crème,Herbivore,moisturizing-cream-oils-mists,48.0,"Aloe Barbadensis Leaf Juice, Helianthus Annuus Seed Oil, Diheptyl Succinate, Cetearyl Alcohol, Glyceryl Stearate Citrate, Populus Tremuloides Bark Extract, Rosa Damascena Flower Aleurites Moluccana Nut Oil, Glycerin, Cetyl Palmitate, Cocos Nucifera Extract, Oryza Sativa Seed Extract, Butyrospermum Parkii Nut Butter, Glyceryl Caprylate, Propanediol, Capryloyl Glycerin, Xanthan Gum, Sodium Anisate, Myrothamnus Flabellifolia Extract, Rosmarinus Officinalis Leaf Extract, Camellia Sinensis Leaf Extract, Eclipta Prostrata Extract, Rosa Damascena Flower Oil, Melia Azadirachta Leaf Extract, Moringa Pterygosperma Seed Oil, Sodium Hyaluronate, Sodium Phytate, Alcohol, Ascorbic Acid, Citric Acid",1000,56373,1.7,0.0,https://www.sephora.com/product/pink-cloud-rosewater-moisture-creme-P427626?icid2=products%20grid:p427626,1.7,28.235294117647058
Wild Rose Brightening Oil,KORRES,moisturizing-cream-oils-mists,54.0,"Isoamyl Laurate, Caprylic, Prunus Armeniaca Kernel Oil, Ascorbyl Tetraisopalmitate, Squalane, Helianthus Annuus Seed Oil, Dimethyl Isosorbide, Rosa Canina Fruit Oil, Rosa Gallica Flower Powder, Alcohol Denat, Bisabolol, Citronellol, Geraniol, Glyceryl Caprylate, Physalis Angulata Extract, Rosa Damascena Flower Oil, Rosmarinus Officinalis Extract, Tocopherol, Tocopheryl Acetate, Zingiber Officinale Root Extract",573,43443,1.01,0.0,https://www.sephora.com/product/wild-rose-vitamin-c-active-brightening-oil-P405289?icid2=products%20grid:p405289,1.01,53.46534653465346
Aqua Bomb Sleeping Mask,belif,moisturizing-cream-oils-mists,34.0,"Isoamyl Laurate, Caprylic, Prunus Armeniaca Kernel Oil, Ascorbyl Tetraisopalmitate, Squalane, Helianthus Annuus Seed Oil, Dimethyl Isosorbide, Rosa Canina Fruit Oil, Rosa Gallica Flower Powder, Alcohol Denat, Bisabolol, Citronellol, Geraniol, Glyceryl Caprylate, Physalis Angulata Extract, Rosa Damascena Flower Oil, Rosmarinus Officinalis Extract, Tocopherol, Tocopheryl Acetate, Zingiber Officinale Root Extract",834,29837,2.53,0.0,https://www.sephora.com/product/aqua-bomb-sleeping-mask-P433443?icid2=products%20grid:p433443,2.53,13.438735177865613
Evercalm™ Global Protection Day Cream,REN Clean Skincare,moisturizing-cream-oils-mists,49.0,"Isoamyl Laurate, Caprylic, Prunus Armeniaca Kernel Oil, Ascorbyl Tetraisopalmitate, Squalane, Helianthus Annuus Seed Oil, Dimethyl Isosorbide, Rosa Canina Fruit Oil, Rosa Gallica Flower Powder, Alcohol Denat, Bisabolol, Citronellol, Geraniol, Glyceryl Caprylate, Physalis Angulata Extract, Rosa Damascena Flower Oil, Rosmarinus Officinalis Extract, Tocopherol, Tocopheryl Acetate, Zingiber Officinale Root Extract",653,17999,0.0,1.7,https://www.sephora.com/product/evercalm-global-protection-day-cream-P214002?icid2=products%20grid:p214002,1.7,28.823529411764714
Nutrient-Charged Water Gel,Murad,moisturizing-cream-oils-mists,60.0,"Dimethicone, Glycerin, Propanediol, Saccharide Isomerate, Polymethylsilsesquioxane, Hydroxyethyl Acrylate, Hydroxyethyl Urea, Isononyl Isononanoate, Ceramide NP, Ceramide AP, Ceramide EOP, shOligopeptide1, shOligopeptide2, shPolypeptide1, shPolypeptide9, shPolypeptide11, Saccharomyces, Saccharomyces, Saccharomyces, Saccharomyces, Saccharomyces, Leuconostoc, Bacillus, Trehalose, Taurine, Serine, Tocopheryl Acetate, Calcium Pantothenate, Niacinamide, Phytantriol, Acetyl Glutamine, Urea, Cholesterol, Yeast Amino Acids, Phytosphingosine, Inositol, Betaine, Lecithin, Sodium Ascorbyl Phosphate, Sodium Hyaluronate, Pyridoxine HCl, Sucrose, Algin, Pullulan, Maltodextrin, Polysilicone11, Glyceryl Polyacrylate, Decyl Glucoside, Pentylene Glycol, Hexylene Glycol, Caprylyl Glycol, Butylene Glycol, Ethylhexyl Isononanoate, Polyisobutene, Silica, Sodium Starch Octenylsuccinate, PEG7 Trimethylolpropane Coconut Ether, Trisodium Ethylenediamine Disuccinate, Disodium Phosphate, Potassium Phosphate, Carbomer, Xanthan Gum, Sodium Lauroyl Lactylate, 12Hexanediol, Phenoxyethanol, Ethylhexylglycerin, Fragrance, Red 33, Red 4",558,14771,1.7,0.0,https://www.sephora.com/product/nutrient-charged-water-gel-P427638?icid2=products%20grid:p427638,1.7,35.29411764705883
Acne Solutions™ BB Cream SPF 40,CLINIQUE,moisturizing-cream-oils-mists,39.5,"Octinoxate 75%, Octisalate 20%, Titanium Dioxide 16% Methyl Trimethicone, Alcohol, Ethylhexyl Palmitate, Peg9 Polydimethylsiloxyethyl Dimethicone, Propanediol, Glycerin, Glyceryl Caprylate, Peg3 Dimethicone, Dimethicone, Tocopheryl Acetate, Lecithin, Triethoxycaprylylsilane, Stearyl Glycyrrhetinate, Sorbitan Sesquiisostearate, Sodium Hyaluronate, Pyridoxine Hcl, Stearic Acid, Hesperidin Methyl Chalcone, Palmitoyl Tetrapeptide7, Sodium Chloride, Aluminum Hydroxide, Steareth20, Dipeptide2, Silica, Sodium Citrate, Phenoxyethanol, ",662,38274,1.0,0.0,https://www.sephora.com/product/acne-solutions-bb-cream-broad-spectrum-spf-40-P394252?icid2=products%20grid:p394252,1.0,39.5
"""B"" Oil",The Ordinary,moisturizing-cream-oils-mists,9.2,"Caprylic, Squalane, Crambe Abyssinica Seed Oil, Bisabolol, Simmondsia Chinensis Seed Oil, Ethylhexyl Stearate, Isochrysis Galbana Extract, Adansonia Digitata Seed Oil, Argania Spinosa Kernel Oil, Borago Officinalis Seed Oil, Rosa Canina Seed Oil, Sclerocarya Birrea Seed Oil, Oenocarpus Bataua Fruit Oil, Plukenetia Volubilis Seed Oil, Bertholletia Excelsa Seed Oil, Solanum Lycopersicum Fruit Extract, Hydroxymethoxyphenyl Decanone, Rosmarinus Officinalis Leaf Extract, Tocopherol",74,16514,1.0,0.0,https://www.sephora.com/product/b-oil-P442757?icid2=products%20grid:p442757,1.0,9.2
Disney Mickey Mouse Limited Edition PITERA™ Essence,SK-II,moisturizing-cream-oils-mists,247.0,"Caprylic, Squalane, Crambe Abyssinica Seed Oil, Bisabolol, Simmondsia Chinensis Seed Oil, Ethylhexyl Stearate, Isochrysis Galbana Extract, Adansonia Digitata Seed Oil, Argania Spinosa Kernel Oil, Borago Officinalis Seed Oil, Rosa Canina Seed Oil, Sclerocarya Birrea Seed Oil, Oenocarpus Bataua Fruit Oil, Plukenetia Volubilis Seed Oil, Bertholletia Excelsa Seed Oil, Solanum Lycopersicum Fruit Extract, Hydroxymethoxyphenyl Decanone, Rosmarinus Officinalis Leaf Extract, Tocopherol",1,1484,7.7,0.0,https://www.sephora.com/product/sk-ii-disney-mickey-mouse-limited-edition-pitera-essence-P454791?icid2=products%20grid:p454791,7.7,32.077922077922075
Vitamin C+ Collagen Deep Cream,Dr. Dennis Gross Skincare,moisturizing-cream-oils-mists,72.0,"Caprylic, Squalane, Crambe Abyssinica Seed Oil, Bisabolol, Simmondsia Chinensis Seed Oil, Ethylhexyl Stearate, Isochrysis Galbana Extract, Adansonia Digitata Seed Oil, Argania Spinosa Kernel Oil, Borago Officinalis Seed Oil, Rosa Canina Seed Oil, Sclerocarya Birrea Seed Oil, Oenocarpus Bataua Fruit Oil, Plukenetia Volubilis Seed Oil, Bertholletia Excelsa Seed Oil, Solanum Lycopersicum Fruit Extract, Hydroxymethoxyphenyl Decanone, Rosmarinus Officinalis Leaf Extract, Tocopherol",208,9378,1.7,0.0,https://www.sephora.com/product/c-collagen-deep-cream-P421957?icid2=products%20grid:p421957,1.7,42.352941176470594
Vinoperfect Brightening Glycolic Essence,Caudalie,moisturizing-cream-oils-mists,49.0,"Vitis Vinifera Fruit Citrus Aurantium Amara Flower Glycerin, Methylpropanediol, Glycolic Acid, Sodium Hydroxide, Vitis Vinifera Juice, Caprylyl Glycol, Citric Acid, Arginine, Sodium Benzoate, Paeonia Lactiflora Root Extract, Phenylpropanol, Potassium Sorbate, Sodium Phytate, Linalool, Limonene",426,42584,5.0,0.0,https://www.sephora.com/product/vinoperfect-concentrated-brightening-essence-P420224?icid2=products%20grid:p420224,5.0,9.8
Phoenix Cell Regenerating Facial Oil,Herbivore,moisturizing-cream-oils-mists,88.0,"Simmondsia Chinensis Seed Oil, Rosa Canina Seed Oil, Limnanthes Alba Seed Oil, Salvia Hispanica Seed Oil, CoQ10, Hippophae Rhamnoides L Oil, Tocopherol, Rosa Centifolia Flower Extract, Citrus Aurantium Oil",213,28092,1.7,0.0,https://www.sephora.com/product/phoenix-cell-regenerating-facial-oil-P400204?icid2=products%20grid:p400204,1.7,51.764705882352935
Photo Finish Primer Water,Smashbox,moisturizing-cream-oils-mists,32.0,"Butylene Glycol, Caffeine, Magnesium Chloride, Calcium Chloride, Sodium Sulfate, Potassium Nitrate, Potassium Phosphate, Polysorbate 80, Diamond Powder, Fragrance, Limonene, Linalool, Citral, Phenoxyethanol, Sodium Benzoate",1000,104773,3.9,0.0,https://www.sephora.com/product/smashbox-photo-finish-primer-water-P392347?icid2=products%20grid:p392347,3.9,8.205128205128206
Prime Time™  BB Tinted Primer Broad Spectrum SPF 30,bareMinerals,moisturizing-cream-oils-mists,27.0,"Butylene Glycol, Caffeine, Magnesium Chloride, Calcium Chloride, Sodium Sulfate, Potassium Nitrate, Potassium Phosphate, Polysorbate 80, Diamond Powder, Fragrance, Limonene, Linalool, Citral, Phenoxyethanol, Sodium Benzoate",315,17767,1.0,0.0,https://www.sephora.com/product/prime-time-bb-primer-cream-daily-defense-broad-spectrum-spf-30-P385504?icid2=products%20grid:p385504,1.0,27.0
SOS Save.Our.Skin Daily Rescue Facial Spray,Tower 28 Beauty,moisturizing-cream-oils-mists,28.0,"Sodium Chloride, Hypochlorous Acid",97,2854,0.0,4.0,https://www.sephora.com/product/sos-save-our-skin-daily-rescue-facial-spray-P448852?icid2=products%20grid:p448852,4.0,7.0
The Renewal Oil,La Mer,moisturizing-cream-oils-mists,245.0,"Limnanthes Alba Seed Oil, Dimethicone, Caprylic, Trisiloxane, Prunus Amygdalus Dulcis Oil, Simmondsia Chinensis Seed Oil, Polydecene, Hydrogenated Polydecene, Butylene Glycol, Propanediol, Glycerin, Algae Extract, Brassica Campestris Seed Oil, Helianthus Annuus Seed Oil, Sesamum Indicum Seed Oil, Eucalyptus Globulus Leaf Oil, Camelina Sativa Seed Oil, Oxycoccus Palustris Seed Oil, Olea Europaea Fruit Oil, Hippophae Rhamnoides Oil, Medicago Sativa Seed Powder, Helianthus Annuus Seedcake, Prunus Amygdalus Dulcis Seed Meal, Sodium Gluconate, Copper Gluconate, Calcium Gluconate, Magnesium Gluconate, Zinc Gluconate, Tocopheryl Succinate, Niacin, Sesamum Indicum Seed Powder, Laminaria Ochroleuca Extract, Laminaria Saccharina Extract, Hydrolyzed Algin, Sea Salt, Chlorella Vulgaris Extract, Salicornia Herbacea Extract, Sigesbeckia Orientalis Extract, Laminaria Digitata Extract, Rosmarinus Officinalis Leaf Extract, Magnolia Officinalis Bark Extract, Yeast Extract, Crithmum Maritimum Extract, Commiphora Mukul Resin Extract, Citrus Aurantifolia Peel Extract, Molasses Extract, Sucrose, Acetyl Hexapeptide8, Acetyl Glucosamine, Caffeine, Tocopheryl Acetate, Phenyl Trimethicone, Sodium Chloride, Tetrahexyldecyl Ascorbate, Alcohol Denat, Fragrance, Hexyl Cinnamal, Linalool, Amyl Cinnamal, Geraniol, Limonene, Citral, Benzyl Benzoate, Coumarin, Citronellol, Bht, Phenoxyethanol, Yellow 5, Yellow 6",51,10261,0.0,1.0,https://www.sephora.com/product/the-renewal-oil-P417241?icid2=products%20grid:p417241,1.0,245.0
Evercalm™ Overnight Recovery Balm,REN Clean Skincare,moisturizing-cream-oils-mists,48.0,"CocoCaprylate, Glycerin, Almond, Polyglyceryl6 Distearate, Jojoba Esters, Oryza Sativa Starch, Cetyl Alcohol, Glyceryl Stearate, Helianthus Annuus Seed Oil Unsaponifiables, Glyceryl Caprylate, Polyglyceryl3 Beeswax, Sodium Stearoyl Glutamate, Benzyl Alcohol, Parfum, Hippophae Rhamnoides Oil, Tocopherol, Magnesium Carboxymethyl BetaGlucan, Dehydroacetic Acid, Eclipta Prostrata Extract, Eclipta Prostrata Leaf Extract, Moringa Oleifera Seed Oil, Helianthus Annuus Seed Oil, Rosmarinus Officinalis Leaf Extract, Citronellol, Geraniol, Limonene, Linalool Fragrance",204,19247,1.02,0.0,https://www.sephora.com/product/evercalm-overnight-recovery-balm-P436094?icid2=products%20grid:p436094,1.02,47.058823529411754
Bienfait Multi-Vital SPF 30 Day Cream Moisturizer,Lancôme,moisturizing-cream-oils-mists,50.0,"Dimethicone, Glycerin, Alcohol Denat, Vp, Hydrogenated Polyisobutene, Aluminum Starch Octenylsuccinate, Sucrose Stearate, Silica, Poly C1030 Alkyl Acrylate, Ribes Nigrum Seed Oil, Tocopheryl Acetate, Ascorbyl Glucoside, Sodium Polyacrylate, Sodium Hydroxide, Hydroxycitronellal, Hydroxyisohexyl 3Cyclohexene Carboxaldehyde, Phenoxyethanol, Stearic Acid, Thermus Thermophillus Ferment, Eugenol, Ethylparaben, Triethanolamine, Palmitic Acid, Helianthus Annuus Seed Oil, Dimethiconol, Panthenol, Xanthan Gum, Benzyl Salicylate, Benzyl Alcohol, Linalool, Oxothiazolidinecarboxylic Acid, Caprylyl Glycol, AlphaIsomethyl Ionone, Acrylates, Geraniol, Moringa Pterygosperma Seed Extract, Disodium Edta, Castanea Sativa Seed Extract, Rosa Canina Fruit Oil, Methylparaben, Citronellol, Hexyldecanol, Hexyldecyl Laurate, Hexyl Cinnamal, Fragrance",194,6739,1.69,0.0,https://www.sephora.com/product/bienfait-multi-vital-spf-30-cream-high-potency-vitamin-enriched-daily-moisturizing-cream-P158043?icid2=products%20grid:p158043,1.69,29.58579881656805
Hibiscus Unspottable Correcting Oil,Volition Beauty,moisturizing-cream-oils-mists,49.0,"Dimethicone, Glycerin, Alcohol Denat, Vp, Hydrogenated Polyisobutene, Aluminum Starch Octenylsuccinate, Sucrose Stearate, Silica, Poly C1030 Alkyl Acrylate, Ribes Nigrum Seed Oil, Tocopheryl Acetate, Ascorbyl Glucoside, Sodium Polyacrylate, Sodium Hydroxide, Hydroxycitronellal, Hydroxyisohexyl 3Cyclohexene Carboxaldehyde, Phenoxyethanol, Stearic Acid, Thermus Thermophillus Ferment, Eugenol, Ethylparaben, Triethanolamine, Palmitic Acid, Helianthus Annuus Seed Oil, Dimethiconol, Panthenol, Xanthan Gum, Benzyl Salicylate, Benzyl Alcohol, Linalool, Oxothiazolidinecarboxylic Acid, Caprylyl Glycol, AlphaIsomethyl Ionone, Acrylates, Geraniol, Moringa Pterygosperma Seed Extract, Disodium Edta, Castanea Sativa Seed Extract, Rosa Canina Fruit Oil, Methylparaben, Citronellol, Hexyldecanol, Hexyldecyl Laurate, Hexyl Cinnamal, Fragrance",152,3979,1.1,0.0,https://www.sephora.com/product/volition-beauty-hibiscus-unspottable-correcting-oil-P454374?icid2=products%20grid:p454374,1.1,44.54545454545454
Water Bank Hydro Essence,LANEIGE,moisturizing-cream-oils-mists,39.0,"Propanediol, Hexyldecyl Myristoyl Methylaminopropionate, Isostearyl Neopentanoate, Glycerin, Methyl Trimethicone, Sea Water, Saccharide Isomerate, Dimethicone, Polyacrylate Crosspolymer6, Tromethamine, Dimethicone, Butylene Glycol, Acrylates, Carbomer, Glyceryl Caprylate, Disodium Edta, Ethylhexylglycerin, 12Hexanediol, Fragrance, Chenopodium Quinoa Seed Extract, Magnesium Sulfate, Calcium Chloride, Phenoxyethanol, Sodium Citrate, Citric Acid, TButyl Alcohol, Beta Vulgaris Root Extract, Manganese Sulfate, Zinc Sulfate, Lecithin, Brassica Oleracea Acephala Leaf Extract, Nasturtium Officinale Extract, Tocopherol, Lepidium Sativum Sprout Extract, Ascorbyl Glucoside",400,6560,2.4,0.0,https://www.sephora.com/product/water-bank-hydro-essence-P448187?icid2=products%20grid:p448187,2.4,16.25
Face Cream,Dr. Barbara Sturm,moisturizing-cream-oils-mists,215.0,"Octyldodecanol, C1215 Alkyl Benzoate, Glycerin, Butyrospermum Parkii Butter, Decyl Oleate, Zea Mays Germ Oil, Cetearyl Alcohol, Glyceryl Stearate, Lactobacillus, Sorbitol, Propanediol, Potassium Cetyl Phosphate, Cocoglycerides, Dimethicone, Tocopheryl Acetate, Phenoxyethanol, Hydrogenated Palm Glycerides, Panthenol, Squalane, Carbomer, Xanthan Gum, Ethylhexylglycerin, Potassium Sorbate, Leuconostoc, Alcohol, Caprylic, Baicalin, Pantolactone, Ascorbyl Palmitate, Citric Acid, Ascorbic Acid",168,1420,1.69,0.0,https://www.sephora.com/product/dr-barbara-sturm-face-cream-P447781?icid2=products%20grid:p447781,1.69,127.2189349112426
All Day Hydrator - Hydrate & Glow,SEPHORA COLLECTION,moisturizing-cream-oils-mists,17.0,"Hyaluronic Acid Derived From Wheat, Vitamin C, Vitamin E Of Natural Origin From Sunflower Blossom, Glycerin Of Natural Origin, Caprylic, Glycerin, Butylene Glycol, Heptyl Undecylenate, Glyceryl Stearate, Peg100 Stearate, Glyceryl Stearate Citrate, Palmitic Acid, Stearic Acid, Hydroxyacetophenone, Hydroxyethyl Acrylate, Microcrystalline Cellulose, Caprylyl Glycol, Perfume, Helianthus Annuus Seed Oil, Tocopherol, Vitamin E, Caesalpinia Spinosa Gum, Hyaluronic Acid, Bisabolol, Sodium Benzoate, Cellulose Gum, Polysorbate 60, Sorbitan Isostearate, Sodium Phytate, Physicochemical Formula Stabilizer, Arginine, Ascorbyl Glucoside",433,20280,0.0,0.0,https://www.sephora.com/product/all-day-hydrator-hydrate-glow-P438617?icid2=products%20grid:p438617,2.0629276649746324,8.2407155076904
Hydro-Dynamic® Ultimate Moisture,Murad,moisturizing-cream-oils-mists,75.0,"C1215 Alkyl Benzoate, Caprylic, Glycerin, Sunflower Seed Oil, Butylene Glycol, Glyceryl Stearate, Glyceryl Behenate, Dicaprylyl Carbonate, Shea Butter, Cetearyl Alcohol, Myristyl Myristate, Cetyl Alcohol, Ethoxydiglycol, Phenyl Trimethicone, Stearic Acid, Oat Kernel Extract, Saccharomyces Cerevisiae Extract, Laminaria Digitata Extract, Yeast Amino Acids, Betaine, Inositol, Taurine, Trehalose, Soybean Sterols, Corn Starch, Olive Fruit Oil, Avocado Oil, Sodium Hyaluronate, Dipotassium Glycyrrhizate, Tetrahexyldecyl Ascorbate, Tocopheryl Acetate, Linoleic Acid, Phospholipids, Polysorbate 60, Acrylamide, Isohexadecane, Glyceryl Polymethacrylate, Panthenol, Jojoba Alcohol, Potassium Jojobate, Polysorbate 80, Urea, Glucosamine HCI, PEG8, Bisabolol, Sorbitan Oleate, Cetearyl Methicone, Dimethicone, Palmitoyl Oligopeptide, Retinyl Palmitate, Allantoin, Xanthan Gum, Disodium EDTA, BHT, Ethylhexylglycerin, Chlorphenesin, Phenoxyethanol",426,13996,1.7,0.0,https://www.sephora.com/product/hydro-dynamic-ultimate-moisture-P268700?icid2=products%20grid:p268700,1.7,44.11764705882353
Vitamin C Glow Moisturizer,Fresh,moisturizing-cream-oils-mists,42.0,"Glycerin, Pentylene Glycol, Ethylhexyl Isononanoate, Caprylic, Jojoba Esters, Glyceryl Stearate, Caprylyl Methicone, Polyglycerin3, Propanediol, Glucosyl Hesperidin, Vaccinium Myrtillus Fruit Extract, Saccharum Officinarum Extract, Citrus Medica Limonum Fruit Extract, Citrus Aurantium Dulcis Fruit Extract, Acer Saccharum Extract, Tocopheryl Acetate, Ascorbyl Tetraisopalmitate, Panthenol, Tocopherol, Magnesium Aspartate, Zinc Gluconate, Copper Gluconate, Ethylhexyl Palmitate, Stearyl Alcohol, Ceteth20, Sodium Polyacrylate, Stearic Acid, Steareth21, Steareth25, Caprylyl Glycol, Tromethamine, Acrylates, Fragrance, Tetrasodium EDTA, Xanthan Gum, Sodium Hyaluronate, Butylene Glycol, Caramel, BHT, Phenoxyethanol, Limonene, Linalool, Citral, Benzyl Salicylate",349,26044,1.6,0.0,https://www.sephora.com/product/vitamin-nectar-moisture-glow-face-cream-P420158?icid2=products%20grid:p420158,1.6,26.25
Charlotte's Magic Night Cream,Charlotte Tilbury,moisturizing-cream-oils-mists,145.0,"Glycerin, Ricinus Communis Seed Oil, Caprylic, Sucrose Stearate, Ethylhexyl Stearate, Olus, Dipentaerythrityl Hexacaprylate, Hydroxystearic, C2040 Alcohols, Isodecyl Neopentanoate, Butylene Glycol, Phenoxyethanol, Microcrystalline Cellulose, Cera Alba, Polysorbate 20, Ethylhexylglycerin, Chlorphenesin, Cellulose Gum, Fragrance, Titanium Dioxide, Xanthan Gum, Hydroxypropyl Cyclodextrin, Chondrus Crispus Extract, Squalane, Helianthus Annuus Seed Oil, Hexyl Cinnamal, Benzyl Benzoate, Peg8, Caramel, Tocopherol, Retinol, Linalool, Hydroxycitronellal, Cinnamyl Alcohol, Daphne Odora Callus Extract, Eugenol, Ascorbyl Palmitate, Nicotiana Sylvestris Leaf Cell Culture, Plumeria Rubra Flower Extract, Ubiquinone, Lecithin, Ascorbic Acid, Citric Acid, Ascorbyl Tetraisopalmitate, Benzoic Acid, Red 33, Yellow 6, Yellow 5",52,3431,1.7,0.0,https://www.sephora.com/product/charlotte-s-magic-night-cream-P433519?icid2=products%20grid:p433519,1.7,85.29411764705883
High Potency Classics: Face Finishing & Firming Moisturizer,Perricone MD,moisturizing-cream-oils-mists,69.0,"Ethylhexyl Palmitate, Glycerin, Aleurites Moluccana Seed Oil, Cetearyl Alcohol, Polyacrylamide, Polysorbate 60, Glyceryl Stearate, PEG100 Stearate, Dimethyl MEA, C1314 Isoparaffin, Citric Acid, PEG, Dimethicone, Caprylyl Glycol, Phenoxyethanol, Tetrahexyldecyl Ascorbate, LTyrosine, Fragrance, Laureth7, Hexylene Glycol, Hydrolyzed Wheat Protein, Tocopheryl Acetate, Citronellol, Geraniol, Hydrolyzed Wheat Starch, Thioctic Acid, Hydroxycitronellal, Butylphenyl Methylpropional, Benzyl Benzoate, Eugenol",1000,17520,0.0,2.0,https://www.sephora.com/product/face-finishing-moisturizer-P211304?icid2=products%20grid:p211304,2.0,34.5
Benefiance Wrinkle Smoothing Cream Enriched,Shiseido,moisturizing-cream-oils-mists,70.0,"Cetyl Ethylhexanoate, Glycerin, Niacinamide, Nylon12, Cetearyl Alcohol, Dipropylene Glycol, Sd Alcohol 40B, Caprylic, Phytosteryl Macadamiate, Glyceryl Stearate, Dimethicone, Diisostearyl Malate, Beheneth20, Phenoxyethanol, Alcohol, Tocopheryl Acetate, Erythritol, Peg, Peg, Hdi, Carbomer, Fragrance, Butylene Glycol, Sodium Citrate, Trisodium Edta, Potassium Hydroxide, Citric Acid, Caffeine, Xanthan Gum, Sodium Metabisulfite, Sodium Metaphosphate, Iron Oxides, Ppg3 Dipivalate, Linalool, Tocopherol, Sapindus Mukorossi Peel Extract, Limonene, Citronellol, Silica, Geraniol, Angelica Keiskei Leaf, AlphaIsomethyl Ionone, Camellia Sinensis Leaf Extract, Citrus Junos Seed Extract, Ziziphus Jujuba Fruit Extract, Iron Oxides, Eucheuma Serra, Curcuma Longa Rhizome Extract, Saccharina Angustata, Chlorella Vulgaris Extract",133,1627,0.0,1.7,https://www.sephora.com/product/benefiance-wrinkle-smoothing-cream-enriched-P448202?icid2=products%20grid:p448202,1.7,41.1764705882353
Lavender Water Sleeping Mask,LANEIGE,moisturizing-cream-oils-mists,25.0,"Butylene Glycol, Cyclopentasiloxane, Glycerin, Cyclohexasiloxane, Trehalose, Ammonium Acryloyldimethyltaurate, Polysorbate 20, Phenoxyethanol, Dimethicone, Polyacrylic Acid, Dimethicone, Propanediol, Dimethiconol, Tromethamine, Ethylhexylglycerin, Stearyl Behenate, Fragrance, Polyglyceryl3 MethylglucoseDistearate, 12Hexanediol, Disodium Edta, Chenopodium Quinoa Seed Extract, PotassiumAlginate, Linalool, Magnesium Sulfate, Calcium Chloride, Hydroxypropyl Bispalmitamide Mea, BetaGlucan, Inulin Lauryl Carbamate, Manganese Sulfate, Limonene, Oenothera Biennis Root Extract, Alcohol, Caprylyl Glycol, Zinc Sulfate, Potassium Sorbate, PrunusArmeniaca Fruit Extract, Citric Acid, Tocopherol, Sodium Hyaluronate, Ascorbyl Glucoside",241,30706,2.3,0.0,https://www.sephora.com/product/lavender-water-sleeping-mask-P439649?icid2=products%20grid:p439649,2.3,10.869565217391305
Invigorating Night Transformation™ Gel,OLEHENRIKSEN,moisturizing-cream-oils-mists,38.0,"Glycolic Acid, Glycerin, Chondrus Crispus, Xantahn Gum, Lactic Acid, Potassium Hydroxide, Vaccinium Myrtillus Fruit Extract, Phenoxyethanol, Saccharum Officinarum Extract, Propylene Glycol, Chlorphenesin, Citrus Limon Fruit Extract, Acer Saccarum Extract, Sodium Dehydroacetate, Citric Acid, Parfum, Biosaccharide Gum1, Sodium Levulinate, Calcium Ascorbate, Glyceryl Caprylate, Tocopherol, Glycine Soja Oil, Sodium Anisate, Calcium Carbonate, Calcium Threonate, Glycyrrhiza Glabra Root Extract, Sodium Benzoate, Potassium Sorbate, Benzyl Benzoate",1000,2294,1.0,0.0,https://www.sephora.com/product/ole-henriksen-invigorating-night-transformation-gel-P454397?icid2=products%20grid:p454397,1.0,38.0
Cooling Water,MILK MAKEUP,moisturizing-cream-oils-mists,26.0,"Butylene Glycol, BisPEG18 Methyl Ether Dimethyl Silane, Sodium Stearate, Pentylene Glycol, Isosteareth2, Glycerin, Sea Manganese Gluconate, Nylon12, Caffeine, Phenoxyethanol, Chlorphesin, Blue 1",1000,77901,0.0,1.2,https://www.sephora.com/product/cooling-water-P404795?icid2=products%20grid:p404795,1.2,21.66666666666667
Rose Deep Hydration Sleeping Mask,Fresh,moisturizing-cream-oils-mists,50.0,"Glycerin, Dicaprylyl Carbonate, Propanediol, Ammonium Acryloyldimethyltaurate, Dimethicone, PEG60 Hydrogenated Castor Oil, Cucumis Sativus FruitExtract, Oenothera Biennis Root Extract, Rosa Damascena Flower Oil, Tocopheryl Acetate, Tocopherol, Butylene Glycol, Dimethicone, Caprylyl Glycol, Polyacrylamide, C1314 Isoparaffin, Caprylic, HydroxylatedLecithin, Trehalose, Urea, Laureth7, Caramel, Serine, Betaine, Inositol, Taurine, Algin, BHT, Pentylene Glycol, Acacia Senegal Gum, Glyceryl Polyacrylate, Pullulan, SodiumHyaluronate, Citric Acid, Disodium Phosphate, Potassium Phosphate, Potassium Sorbate, Phenoxyethanol, Citronellol, Geraniol",1000,23182,1.18,0.0,https://www.sephora.com/product/rose-deep-hydration-sleeping-mask-P442858?icid2=products%20grid:p442858,1.18,42.372881355932215
WASO: Color-Smart Day Moisturizer Oil-Free SPF 30 Sunscreen,Shiseido,moisturizing-cream-oils-mists,38.0,"Cyclopentasiloxane, Sd Alcohol 40B, Glycerin, Methyl Methacrylate Crosspolymer, Dimethicone, PEG10 Dimethicone, Polybutylene Glycol, Lauryl PEG9 Polydimethylsiloxyethyl Dimethicone, Polymethylsilsesquioxane, Talc, Erythritol, Silica, Trehalose, Disteardimonium Hectorite, Trimethylsiloxysilicate, Caffeine, Betaine, PEG, Phytosteryl, Dipeptide15, Eriobotrya Japonica Leaf Protoplasts, Paeonia Albiflora Root Extract, Lamium Album Flower, Citrus Junos Seed Extract, Eriobotrya Japonica Leaf Extract, Aluminum Hydroxide, Stearic Acid, Isostearic Acid, Butylene Glycol, Trisodium Edta, Polyester1, Alcohol, Silica Dimethyl Silylate, Alumina, Triethoxycaprylylsilane, Hydrogen Dimethicone, Bht, Tocopherol, Phenoxyethanol, Benzoic Acid, Fragrance, Titanium Dioxide, Iron Oxides, Mica",242,7300,1.9,0.0,https://www.sephora.com/product/waso-color-smart-day-moisturizer-oil-free-broad-spectrum-spf-30-P421769?icid2=products%20grid:p421769,1.9,20.0
GinZing™ Ultra-Hydrating Energy-Boosting Cream,Origins,moisturizing-cream-oils-mists,30.0,"Cyclopentasiloxane, Sd Alcohol 40B, Glycerin, Methyl Methacrylate Crosspolymer, Dimethicone, PEG10 Dimethicone, Polybutylene Glycol, Lauryl PEG9 Polydimethylsiloxyethyl Dimethicone, Polymethylsilsesquioxane, Talc, Erythritol, Silica, Trehalose, Disteardimonium Hectorite, Trimethylsiloxysilicate, Caffeine, Betaine, PEG, Phytosteryl, Dipeptide15, Eriobotrya Japonica Leaf Protoplasts, Paeonia Albiflora Root Extract, Lamium Album Flower, Citrus Junos Seed Extract, Eriobotrya Japonica Leaf Extract, Aluminum Hydroxide, Stearic Acid, Isostearic Acid, Butylene Glycol, Trisodium Edta, Polyester1, Alcohol, Silica Dimethyl Silylate, Alumina, Triethoxycaprylylsilane, Hydrogen Dimethicone, Bht, Tocopherol, Phenoxyethanol, Benzoic Acid, Fragrance, Titanium Dioxide, Iron Oxides, Mica",3000,78475,0.0,1.7,https://www.sephora.com/product/ginzing-tm-energy-boosting-moisturizer-P378852?icid2=products%20grid:p378852,1.7,17.647058823529417
The True Cream Aqua Bomb Deco,belif,moisturizing-cream-oils-mists,22.0,"Dipropylene Glycol, Glycerin, Methl Trimethicone, Alcohol Denat, Dimethicone, Cyclopentasiloxane, 12Hexanediol, Malakite Extract, Caprylic, Pentaerythrityl Tetraethylhexanoate, PEG, Alchemilla Vulgaris Leaf Extract, Equisetum Arvense Leaf Extract, Stellaria Media Extract, Urtica Dioica Leaf Extract, Plantago Lanceolata Leaf Extract, Avena Sativa Kernel Extract, Calendula Officinalis Flower Extract, Nepeta Cataria Extract, Rubus Idaeus Leaf Extract, Baptisia Tinctoria Root Extract, Dimethiconol, Polymethylsilsesquioxane, Sodium Acrylate, Isohexadecane, Polysorbate 60, Ceramide 3, Cholesterol, Butyrospermum Parkii Butter, Phenl Trimethicone, Pentaerythrityl Tetraisostearate, Panthenol, Squalane, Triethylhexanoin, Macadamia Ternifolia Seed Oil, PEG150, PEG40 Hydrogenated Castor Oil, Acrylates, C1422 Alcohols, Arachidyl Glucoside, Hydrogenated Lecithin, PEG100 Stearate, Stearic Acid, Glyceryl Stearate, Carbomer, Tromethamine, Trisodium EDTA, Fragrance, Citronellol, Limonene, Citral, Geraniol, Linalool",14,0,0.0,0.0,https://www.sephora.com/product/the-true-cream-aqua-bomb-deco-P425443?icid2=products%20grid:p425443,2.0629276649746324,10.664455362893461
MOISTURE BOUND Rejuvenating Crème,AMOREPACIFIC,moisturizing-cream-oils-mists,150.0,"Phyllostachis Bambusoides Juice, Butylene Glycol, Alcohol, Glycerin, Butylene Glycol Dicaprylate, Dimethicone, Pentaerythrityl Tetraethylhexanoate, Squalane, Caprylic, Camellia Sinensis Leaf Extract, Cetearyl Alcohol, C1422 Alcohols, Opuntia Coccinellifera Fruit Extract, Glycine Soja Seed Extract, Nelumbo Nucifera Flower Extract, Hydrolyzed Phyllostachis Bambusoides, Hydrolyzed Camellia Sinensis Leaf, Sodium Hyaluronate, BetaGlucan, Hydroxypropyl Bispalmitamide Mea, Theanine, Camellia Sinensis Flower Extract, Kaempferol, Epigallocatechin Gallate, Xylitylglucoside, Anhydroxylitol, Xylitol, Stearyl Behenate, Cyclopentasiloxane, Cetearyl Olivate, Stearic Acid, Sorbitan Olivate, Dimethiconol, Limnanthes Alba Seed Oil, Propanediol, Glyceryl Stearate, Peg100 Stearate, Polyacrylate13, C1220 Alkyl Glucoside, Hydroxyethyl Acrylate, Polyglyceryl3 Methylglucose Distearate, Polyisobutene, Tocopherol, Polysorbate 20, Ethylhexylglycerin, Peg15 Pentaerythrityl Tetra, Phytantriol, Poloxamer 407, Inulin Lauryl Carbamate, Ammonium Acryloyldimethyltaurate, Caffeine, Disodium Edta, Phenoxyethanol, Fragrance",186,5454,0.0,1.7,https://www.sephora.com/product/moisture-bound-rejuvenating-creme-P282613?icid2=products%20grid:p282613,1.7,88.23529411764706
Capture Totale Multi-Perfection Creme,Dior,moisturizing-cream-oils-mists,165.0,"Aqua, Limnanthes Alba Seed Oil, Isotridecyl Isononanoate, Glycerin, Isononyl Isononanoate, Cetearyl Isononanoate, Butylene Glycol, Steareth21, Myristyl Myristate, Decyloxazolidinone, Methyl Methacrylate Crosspolymer, Pentylene Glycol, Glyceryl Stearate, Jojoba Esters, Phenoxyethanol, Behenyl Alcohol, Cetyl Alcohol, Stearyl Alcohol, Alcohol, Dimethicone, Caprylyl Glycol, Acrylates, Polyacrylamide, Parfum, Xylitol, Tromethamine, C1314 Isoparaffin, Xanthan Gum, Sorbitol, Secale Cereale Seed Extract, Sodium Hyaluronate, Tetrasodium Edta, Algin, Malva Sylvestris Extract, Dimethylmethoxy Chromanol, Adenosine, Laureth7, Polyvinyl Alcohol, Sodium Tocopheryl Phosphate, Butylphenyl Methylpropional, Cellulose Gum, Limonene, Bht, Sodium Metabisulfite, Palmaria Palmata Extract, Aframomum Angustifolium Seed Extract, AlphaIsomethyl Ionone, Sodium Benzoate, Geraniol, Citronellol, Jasminum Officinale Flower Extract, Tocopherol, Ci 14700",46,5095,2.0,0.0,https://www.sephora.com/product/capture-totale-multi-perfection-creme-P377574?icid2=products%20grid:p377574,2.0,82.5
C-Rush™ Brightening Double Crème,OLEHENRIKSEN,moisturizing-cream-oils-mists,46.0,"Aqua, Limnanthes Alba Seed Oil, Isotridecyl Isononanoate, Glycerin, Isononyl Isononanoate, Cetearyl Isononanoate, Butylene Glycol, Steareth21, Myristyl Myristate, Decyloxazolidinone, Methyl Methacrylate Crosspolymer, Pentylene Glycol, Glyceryl Stearate, Jojoba Esters, Phenoxyethanol, Behenyl Alcohol, Cetyl Alcohol, Stearyl Alcohol, Alcohol, Dimethicone, Caprylyl Glycol, Acrylates, Polyacrylamide, Parfum, Xylitol, Tromethamine, C1314 Isoparaffin, Xanthan Gum, Sorbitol, Secale Cereale Seed Extract, Sodium Hyaluronate, Tetrasodium Edta, Algin, Malva Sylvestris Extract, Dimethylmethoxy Chromanol, Adenosine, Laureth7, Polyvinyl Alcohol, Sodium Tocopheryl Phosphate, Butylphenyl Methylpropional, Cellulose Gum, Limonene, Bht, Sodium Metabisulfite, Palmaria Palmata Extract, Aframomum Angustifolium Seed Extract, AlphaIsomethyl Ionone, Sodium Benzoate, Geraniol, Citronellol, Jasminum Officinale Flower Extract, Tocopherol, Ci 14700",23,4288,1.7,0.0,https://www.sephora.com/product/ole-henriksen-c-rush-brightening-double-creme-P453221?icid2=products%20grid:p453221,1.7,27.058823529411764
Rose Floral Toner,Fresh,moisturizing-cream-oils-mists,40.0,"Glycerin, Pentylene Glycol, Rosa Damascena Flower Anthemis NobilisFlower Oil, Sodium Citrate, CitricAcid, Citronellol, Geraniol, Phenoxyethanol",868,66070,0.0,8.5,https://www.sephora.com/product/rose-floral-toner-P39970?icid2=products%20grid:p39970,8.5,4.705882352941177
Photo Finish Primerizer,Smashbox,moisturizing-cream-oils-mists,42.0,"Glycerin, Dimethicone, Isopropyl Isostearate, Ppg15 Stearyl Ether, Niacinamide, Hydroxyethyl Urea, Sodium Polyaspartate, Sodium Hyaluronate, Algae Extract, Caffeine, Trehalose, Sorbitol, Decyl Glucoside, Xanthan Gum, 12Hexanediol, Propanediol, Sodium Hydroxide, Acrylates, Caprylyl Glycol, Butylene Glycol, Phenoxyethanol",673,28297,1.0,0.0,https://www.sephora.com/product/photo-finish-primerizer-P421232?icid2=products%20grid:p421232,1.0,42.0
Vitamin Nectar Antioxidant Face Mist,Fresh,moisturizing-cream-oils-mists,44.0,"Glycerin, Pentylene Glycol, PEG60 Hydrogenated Castor Oil, Vaccinium Myrtillus Fruit Extract, SaccharumOfficinarum Extract, Citrus Aurantium Dulcis Fruit Extract, CitrusLimon Fruit Extract, Acer Saccharum Extract, Tocopheryl Acetate, Ascorbyl Tetraisopalmitate, Sodium TocopherylPhosphate, Tocopherol, Panthenol, MagnesiumAspartate, Zinc Gluconate, Copper Gluconate, Propanediol, Sodium Citrate, Citric Acid, Menthoxypropanediol, Fragrance, Phenoxyethanol, Limonene, Linalool",160,27416,0.0,8.4,https://www.sephora.com/product/vitamin-c-antioxidant-glow-face-mist-P433979?icid2=products%20grid:p433979,8.4,5.238095238095238
Gold Camellia Beauty Oil,Tatcha,moisturizing-cream-oils-mists,95.0,"Caprylic, Camellia Japonica Seed Oil, Isostearyl Isostearate, Squalane, Dicaprylyl Ether, Propanediol Dicaprylate, Fragrance, Stearyl Glycyrrhetinate, Camellia Sinensis Leaf Extract, Gold, Oryza Sativa Germ Oil, Oryzanol, Phytosteryl Macadamiate, Inositol, Algae Extract, Tocopherol, Glycerin, Polyglyceryl10 Pentaisostearate, Dimer Dilinoleyl Dimer Dilinoleate, Alcohol",140,36396,1.0,0.0,https://www.sephora.com/product/gold-camellia-beauty-oil-P403315?icid2=products%20grid:p403315,1.0,95.0
Black Label Detox BB Beauty Balm,Dr. Jart+,moisturizing-cream-oils-mists,36.0,"Cyclopentasiloxane, Phenyl Trimethicone, Methylpropanediol, Caprylic, Cyclomethicone, Glycerin, Lauryl PEG10 Trissilylethyl Dimethicone, Niacinamide, Dipentaerythrityl Hexahydroxystearate, Butylene Glycol Dicaprylate, Dimethicone, Pentylene Glycol, Disteardimonium Hectorite, Diisostearyl Malate, Isoeicosane, Lauryl PEG9 Polydimethylsiloxyethyl Dimethicone, Synthetic Fluorphlogopite, Magnesium Sulfate, Iron Oxides, Silica Dimethyl Silylate, Acrylates, Triethoxycaprylylsilane, Oryza Sativa Bran Oil, Vegetable Oil, Caprylyl Glycol, Glyceryl Caprylate, Aminopropyl Dimethicone, Rhus Succedanea Fruit Wax, Helianthus Annuus Seed, Oryza Sativa Bran Wax, Polymethylsilsesquioxane, Ethylhexylglycerin, Tocopheryl Acetate, Alumina, Aluminum Hydroxide, Silica, Adenosine, Citrus Aurantium Dulcis Peel Oil, Dimethicone, Sodium Hyaluronate, Pinus Sylvestris Leaf Oil, Citrus Aurantifolia Oil, Eucalyptus Globulus Leaf Oil, Tocopherol, Citrus Limon Peel Oil, Citrus Aurantium Bergamia Fruit Oil, Ascorbyl Palmitate, Butylene Glycol, Camellia Sinensis Leaf Extract, Portulaca Oleracea Extract, Cynara Scolymus Leaf Extract, Aloe Barbadensis Leaf Extract, 12Hexanediol",1000,25427,1.5,0.0,https://www.sephora.com/product/black-label-detox-bb-beauty-balm-P374568?icid2=products%20grid:p374568,1.5,24.0
Miracle Seed Essence,Primera,moisturizing-cream-oils-mists,58.0,"Propanediol, Nelumbo Nucifera Germ Extract, Niacinamide, Glycereth26, Glycerin, 12Hexanediol, Methyl Gluceth20, Citric Acid, Xanthan Gum, Ethylhexylglycerin, Sodium Citrate, Adenosine, Disodium Edta, Sodium Hyaluronate, Saccharomyces Ferment, Potassium Hydroxide, Acetic Acid",187,8746,5.0,0.0,https://www.sephora.com/product/primera-miracle-seed-essence-P447176?icid2=products%20grid:p447176,5.0,11.6
Ceramidin™ Liquid,Dr. Jart+,moisturizing-cream-oils-mists,39.0,"Dipropylene Glycol, Alcohol, Betaine, Propanediol, Glycosyl Trehalose, 12Hexanediol, Erythritol, Pentylene Glycol, Glycerin, Hydrogenated Starch Hydrolysate, Acrylates, Triethylhexanoin, Diphenyl Dimethicone, Triethylhexanoin, Panthenol, Butylene Glycol, Hydrogenated Lecithin, Centella Asiatica Extract, Icus Carica Fruit Extract, Melia Azadirachta Leaf Extract, Theobroma Cacao Seed Extract, Amaranthus Caudatus Seed Extract, Ulmus Davidiana Root Extract, Curcuma Longa Root Extract, Ocimum Sanctum Leaf Extract, Corallina Officinalis Extract, Pyracantha Fortuneana Fruit Extract, Carbomer, Cellulose Gum, Sucrose Distearate, Dipotassium Glycyrrhizate, Ethylhexylglycerin, Methylpropanediol, Disodium Edta, Glyceryl Polymethacrylate, Citrus Aurantium Bergamia Fruit Oil, C1214 Pareth12, Polyglyceryl10 Myristate, Pelargonium Graveolens Flower Oil, Dextrin, Glyceryl Stearate, Sodium Hyaluronate, Salvia Officinalis Oil, Pogostemon Cablin Oil, Cholesterol, Ceramide EOP, Ceramide AP, Ceramide AS, Ceramide NS",478,16192,5.07,0.0,https://www.sephora.com/product/ceramidin-tm-liquid-P434364?icid2=products%20grid:p434364,5.07,7.6923076923076925
Wrinkle Warrior™ 2-in-1 Plumping Moisturizer + Serum,Kate Somerville,moisturizing-cream-oils-mists,95.0,"Dimethicone, Propanediol, Dimethyl Isosorbide, Hydrolyzed Vegetable Protein, Glycerin, Polysilicone11, Ammonium Acryloyldimethyltaurate, Butylene Glycol, Polymethylsilsesquioxane, Trehalose, Betaine, Hydrolyzed Hyaluronic Acid, Sodium Hyaluronate, Disodium Acetyl Glucosamine Phosphate, Polyglutamic Acid, Zanthoxylum Bungeanum Fruit Extract, Copper Lysinate, Methylglucoside Phosphate, Chondrus Crispus Extract, Glycine Soja Extract, Aloe Barbadensis Leaf Juice, Adenosine, PEG12 Dimethicone, Phenoxyethanol, HDI, Oleyl Alcohol, Decyl Glucoside, Parfum, Ethylhexylglycerin, Disodium EDTA, Gluconolactone, Benzyl Salicylate, Citric Acid, Linalool, Sodium Benzoate, Caprylyl Glycol, Hexylene Glycol, Geraniol, Citronellol",305,15425,1.7,0.0,https://www.sephora.com/product/wrinkle-warrior-2-in-1-plumping-moisturizer-serum-P415202?icid2=products%20grid:p415202,1.7,55.88235294117647
Adaptogen Soothe + Hydrate Activated Mist with Reishi + Ashwagandha,Youth To The People,moisturizing-cream-oils-mists,42.0,"Dimethicone, Propanediol, Dimethyl Isosorbide, Hydrolyzed Vegetable Protein, Glycerin, Polysilicone11, Ammonium Acryloyldimethyltaurate, Butylene Glycol, Polymethylsilsesquioxane, Trehalose, Betaine, Hydrolyzed Hyaluronic Acid, Sodium Hyaluronate, Disodium Acetyl Glucosamine Phosphate, Polyglutamic Acid, Zanthoxylum Bungeanum Fruit Extract, Copper Lysinate, Methylglucoside Phosphate, Chondrus Crispus Extract, Glycine Soja Extract, Aloe Barbadensis Leaf Juice, Adenosine, PEG12 Dimethicone, Phenoxyethanol, HDI, Oleyl Alcohol, Decyl Glucoside, Parfum, Ethylhexylglycerin, Disodium EDTA, Gluconolactone, Benzyl Salicylate, Citric Acid, Linalool, Sodium Benzoate, Caprylyl Glycol, Hexylene Glycol, Geraniol, Citronellol",200,11281,4.0,0.0,https://www.sephora.com/product/adaptogen-sooth-hydrate-activated-mist-P444980?icid2=products%20grid:p444980,4.0,10.5
SEA 4-in-1 Setting Mist,tarte,moisturizing-cream-oils-mists,25.0,"Stearic Acid, Synthetic Beeswax, Helianthus Annuus Seed Wax, Glyceryl Behenate, Paraffin, Polyglyceryl6 Distearate, Acacia Senegal Gum, Vp, Propanediol, Aminomethyl Propanediol, Hydrogenated Starch Hydrolysate, Phenoxyethanol, Hydroxyethylcellulose, Potassium Sorbate, Panthenol, Lauroyl Lysine, Silica, Laureth20, Magnesium Stearate, Butylene Glycol, Orbignya Oleifera Seed Oil, 12Hexanediol, Glycerin, Disodium Phosphate, Polysorbate 20, Sodium Phosphate, Tocopherol, Biotinoyl Tripeptide1, Iron Oxides, Black 2",1000,71453,0.0,2.5,https://www.sephora.com/product/sea-4-in-1-setting-mist-P405097?icid2=products%20grid:p405097,2.5,10.0
4.5% Retinol Night Treatment,SOBEL SKIN Rx,moisturizing-cream-oils-mists,105.0,"Purified Retinol, Dimethyl Isosorbide, Hydroxypinacolone Retinoate, Aloe Barbadnesis Leaf Extract, Chamomile Extract, Hydroxyethyl Acrylate, Isohexadecane, Polysorbate 60, Phenylethyl Alcohol, Ethylhexylglycerin, Hydrogenated Phosphatidylcholine, Caprylic, Pentylene Glycol, Shea Butter, Ceramide III, Helianthus Annuus Seed Oil, Persea Gratissima Oil, Macadamia Ternifolia Seed Oil, Rosa Moschata Seed Oil, Rosmarinus Officinalis Leaf Extract",111,635,1.7,0.0,https://www.sephora.com/product/sobel-skin-rx-4-5-retinol-night-treatment-P447213?icid2=products%20grid:p447213,1.7,61.764705882352935
Plantscription™ SPF 25 Power Anti-Aging Cream,Origins,moisturizing-cream-oils-mists,62.0,"Purified Retinol, Dimethyl Isosorbide, Hydroxypinacolone Retinoate, Aloe Barbadnesis Leaf Extract, Chamomile Extract, Hydroxyethyl Acrylate, Isohexadecane, Polysorbate 60, Phenylethyl Alcohol, Ethylhexylglycerin, Hydrogenated Phosphatidylcholine, Caprylic, Pentylene Glycol, Shea Butter, Ceramide III, Helianthus Annuus Seed Oil, Persea Gratissima Oil, Macadamia Ternifolia Seed Oil, Rosa Moschata Seed Oil, Rosmarinus Officinalis Leaf Extract",43,6870,1.7,0.0,https://www.sephora.com/product/plantscription-spf-25-power-anti-aging-cream-P409834?icid2=products%20grid:p409834,1.7,36.470588235294116
Mineral Face Matte Tint Sunscreen Moisturizer SPF 30,COOLA,moisturizing-cream-oils-mists,36.0,"Titanium Dioxide 32% Zinc Oxide 18%, Aluminum Hydroxide, Butyrospermum Parkii, Cucumis Sativus Fruit Extract, Cyclopentasiloxane, Dimethicone Crosspolymer, Glycerin, Hydrogen Dimethicone, Iron Oxides, Isopropyl Myristate, Isopropyl Titanium Triisostearate, Linum Usitatissimum Seed Oil, Mica, Oenothera Biennis Oil, Plankton Extract, Polyamide5, Polysilicone11, Propylene Carbonate, Rosa Canina Fruit Oil, Silica Silylate, Stearalkonium Hectorite, Synthetic Wax",204,15250,1.7,0.0,https://www.sephora.com/product/mineral-face-spf-30-matte-tint-P395627?icid2=products%20grid:p395627,1.7,21.176470588235293
Ultra Facial Cream SPF 30,Kiehl's Since 1851,moisturizing-cream-oils-mists,32.0,"Glycerin, Squalane, Dimethicone, Peg100 Stearate, Glyceryl Stearate, Silica, Octyldodecanol, Stearic Acid, Phenoxyethanol, Palmitic Acid, Tocopherol, Dicaprylyl Carbonate, Steareth100, Acrylates, Ophiopogon Japonicus Root Extract, Carbomer, Chlorphenesin, Capryloyl Salicylic Acid, Caprylyl Glycol, Xanthan Gum, Dimethicone, Disodium Edta, Sodium Hydroxide, Citrus Aurantium Dulcis Peel Oil, Limonene, Ectoin, Hydrolyzed Hyaluronic Acid, Myristic Acid, Mentha Piperita Oil, Pseudoalteromonas Ferment Extract, Ethylhexylglycerin, Linalool, Salicylic Acid",92,12513,1.7,0.0,https://www.sephora.com/product/ultra-facial-cream-spf-30-P422012?icid2=products%20grid:p422012,1.7,18.823529411764707
Squalane + Tea Tree Cleansing Gel,Biossance,moisturizing-cream-oils-mists,29.0,"Glycerin, Squalane, Dimethicone, Peg100 Stearate, Glyceryl Stearate, Silica, Octyldodecanol, Stearic Acid, Phenoxyethanol, Palmitic Acid, Tocopherol, Dicaprylyl Carbonate, Steareth100, Acrylates, Ophiopogon Japonicus Root Extract, Carbomer, Chlorphenesin, Capryloyl Salicylic Acid, Caprylyl Glycol, Xanthan Gum, Dimethicone, Disodium Edta, Sodium Hydroxide, Citrus Aurantium Dulcis Peel Oil, Limonene, Ectoin, Hydrolyzed Hyaluronic Acid, Myristic Acid, Mentha Piperita Oil, Pseudoalteromonas Ferment Extract, Ethylhexylglycerin, Linalool, Salicylic Acid",289,11349,5.07,0.0,https://www.sephora.com/product/squalane-tea-tree-cleansing-gel-P442549?icid2=products%20grid:p442549,5.07,5.719921104536488
CC Color Correcting & Redness Reducing Broad Spectrum SPF 25,Erborian,moisturizing-cream-oils-mists,44.0,"Cyclomethicone, Dipropylene Glycol, Glycerin, PEG10 Dimethicone, Methyl Trimethicone, CI 77891, C1215 Alkyl Benzoate, Dimethicone, Vinyl Dimethicone, Disteardimonium Hectorite, Magnesium Sulfate, Butylene Glycol, Centella Asiatica Extract, Talc, Dimethicone, Aluminum Hydroxide, Trihydroxystearin, Phenoxyethanol, Mica, Methicone, Palmitic Acid, Stearic Acid, Ethylhexylglycerin, Tocopheryl Acetate, Polyester1, Silica Dimethyl Silylate, Triethoxycaprylylsilane, Parfum, Hexyl Cinnamal, Alphaisomethyl Ionone, Linalool, Citronellol, Geraniol, Eugenol, Limonene, CI 77492, CI 77288, CI 77491, CI 77499",54,5976,1.5,0.0,https://www.sephora.com/product/cc-red-correct-automatic-perfector-broad-spectrum-spf-25-P437274?icid2=products%20grid:p437274,1.5,29.33333333333333
Firming Sleeping Cream,SEPHORA COLLECTION,moisturizing-cream-oils-mists,17.0,"Aqua, C1018 Triglycerides, Glycerin : Humectant, Dicaprylyl Ether, Cetearyl Alcohol, Caprylic, Glyceryl Stearate, Polyglyceryl3 Methylglucose Distearate, Octyldodecyl Myristate, Simmondsia Chinensis Seed Oil, Phenoxyethanol, Polyacrylate Crosspolymer6, Vaccinium Myrtillus Fruit Extract, Sodium Acrylates Copolymer, Sodium PCA, Potassium Cetyl Phosphate, Ethylhexylglycerin, Saccharum Officinarum Extract, Lecithin, Parfum, Citrus Aurantium Dulcis Fruit Extract, Citrus Limon Fruit Extract, Sodium Hydroxide, Chlorella Vulgaris Extract, Tocopherol, Helianthus Annuus Seed Oil, Acer Saccharum Extract, Citric Acid, CI 19140, CI 77491, Sodium Citrate, Xanthan Gum",116,11515,1.69,0.0,https://www.sephora.com/product/firming-sleeping-cream-P445726?icid2=products%20grid:p445726,1.69,10.059171597633137
Moisture Surge Overnight Mask,CLINIQUE,moisturizing-cream-oils-mists,36.0,"Glycerin, Cetyl Alcohol, Dimethicone, Glyceryl Polymethacrylate, Butyrospermum Parkii, Cetyl Ethylhexanoate, Peg8, Glycereth26, Sucrose, Sorbitan Stearate, Peg100 Stearate, Trehalose, Mangifera Indica Seed Butter, Hypnea Musciformis Extract, Gellidiela Acerosa Extract, Olea Europaea Fruit Extract, Triticum Vulgare Extract, Cladosiphon Okamuranus Extract, Astrocaryum Murumuru Seed Butter, Cetearyl Alcohol, Aloe Barbadensis Leaf Peg75, Caffeine, Pantethine, Sorbitol, Butylene Glycol, Oryzanol, Bisabolol, Panthenol, Phytosterols, Tocopheryl Acetate, Caprylyl Glycol, Sodium Hyaluronate, Hexylene Glycol, Carbomer, Potassium Hydroxide, Dextrin, Disodium Edta, Phenoxyethanol, Red 4, Yellow 5",386,27255,0.0,3.4,https://www.sephora.com/product/moisture-surge-overnight-mask-P377577?icid2=products%20grid:p377577,3.4,10.588235294117649
Vintage Single Extract Essence,AMOREPACIFIC,moisturizing-cream-oils-mists,145.0,"Propanediol, Glycerin, Camellia Sinensis Leaf Extract, 12Hexanediol, Ethylhexylglycerin",152,14629,0.0,4.05,https://www.sephora.com/product/vintage-single-extract-essence-P422238?icid2=products%20grid:p422238,4.05,35.80246913580247
Premier Cru Anti-Aging Rich Cream,Caudalie,moisturizing-cream-oils-mists,140.0,"CocoCaprylate, Butylene Glycol, Glyceryl Stearate, Cetearyl Alcohol, Cetearyl Glucoside, Hydrolyzed Yeast Protein, Niacinamide, Octyldodecyl Myristate, Pentaerythrityl Distearate, Vitis Vinifera Seed Oil, Butyrospermum Parkii Butter Extract, Jojoba Esters, Potassium Cetyl Phosphate, Polyglycerin3, Hydrolyzed Hyaluronic Acid, Glycerin, Palmitoyl Grapevine Shoot Extract, Palmitoyl Grape Seed Extract, Sodium Carboxymethyl BetaGlucan, Acacia Decurrens Flower Wax, Helianthus Annuus Seed Oil, Tocopherol, Helianthus Annuus Seed Wax, Palmitoyl Tripeptide1, Palmitoyl Tetrapeptide7, Parfum, Ethylhexylglycerin, Caprylyl Glycol, Pentylene Glycol, Ethylhexyl Palmitate, Carbomer, Potassium Sorbate, Xanthan Gum, Tribehenin, Sodium Phytate, Sorbitan Isostearate, Sodium Citrate, Arginine, Citric Acid, Lactic Acid, Ci 77891, Ci 77491, Ci 77492, Citronellol, Coumarin, Geraniol, Linalool Plant Origin",38,2788,1.7,0.0,https://www.sephora.com/product/premier-cru-rich-cream-P428108?icid2=products%20grid:p428108,1.7,82.3529411764706
Cicapair™ Tiger Grass Calming Gel Cream,Dr. Jart+,moisturizing-cream-oils-mists,48.0,"CocoCaprylate, Butylene Glycol, Glyceryl Stearate, Cetearyl Alcohol, Cetearyl Glucoside, Hydrolyzed Yeast Protein, Niacinamide, Octyldodecyl Myristate, Pentaerythrityl Distearate, Vitis Vinifera Seed Oil, Butyrospermum Parkii Butter Extract, Jojoba Esters, Potassium Cetyl Phosphate, Polyglycerin3, Hydrolyzed Hyaluronic Acid, Glycerin, Palmitoyl Grapevine Shoot Extract, Palmitoyl Grape Seed Extract, Sodium Carboxymethyl BetaGlucan, Acacia Decurrens Flower Wax, Helianthus Annuus Seed Oil, Tocopherol, Helianthus Annuus Seed Wax, Palmitoyl Tripeptide1, Palmitoyl Tetrapeptide7, Parfum, Ethylhexylglycerin, Caprylyl Glycol, Pentylene Glycol, Ethylhexyl Palmitate, Carbomer, Potassium Sorbate, Xanthan Gum, Tribehenin, Sodium Phytate, Sorbitan Isostearate, Sodium Citrate, Arginine, Citric Acid, Lactic Acid, Ci 77891, Ci 77491, Ci 77492, Citronellol, Coumarin, Geraniol, Linalool Plant Origin",526,8672,1.69,0.0,https://www.sephora.com/product/cicapair-tiger-grass-calming-gel-cream-P448185?icid2=products%20grid:p448185,1.69,28.402366863905325
Daily Reviving Concentrate,Kiehl's Since 1851,moisturizing-cream-oils-mists,50.0,"CocoCaprylate, Butylene Glycol, Glyceryl Stearate, Cetearyl Alcohol, Cetearyl Glucoside, Hydrolyzed Yeast Protein, Niacinamide, Octyldodecyl Myristate, Pentaerythrityl Distearate, Vitis Vinifera Seed Oil, Butyrospermum Parkii Butter Extract, Jojoba Esters, Potassium Cetyl Phosphate, Polyglycerin3, Hydrolyzed Hyaluronic Acid, Glycerin, Palmitoyl Grapevine Shoot Extract, Palmitoyl Grape Seed Extract, Sodium Carboxymethyl BetaGlucan, Acacia Decurrens Flower Wax, Helianthus Annuus Seed Oil, Tocopherol, Helianthus Annuus Seed Wax, Palmitoyl Tripeptide1, Palmitoyl Tetrapeptide7, Parfum, Ethylhexylglycerin, Caprylyl Glycol, Pentylene Glycol, Ethylhexyl Palmitate, Carbomer, Potassium Sorbate, Xanthan Gum, Tribehenin, Sodium Phytate, Sorbitan Isostearate, Sodium Citrate, Arginine, Citric Acid, Lactic Acid, Ci 77891, Ci 77491, Ci 77492, Citronellol, Coumarin, Geraniol, Linalool Plant Origin",106,21492,0.0,1.0,https://www.sephora.com/product/daily-reviving-concentrate-P422003?icid2=products%20grid:p422003,1.0,50.0
Oil and Pore Control Mattifier Broad Spectrum SPF 45 PA++++,Murad,moisturizing-cream-oils-mists,42.0,"Tapioca Starch, Polysilicone11, Methyl Methacrylate Crosspolymer, Propanediol Dicaprylate, Butylene Glycol, Coconut Alkanes, Cetearyl Alcohol, C2022 Alkyl Phosphate, Enantia Chlorantha Bark Extract, Butyl Avocadate, Retinyl Palmitate, Tocopheryl Acetate, Ascorbyl Palmitate, Sodium Hyaluronate, Allantoin, Zinc Gluconate, Glycerin, Oleanolic Acid, Urea, Yeast Amino Acids, Trehalose, Inositol, Taurine, Betaine, CocoCaprylate, Hydrogenated Lecithin, CocoGlucoside, C2022 Alcohols, Laureth12, Polyacrylate Crosspolymer6, Sodium Hydroxide, Disodium EDTA, Ethylhexylglycerin, Phenoxyethanol, Fragrance, Limonene, Linalool, Citral",378,5673,1.7,0.0,https://www.sephora.com/product/oil-pore-control-mattifier-broad-spectrum-spf-45-pa-P446934?icid2=products%20grid:p446934,1.7,24.705882352941174
Vine[activ] Overnight Detox Oil,Caudalie,moisturizing-cream-oils-mists,50.0,"Tapioca Starch, Polysilicone11, Methyl Methacrylate Crosspolymer, Propanediol Dicaprylate, Butylene Glycol, Coconut Alkanes, Cetearyl Alcohol, C2022 Alkyl Phosphate, Enantia Chlorantha Bark Extract, Butyl Avocadate, Retinyl Palmitate, Tocopheryl Acetate, Ascorbyl Palmitate, Sodium Hyaluronate, Allantoin, Zinc Gluconate, Glycerin, Oleanolic Acid, Urea, Yeast Amino Acids, Trehalose, Inositol, Taurine, Betaine, CocoCaprylate, Hydrogenated Lecithin, CocoGlucoside, C2022 Alcohols, Laureth12, Polyacrylate Crosspolymer6, Sodium Hydroxide, Disodium EDTA, Ethylhexylglycerin, Phenoxyethanol, Fragrance, Limonene, Linalool, Citral",152,21956,1.0,0.0,https://www.sephora.com/product/vine-activ-overnight-detox-oil-P417122?icid2=products%20grid:p417122,1.0,50.0
Eczema+ Dermatitis Face Balm,Skinfix,moisturizing-cream-oils-mists,28.0,"Allantoin, Beeswax, Butyrospermum Parkii Butter, Glycine Soja Oil, Paraffin, Petrolatum, Prunus Amygdalus Dulcis Oil, Simmondsia Chinensis Seed Oil, Tocopherol",152,4301,0.48,0.0,https://www.sephora.com/product/eczema-dermatitis-face-balm-P442843?icid2=products%20grid:p442843,0.48,58.33333333333334
Calendula Serum-Infused Water Cream,Kiehl's Since 1851,moisturizing-cream-oils-mists,50.0,"Dimethicone, Glycerin, Propylene Glycol, Propanediol, Panthenol, Dimethicone, Bisabolol, Diisopropyl Sebacate, Sodium Chloride, Phenoxyethanol, Polymethylsilsesquioxane, Chlorphenesin, Citrus Limon Peel Oil, Sodium Citrate, Calendula Officinalis Flower Extract, Limonene, PEG10 Dimethicone, Trisodium Ethylenediamine Disuccinate, Calendula Officinalis Flower, Citric Acid, Dipropylene Glycol, Geranium Maculatum Oil, Chamomilla Recutita Flower Oil, Citral, Citronellol, Geraniol, Farnesol, Linalool, Tocopherol, Cymbopogon Schoenanthus Oil, Artemisia Absinthium Extract",848,7241,0.0,1.7,https://www.sephora.com/product/kiehls-calendula-serum-infused-water-cream-P444059?icid2=products%20grid:p444059,1.7,29.411764705882355
C.E.O. Vitamin C Rich Hydration Cream,SUNDAY RILEY,moisturizing-cream-oils-mists,22.0,"Dimethicone, Glycerin, Propylene Glycol, Propanediol, Panthenol, Dimethicone, Bisabolol, Diisopropyl Sebacate, Sodium Chloride, Phenoxyethanol, Polymethylsilsesquioxane, Chlorphenesin, Citrus Limon Peel Oil, Sodium Citrate, Calendula Officinalis Flower Extract, Limonene, PEG10 Dimethicone, Trisodium Ethylenediamine Disuccinate, Calendula Officinalis Flower, Citric Acid, Dipropylene Glycol, Geranium Maculatum Oil, Chamomilla Recutita Flower Oil, Citral, Citronellol, Geraniol, Farnesol, Linalool, Tocopherol, Cymbopogon Schoenanthus Oil, Artemisia Absinthium Extract",900,2919,0.0,0.5,https://www.sephora.com/product/c-e-o-c-e-antioxidant-protect-repair-moisturizer-P418629?icid2=products%20grid:p418629,0.5,44.0
Alpine Berry Water Cream,Primera,moisturizing-cream-oils-mists,40.0,"Glycerin, Butylene Glycol, Squalane, BisHydroxyethoxypropyl Dimethicone, Caprylic, Sucrose Polystearate, Dicaprylyl Ether, Urea, Methyl Trimethicone, Pentaerythrityl Tetraethylhexanoate, Glyceryl Stearate, Theobroma Cacao Seed Butter, Polyglyceryl3 Methylglucose Distearate, Stearic Acid, Palmitic Acid, Hydrogenated Polyisobutene, Glyceryl Undecylenate, Hydroxyethyl Acrylate, Cetearyl Alcohol, Artemisia Princeps Leaf Fragrance, Xanthan Gum, Acrylates, Glyceryl Caprylate, Tromethamine, Ethylhexylglycerin, Sorbitan Isostearate, Disodium Edta, Rubus Fruticosus Fruit Extract, Arachidicacid, Myristic Acid, 12Hexanediol, Tocopherol, Fragaria Vesca Leaf Extract, Glycine Soja Oil",544,8074,1.6,0.0,https://www.sephora.com/product/primera-alpine-berry-water-cream-P446642?icid2=products%20grid:p446642,1.6,25.0
Hydra Zen Anti-Stress Gel Moisturizer,Lancôme,moisturizing-cream-oils-mists,48.0,"Glycerin, Cyclohexasiloxane, Cetearyl Ethylhexanoate, Alcohol Denat, Ammonium Polyacryloyldimethyl Taurate, Ci 14700, T-Butyl Alcohol, Madecassoside, Phenoxyethanol, Paeonia Suffruticosa Root Extract, Eugenol, Triethanolamine, Chlorphenesin, Salicylic Acid, Dimethicone, Dimethiconol, Limonene, Xanthan Gum, Benzyl Alcohol, Isopropyl Myristate, Propylene Glycol, Alpha-Isomethyl Ionone, Sorbitol, Moringa Pterygosperma Seed Extract, Disodium Edta, Rosa Gallica Flower Extract, Disodium Phosphate, Butylene Glycol, Butylphenyl Methylpropional, Citric Acid, Fragrance",1000,5665,1.7,0.0,https://www.sephora.com/product/hydra-zen-anti-stress-gel-moisturizer-P422430?icid2=products%20grid:p422430,1.7,28.235294117647058
Honey Grail Ultra-Hydrating Face Oil,Farmacy,moisturizing-cream-oils-mists,48.0,"Cocoglycerides, Caprylic, Octyldodecanol, Cocos Nucifera Oil, Crambe Abyssinica Seed Oil, Ethylcellulose, Oenothera Biennis Oil, Helianthus Annuus Seed Oil, Hibiscus Sabdariffa Seed Oil, Rosa Moschata Seed Oil, Honey Extract, Propolis Extract, Royal Jelly Extract, Hippophae Rhamnoides Oil, Hippophae Rhamnoides Seed Oil, Helianthus Annuus Extract, Citrus Aurantium Bergamia Fruit Oil, Tocopherol, Oryza Sativa Bran Extract, Rosmarinus Officinalis Leaf Extract, Flavor Natural Flavor",129,21181,1.0,0.0,https://www.sephora.com/product/honey-grail-ultra-hydrating-face-oil-P444226?icid2=products%20grid:p444226,1.0,48.0
Bio-Performance Glow Revival Cream,Shiseido,moisturizing-cream-oils-mists,110.0,"Dipropylene Glycol, Dimethicone, Glycerin, Sd Alcohol 40B, Triethylhexanoin, Diphenylsiloxy Phenyl Trimethicone, Hydrogenated Polydecene, Phytosteryl Macadamiate, Dimethicone Crosspolymer, Microcrystalline Wax, Behenyl Alcohol, Glyceryl Stearate Se, Talc, Trehalose, Peg, Hydrogenated Polyisobutene, Methyl Methacrylate Crosspolymer, Stearyl Alcohol, Dimethylacrylamide, Polysorbate 60, Peg40 Stearate, Phenoxyethanol, Mica, Titanium Dioxide, Sorbitan Tristearate, Disodium Edta, Tocopheryl Acetate, Caffeine, Sodium Citrate, Fragrance, 2OEthyl Ascorbic Acid, Silica, Butylene Glycol, Sodium Metaphosphate, Limonene, Citric Acid, Xylitol, Oryzanol, Magnesium Ascorbyl Phosphate, Alcohol, Hexyl Cinnamal, Benzyl Benzoate, Butylphenyl Methylpropional, Linalool, Sodium Metabisulfite, Sodium Acetylated Hyaluronate, Iron Oxides, AlphaIsomethyl Ionone, Saccharomyces Ferment Lysate Filtrate, Crataegus Monogyna Flower Extract, Citronellol, Geraniol, Dipotassium Glycyrrhizate, Tocopherol, Paeonia Suffruticosa Root Extract, Rehmannia Chinensis Root Extract, Cinnamomum Cassia Bark Extract, Bupleurum Falcatum Root Extract, Camellia Sinensis Leaf Extract",33,4565,1.7,0.0,https://www.sephora.com/product/bio-performance-glow-revival-cream-P403819?icid2=products%20grid:p403819,1.7,64.70588235294117
Extra-Firming Wrinkle Control Firming Day Cream SPF 15,Clarins,moisturizing-cream-oils-mists,87.0,"Glycerin, Butyloctyl Salicylate, Butyrospermum Parkii Butter, Dimethicone, C1215 Alkyl Benzoate, Cetearyl Alcohol, Methyl Methacrylate Crosspolymer, Potassium Cetyl Phosphate, Parfum, Cetearyl Glucoside, Dimethicone, Phenoxyethanol, Butylene Glycol, Acrylates, Caprylyl Glycol, Tromethamine, Avena Sativa Kernel Extract, Disodium Edta, Tocopheryl Acetate, Xanthan Gum, Dimethiconol, Tocopherol, Anigozanthos Flavidus Extract, Caprylic, Betaine, Silica, Sorbitol, Diospyros Mespiliformis Leaf Extract, Maltodextrin, Sanicula Europaea Extract, Sodium Benzoate, Kalanchoe Pinnata Leaf Extract, Balanites Roxburghii Seed Oil, Mitracarpus Scaber Extract, Citric Acid, Malpighia Emarginata Seed Extract, Lapsana Communis Flower, Furcellaria Lumbricalis Extract, Ci 15985, Potassium Sorbate, Maris Sal",8,2755,1.7,0.0,https://www.sephora.com/product/extra-firming-wrinkle-control-firming-day-cream-spf-15-P430338?icid2=products%20grid:p430338,1.7,51.17647058823529
Benefiance Wrinkle Smoothing Cream,Shiseido,moisturizing-cream-oils-mists,70.0,"Sd Alcohol 40B, Glycerin, Dipropylene Glycol, Niacinamide, Cyclohexasiloxane, Cetyl Ethylhexanoate, Hydrogenated Polydecene, Phytosteryl, Dimethicone, Ppg3 Dipivalate, Myristyl Myristate, Methyl Methacrylate Crosspolymer, Hydrogenated Palm Oil, Ammonium Acryloyldimethyltaurate, Behenyl Alcohol, Polysorbate 60, Peg30 Phytosterol, Phenoxyethanol, Dimethicone, Batyl Alcohol, Alcohol, Tocopheryl Acetate, Erythritol, Peg, Peg, Butylene Glycol, Fragrance, Carbomer, Acrylates, Potassium Hydroxide, Caffeine, Disodium Edta, Sodium Metaphosphate, Tocopherol, Sapindus Mukorossi Peel Extract, Iron Oxides, Linalool, Sodium Metabisulfite, Limonene, Citronellol, Angelica Keiskei Leaf, Geraniol, Camellia Sinensis Leaf Extract, Citrus Junos Seed Extract, Hdi, Ziziphus Jujuba Fruit Extract, Iron Oxides, Eucheuma Serra, Curcuma Longa Rhizome Extract, Saccharina Angustata, Chlorella Vulgaris Extract, Silica",140,1761,0.0,1.7,https://www.sephora.com/product/benefiance-wrinkle-smoothing-cream-P448200?icid2=products%20grid:p448200,1.7,41.1764705882353
Coconut Melt,Kopari,moisturizing-cream-oils-mists,28.0,Organic,711,40337,0.0,5.1,https://www.sephora.com/product/coconut-melt-P413350?icid2=products%20grid:p413350,5.1,5.490196078431373
Oil Free Moisturizer,Kate Somerville,moisturizing-cream-oils-mists,65.0,"Isocetyl Stearate, Pentaerythrityl Tetracaprylate, C1215 Alkyl Benzoate, Polyamide5, Xylitylglucoside, Anhydroxylitol, Xylitol, Dipalmitoyl Hydroxyproline, PEG, Behenyl Alcohol, Pullulan, Cetearyl Ethylhexanoate, Sodium Polyacrylate, Dimethicone, Cyclopentasiloxane, Butylene Glycol, Trideceth6, Algae Extract, Triethanolamine, Ahnfeltiopsis Concinna Extract, Ethylhexylglycerin, Phenoxyethanol, Adenosine",687,15913,1.7,0.0,https://www.sephora.com/product/oil-free-moisturizer-P232906?icid2=products%20grid:p232906,1.7,38.23529411764706
Superdefense SPF 20 Daily Defense Moisturizer Very Dry to Dry Combination,CLINIQUE,moisturizing-cream-oils-mists,48.0,"Isocetyl Stearate, Pentaerythrityl Tetracaprylate, C1215 Alkyl Benzoate, Polyamide5, Xylitylglucoside, Anhydroxylitol, Xylitol, Dipalmitoyl Hydroxyproline, PEG, Behenyl Alcohol, Pullulan, Cetearyl Ethylhexanoate, Sodium Polyacrylate, Dimethicone, Cyclopentasiloxane, Butylene Glycol, Trideceth6, Algae Extract, Triethanolamine, Ahnfeltiopsis Concinna Extract, Ethylhexylglycerin, Phenoxyethanol, Adenosine",262,5282,1.7,0.0,https://www.sephora.com/product/superdefense-spf-20-age-defense-moisturizer-very-dry-to-dry-combination-P223707?icid2=products%20grid:p223707,1.7,28.235294117647058
Skin Dope Argan Oil + 100 mg CBD,Josie Maran,moisturizing-cream-oils-mists,78.0,2 Fullspectrum CBD or broadspectrum CBD No CBD isolate,56,6253,1.7,0.0,https://www.sephora.com/product/skin-dope-argan-oil-100-mg-cbd-non-psychoactive-P441868?icid2=products%20grid:p441868,1.7,45.88235294117647
Orchid Youth-Preserving Facial Oil,Herbivore,moisturizing-cream-oils-mists,64.0,2 Fullspectrum CBD or broadspectrum CBD No CBD isolate,160,18822,1.7,0.0,https://www.sephora.com/product/orchid-youth-preserving-facial-oil-P400205?icid2=products%20grid:p400205,1.7,37.647058823529406
anti-wrinkle miracle worker+ line-correcting moisturizer,philosophy,moisturizing-cream-oils-mists,64.0,"Cyclopentasiloxane, Glycerin, Cyclohexasiloxane, Propanediol, Ascorbyl Glucoside, Behenyl Alcohol, Dimethicone, Peg, Phenoxyethanol, Borago Officinalis Seed Oil, Linum Usitatissimum Seed Oil, Helianthus Annuus Seed Oil, Bisabolol, Sodium Hydroxide, Polysorbate 20, Butylene Glycol, Parfum, Isopropyl Palmitate, Ethylhexylglycerin, Disodium Edta, Peg8, Lecithin, Citrus Aurantium Dulcis Fruit Extract, Tocopherol, Resveratrol, Limonene, 3OEthyl Ascorbic Acid, Carbomer, Saponins, Benzyl Salicylate, Hyaluronic Acid, Silanetriol, Swertia Chirata Extract, Ascorbyl Palmitate, Citric Acid, Mineral Salts, Sorbic Acid, Anogeissus Leiocarpus Bark Extract, Ascorbic Acid, Farnesol, Olus, Palmitoyl Tripeptide1, Palmitoyl Tetrapeptide7",62,1470,0.0,2.0,https://www.sephora.com/product/anti-wrinkle-miracle-worker-line-correcting-moisturizer-P440476?icid2=products%20grid:p440476,2.0,32.0
Make-Up Removing Cleansing Oil,Caudalie,moisturizing-cream-oils-mists,28.0,"Helianthus Annuus Seed Oil, Polyglyceryl4 Oleate, Caprylic, Ricinus Communis Seed Oil, Prunus Amygdalus Dulcis Oil, Vitis Vinifera Seed Oil, Tocopherol, Fragrance Plant origin",236,18146,0.0,5.0,https://www.sephora.com/product/make-up-removing-cleansing-oil-P401244?icid2=products%20grid:p401244,5.0,5.6
Emerald Hemp Seed Deep Moisture Glow Oil,Herbivore,moisturizing-cream-oils-mists,48.0,"Helianthus Annuus Seed Oil, Polyglyceryl4 Oleate, Caprylic, Ricinus Communis Seed Oil, Prunus Amygdalus Dulcis Oil, Vitis Vinifera Seed Oil, Tocopherol, Fragrance Plant origin",343,35912,1.0,0.0,https://www.sephora.com/product/emerald-cannabis-sativa-hemp-seed-deep-moisture-glow-oil-P437981?icid2=products%20grid:p437981,1.0,48.0
Purity Made Simple Ultra-Light Moisturizer,philosophy,moisturizing-cream-oils-mists,25.0,"Cyclopentasiloxane, BisPEG18 Methyl Ether Dimethyl Silane, Glycerin, Butylene Glycol, Butyrospermum Parkii Butter, Glyceryl Stearate, PEG100 Stearate, Cetearyl Alcohol, Cetyl Alcohol, Limnanthes Alba Seed Oil, Phenoxyethanol, Stearic Acid, Tocopheryl Acetate, Salvia Hispanica Seed Oil, Panthenol, Fragrance, Acrylates, Linalool, BHT, Ascorbyl Glucoside, Disodium EDTA, Sodium Hydroxide, PEG8, Tocopherol, Sodium Hyaluronate, Lecithin, Alcohol Denat, Geraniol, Polyglyceryl3 Diisostearate, Pantolactone, Ascorbyl Palmitate, Citronellol, Camellia Sinensis Leaf Extract, Coffea Arabica Seed Extract, Pongamia Pinnata Seed Extract, Benzyl Benzoate, Limonene, Ascorbic Acid, Angelica Archangelica Root Extract, Citrus Aurantium Amara Peel Extract, Maltodextrin, Citric Acid, Magnesium Aluminum Silicate, Xanthan Gum, Caprylyl Glycol, Sclerotium Gum, Sorbic Acid, FD&amp, C Yellow No 5, FD&amp, C Yellow No 6",458,13502,4.7,0.0,https://www.sephora.com/product/purity-made-simple-ultra-light-moisturizer-P428413?icid2=products%20grid:p428413,4.7,5.319148936170213
Hypoallergenic Nourishing Moisturizer,Perricone MD,moisturizing-cream-oils-mists,69.0,"Cyclopentasiloxane, BisPEG18 Methyl Ether Dimethyl Silane, Glycerin, Butylene Glycol, Butyrospermum Parkii Butter, Glyceryl Stearate, PEG100 Stearate, Cetearyl Alcohol, Cetyl Alcohol, Limnanthes Alba Seed Oil, Phenoxyethanol, Stearic Acid, Tocopheryl Acetate, Salvia Hispanica Seed Oil, Panthenol, Fragrance, Acrylates, Linalool, BHT, Ascorbyl Glucoside, Disodium EDTA, Sodium Hydroxide, PEG8, Tocopherol, Sodium Hyaluronate, Lecithin, Alcohol Denat, Geraniol, Polyglyceryl3 Diisostearate, Pantolactone, Ascorbyl Palmitate, Citronellol, Camellia Sinensis Leaf Extract, Coffea Arabica Seed Extract, Pongamia Pinnata Seed Extract, Benzyl Benzoate, Limonene, Ascorbic Acid, Angelica Archangelica Root Extract, Citrus Aurantium Amara Peel Extract, Maltodextrin, Citric Acid, Magnesium Aluminum Silicate, Xanthan Gum, Caprylyl Glycol, Sclerotium Gum, Sorbic Acid, FD&amp, C Yellow No 5, FD&amp, C Yellow No 6",384,3548,2.0,0.0,https://www.sephora.com/product/hypoallergenic-nourishing-moisturizer-face-cream-P294205?icid2=products%20grid:p294205,2.0,34.5
Anti-Aging Moisturizer SPF 30 PA+++,Murad,moisturizing-cream-oils-mists,50.0,"Cetyl Alcohol, Glycerin, Polyester8, Urea, Yeast Amino Acids, Trehalose, Inositol, Taurine, Betaine, Phospholipids, Tocopheryl Acetate, Ascorbyl Palmitate, Ethylhexyl Palmitate, Silica Dimethyl Silylate, Butylene Glycol, Sodium Hyaluronate, Caprylic, Laminaria Ochroleuca Extract, Saccharomyces, Hydroxyethylcellulose, Cetearyl Olivate, Sorbitan Olivate, Dimethicone, Zinc Gluconate, Macrocystis Pyrifera Extract, Hydrolyzed Wheat Protein, PVP, Hydrolyzed Ceratonia Siliqua Seed Extract, Argania Spinosa Kernel Extract, Serenoa Serrulata Fruit Extract, Sesamum Indicum Seed Extract, Cimicifuga Racemosa Root Extract, Melaleuca Alternifolia Leaf Oil, Laminaria Saccharina Extract, Diethylhexyl Syringylidenemalonate, Ascorbic Acid, Chitosan, Propyl Gallate, PEG100 Stearate, Glyceryl Stearate, Xanthan Gum, Hydroxyethyl Acrylate, Disodium EDTA, Aminomethyl Propanol, Silica, Phenoxyethanol, Caprylyl Glycol, Chlorphenesin, Citronellol, Geraniol, Limonene, Linalool, Fragrance",111,9578,1.7,0.0,https://www.sephora.com/product/anti-aging-moisturizer-spf-30-pa-P398068?icid2=products%20grid:p398068,1.7,29.411764705882355
Vitamin C Ester Photo-Brightening Moisturizer SPF 30,Perricone MD,moisturizing-cream-oils-mists,69.0,"Glycerin, Cyclopentasiloxane, Dimethicone, Pentylene Glycol, Ethylhexyl Methoxycrylene, Polyester8, Polyglyceryl3 Polydimethylsiloxyethyl Dimethicone, Hydroxyethyl Acrylate, Benzyl Alcohol, Aluminum Hydroxide, Stearic Acid, Diethylhexyl Syringylidenemalonate, Hydrogenated Lecithin, Isohexadecane, Bisabolol, Tetrahexyldecyl Ascorbate, Phenoxyethanol, Polysilicone11, Polysorbate 60, Caprylic, Sodium Benzoate Potassium Sorbate, Xanthan Gum, Hydrogenated Phosphatidylcholine, Thioctic Acid, Astaxanthin",603,14288,0.0,2.0,https://www.sephora.com/product/photo-plasma-moisturizer-broad-spectrum-spf-30-P379495?icid2=products%20grid:p379495,2.0,34.5
Skin Perfecting Lotion - Blemish Prone/Oily Skin,Murad,moisturizing-cream-oils-mists,42.0,"Dicaprylyl Maleate, C1215 Alkyl Benzoate, Butylene Glycol, Glycerin, Sorbitan Stearate, Squalane, Stearic Acid, Retinol, Caprylic, Urea, Yeast Amino Acids, Trehalose, Inositol, Taurine, Betaine, Arnica Montana Flower Extract, Epilobium Angustifolium Flower, Hydrolyzed Soy Flour, Spiraea Ulmaria Extract, Honey Extract, Cetearyl Alcohol, Ceteareth20, Talc, Glycolipids, Sodium Hyaluronate, Panthenol, Lecithin, Avena Sativa Kernel Protein, Tocopherol, Magnesium Ascorbyl Phosphate, Chondrus Crispus Extract, Dimethicone, Sodium PCA, Allantoin, Sclerotium Gum, Carbomer, Disodium EDTA, Aminomethyl Propanol, Phenoxyethanol, Caprylyl Glycol, Chlorphenesin, Citrus Aurantium Dulcis Fruit Extract",957,30479,1.7,0.0,https://www.sephora.com/product/skin-perfecting-lotion-blemish-prone-oily-skin-P4050?icid2=products%20grid:p4050,1.7,24.705882352941174
Essential Energy Moisturizing Cream,Shiseido,moisturizing-cream-oils-mists,48.0,"Dipropylene Glycol, Glycerin, Betaine, Alcohol Denat, Dimethicone, Isodecyl Neopentanoate, PPG3 Dipivalate, Xylitol, Phytosteryl, Phenoxyethanol, HDI, Ammonium Acryloyldimethyltaurate, Carbomer, Alcohol, Potassium Hydroxide, Erythritol, PEG, PEG, Tocopheryl Acetate, Fragrance, Butylene Glycol, Xanthan Gum, Disodium EDTA, Acrylates, Aminopropyl Dimethicone, Caffeine, Tremella Fuciformis Polysaccharide, Silica, Sodium Metaphosphate, Hexyl Cinnamal, Tocopherol, Limonene, Linalool, Sodium Metabisulfite, Citronellol, Scutellaria Baicalensis Root Extract, Angelica Keiskei Leaf, Geraniol, Camellia Sinensis Leaf Extract, Sodium Acetylated Hyaluronate, Iron Oxides, Citrus Unshiu Peel Extract, Zingiber Aromaticus Extract, Hydrolyzed Conchiolin Protein, cinnamomum Cassia Bark Extract, Pyrola Incarnata Extract, Panax Ginseng Root Extract",26,3453,1.7,0.0,https://www.sephora.com/product/essential-energy-moisturizing-cream-P428089?icid2=products%20grid:p428089,1.7,28.235294117647058
Turnaround Overnight Revitalizing Moisturizer,CLINIQUE,moisturizing-cream-oils-mists,42.0,"Isostearyl Palmitate, Cetyl Ricinoleate, Dimethicone, Butylene Glycol, Squalane, Glyceryl Stearate, Peg100 Stearate, Cetyl Alcohol, Stearic Acid, Arginine, Sigesbeckia Orientalis Extract, Hordeum Vulgare Extract, Castanea Sativa Seed Extract, Cucumis Sativus Fruit Extract, Yeast Extract, Rosmarinus Officinalis Extract, Trehalose, Salicylic Acid, Creatine, Ethylhexylglycerin, Lecithin, Propylene Glycol Dicaprate, Acetyl Glucosamine, Hydroxyethyl Urea, Petrolatum, Helianthus Annuus Seedcake, Polysilicone11, Tromethamine, Caprylyl Glycol, Sodium Rna, Tocopheryl Acetate, Glycerin, Phospholipids, Hexylene Glycol, Sodium Hyaluronate, Disodium Nadh, Micrococcus Lysate, Laurdimonium Hydroxypropyl Hydrolyzed Soy Protein, Xanthan Gum, Adenosine Phosphate, Carbomer, Ascorbyl Tocopheryl Maleate, Ptfe, Nordihydroguaiaretic Acid, Disodium Edta, Sodium Metabisulfite, Chlorphenesin, Potassium Sorbate, Phenoxyethanol",327,15855,0.0,1.7,https://www.sephora.com/product/turnaround-overnight-revitalizing-moisturizer-P296834?icid2=products%20grid:p296834,1.7,24.705882352941174
Black Tea Age-Delay Cream,Fresh,moisturizing-cream-oils-mists,90.0,"Isostearyl Palmitate, Cetyl Ricinoleate, Dimethicone, Butylene Glycol, Squalane, Glyceryl Stearate, Peg100 Stearate, Cetyl Alcohol, Stearic Acid, Arginine, Sigesbeckia Orientalis Extract, Hordeum Vulgare Extract, Castanea Sativa Seed Extract, Cucumis Sativus Fruit Extract, Yeast Extract, Rosmarinus Officinalis Extract, Trehalose, Salicylic Acid, Creatine, Ethylhexylglycerin, Lecithin, Propylene Glycol Dicaprate, Acetyl Glucosamine, Hydroxyethyl Urea, Petrolatum, Helianthus Annuus Seedcake, Polysilicone11, Tromethamine, Caprylyl Glycol, Sodium Rna, Tocopheryl Acetate, Glycerin, Phospholipids, Hexylene Glycol, Sodium Hyaluronate, Disodium Nadh, Micrococcus Lysate, Laurdimonium Hydroxypropyl Hydrolyzed Soy Protein, Xanthan Gum, Adenosine Phosphate, Carbomer, Ascorbyl Tocopheryl Maleate, Ptfe, Nordihydroguaiaretic Acid, Disodium Edta, Sodium Metabisulfite, Chlorphenesin, Potassium Sorbate, Phenoxyethanol",327,11734,0.0,1.6,https://www.sephora.com/product/black-tea-age-delay-cream-P217512?icid2=products%20grid:p217512,1.6,56.25
Noni Glow Face Oil Mini,KORA Organics,moisturizing-cream-oils-mists,25.0,From essential oils,95,11941,0.0,0.34,https://www.sephora.com/product/noni-glow-face-oil-mini-P434336?icid2=products%20grid:p434336,0.34,73.52941176470588
V7 Priming Moisturizer,Dr. Jart+,moisturizing-cream-oils-mists,48.0,From essential oils,50,4385,1.69,0.0,https://www.sephora.com/product/v7-priming-moisturizer-P445466?icid2=products%20grid:p445466,1.69,28.402366863905325
Dramatically Different Hydrating Jelly,CLINIQUE,moisturizing-cream-oils-mists,28.0,"BisPeg18 Methyl Ether Dimethyl Silane, Butylene Glycol, Glycerin, Cucumis Sativus Fruit Extract, Hypnea Musciformis Extract, Gelidiella Acerosa Extract, Hordeum Vulgare Extract, Padina Pavonica Thallus Extract, Helianthus Annuus Seedcake, Sucrose, Caffeine, Sodium Hyaluronate, Hydroxyethyl Urea, Hydrolyzed Rice Extract, Sorbitol, Sodium Polyaspartate, Ppg6Decyltetradeceth30, Ethylhexylglycerin, Propylene Glycol Dicaprate, Caprylyl Glycol, Trehalose, Polysorbate 80, Carbomer, Sodium Hydroxide, Hexylene Glycol, Citric Acid, Sodium Citrate, Disodium Edta, Phenoxyethanol",593,24403,0.0,4.2,https://www.sephora.com/product/dramatically-different-hydrating-jelly-P432241?icid2=products%20grid:p432241,4.2,6.666666666666666
Squalane Facial Oil,Indie Lee,moisturizing-cream-oils-mists,34.0,OliveDerived Squalane Oil,62,7219,1.0,0.0,https://www.sephora.com/product/squalane-facial-oil-P433890?icid2=products%20grid:p433890,1.0,34.0
Take The Day Off Cleansing Oil,CLINIQUE,moisturizing-cream-oils-mists,28.0,"Cetyl Ethylhexanoate, Triethylhexanoin, Peg20 Glyceryl Triisostearate, Polybutene, Peg8 Diisostearate, Peg12 Diisostearate, Ppg15 Stearyl Ether, Tocopheryl Acetate, Glycerin, Caprylyl Glycol, Glyceryl Laurate, Bht",464,22048,0.0,6.7,https://www.sephora.com/product/take-the-day-off-cleansing-oil-P384821?icid2=products%20grid:p384821,6.7,4.17910447761194
Super Rich Repair Moisturizer,Dermalogica,moisturizing-cream-oils-mists,89.0,"Cetyl Ethylhexanoate, Triethylhexanoin, Peg20 Glyceryl Triisostearate, Polybutene, Peg8 Diisostearate, Peg12 Diisostearate, Ppg15 Stearyl Ether, Tocopheryl Acetate, Glycerin, Caprylyl Glycol, Glyceryl Laurate, Bht",109,1647,1.7,0.0,https://www.sephora.com/product/super-rich-repair-P423135?icid2=products%20grid:p423135,1.7,52.352941176470594
Argan Cleansing Oil,Josie Maran,moisturizing-cream-oils-mists,34.0,"Cetyl Ethylhexanoate, Triethylhexanoin, Peg20 Glyceryl Triisostearate, Polybutene, Peg8 Diisostearate, Peg12 Diisostearate, Ppg15 Stearyl Ether, Tocopheryl Acetate, Glycerin, Caprylyl Glycol, Glyceryl Laurate, Bht",1000,25579,0.0,6.0,https://www.sephora.com/product/argan-cleansing-oil-P283501?icid2=products%20grid:p283501,6.0,5.666666666666668
Plantscription™ Youth-Renewing Power Night Cream,Origins,moisturizing-cream-oils-mists,62.0,"Cetyl Ethylhexanoate, Triethylhexanoin, Peg20 Glyceryl Triisostearate, Polybutene, Peg8 Diisostearate, Peg12 Diisostearate, Ppg15 Stearyl Ether, Tocopheryl Acetate, Glycerin, Caprylyl Glycol, Glyceryl Laurate, Bht",15,4105,1.7,0.0,https://www.sephora.com/product/plantscription-youth-renewing-power-night-cream-P408241?icid2=products%20grid:p408241,1.7,36.470588235294116
Aglow™ Priming Oil,lilah b.,moisturizing-cream-oils-mists,68.0,"Cetyl Ethylhexanoate, Triethylhexanoin, Peg20 Glyceryl Triisostearate, Polybutene, Peg8 Diisostearate, Peg12 Diisostearate, Ppg15 Stearyl Ether, Tocopheryl Acetate, Glycerin, Caprylyl Glycol, Glyceryl Laurate, Bht",6,584,0.0,1.0,https://www.sephora.com/product/lilah-b-aglow-priming-oil-P454770?icid2=products%20grid:p454770,1.0,68.0
Renewed Hope in A Jar SPF 30 Moisturizer,philosophy,moisturizing-cream-oils-mists,39.0,"Cetyl Ethylhexanoate, Triethylhexanoin, Peg20 Glyceryl Triisostearate, Polybutene, Peg8 Diisostearate, Peg12 Diisostearate, Ppg15 Stearyl Ether, Tocopheryl Acetate, Glycerin, Caprylyl Glycol, Glyceryl Laurate, Bht",108,5370,0.0,2.0,https://www.sephora.com/product/renewed-hope-in-jar-spf-30-P393516?icid2=products%20grid:p393516,2.0,19.5
"Bienfait Multi-Vital Night Cream, Highly Potent Overnight Face Moisturizer",Lancôme,moisturizing-cream-oils-mists,54.0,"Aqua, Hydrogenated Polyisobutene, Paraffinum Liquidum, Glycerin, Cetyl Alcohol, Butylene Glycol, Peg100 Stearate, Glyceryl Stearate, Oryza Sativa Bran Oil, Zea Mays Oil, Hydroxyethylpiperazine Ethane Sulfonic Acid, Ci 15985, Ci 19140, C1314 Isoparaffin, Tocopheryl Acetate, Tocopherol, Ascorbyl Glucoside, Hydroxycitronellal, Phenoxyethanol, Magnesium Aspartate, Triticum Vulgare Germ Oil, Polyacrylamide, Chlorhexidine Digluconate, Polycaprolactone, Panthenol, Pentaerythrityl TetraDiTButyl Hydroxyhydrocinnamate, Benzyl Salicylate, Benzyl Alcohol, Linalool, Zinc Gluconate, Caprylyl Glycol, AlphaIsomethyl Ionone, Copper Gluconate, Sorbitan Tristearate, Cera Microcristallina, Paraffin, Sesamum Indicum Oil, Retinyl Palmitate, Butylphenyl Methylpropional, Laureth7, Hexyl Cinnamal, Glycine Soja Oil, Parfum",104,8501,1.69,0.0,https://www.sephora.com/product/bienfait-multi-vital-night-high-potency-night-moisturizing-cream-vita-nutri-8-P185818?icid2=products%20grid:p185818,1.69,31.952662721893486
Cold Plasma Plus+ Neck & Chest Broad Spectrum SPF 25,Perricone MD,moisturizing-cream-oils-mists,89.0,"Dimethicone, Cyclopenta siloxane, Glycerin, Niacinamide, Ethylhexyl Methoxycrylene, Pentylene Glycol, Hydroxyethyl Acrylate, Polyester8, Polyglyceryl3 Polydimethylsiloxyethyl Dimethicone, Tetrahexyldecyl Ascorbate, Thioctic Acid, Acetyl Tetrapeptide9, Diethylhexyl Syringylidenemalonate, Hydrogenated Lecithin, Bisabolol, Xanthan Gum, Hydrogenated Phosphatidylcholine, Mannitol, Benzyl Alcohol, Stearic Acid, Isohexadecane, Polysilicone11, Polysorbate 60, Sorbitan Isostearate, Caprylic, Phenoxyethanol, Potassium Sorbate, Sodium Benzoate, Aluminum Hydroxide",229,3242,1.0,0.0,https://www.sephora.com/product/cold-plasma-plus-neck-chest-broad-spectrum-spf-25-P431185?icid2=products%20grid:p431185,1.0,89.0
Skin Smoothing Cream Moisturizer,Dermalogica,moisturizing-cream-oils-mists,69.0,"Dimethicone, Cyclopenta siloxane, Glycerin, Niacinamide, Ethylhexyl Methoxycrylene, Pentylene Glycol, Hydroxyethyl Acrylate, Polyester8, Polyglyceryl3 Polydimethylsiloxyethyl Dimethicone, Tetrahexyldecyl Ascorbate, Thioctic Acid, Acetyl Tetrapeptide9, Diethylhexyl Syringylidenemalonate, Hydrogenated Lecithin, Bisabolol, Xanthan Gum, Hydrogenated Phosphatidylcholine, Mannitol, Benzyl Alcohol, Stearic Acid, Isohexadecane, Polysilicone11, Polysorbate 60, Sorbitan Isostearate, Caprylic, Phenoxyethanol, Potassium Sorbate, Sodium Benzoate, Aluminum Hydroxide",75,1013,0.0,3.4,https://www.sephora.com/product/skin-smoothing-cream-P443359?icid2=products%20grid:p443359,3.4,20.294117647058822
Cannabis Sativa Seed Oil Herbal Concentrate (Hemp-Derived) ,Kiehl's Since 1851,moisturizing-cream-oils-mists,50.0,"Cannabis Sativa Seed Oil, Dicaprylyl Ether, Tocopherol, Pelargonium Graveolens Flow Oil, Origanum Heracleoticum Flower Oil, Cymbopogon Schoenanthus Oil, Mentha Piperita Oil, Citral, Citronellol, Geraniol, Linalool, Limonene",155,13166,1.0,0.0,https://www.sephora.com/product/cannabis-sativa-seed-oil-herbal-concentrate-P440937?icid2=products%20grid:p440937,1.0,50.0
ExfoliKate® Glow Moisturizer,Kate Somerville,moisturizing-cream-oils-mists,65.0,"Cetyl Ricinoleate, Isostearyl Palmitate, Dimethicone, Squalane, Lactic Acid, Glyceryl Stearate, PEG100 Stearate, Propanediol, Glycolic Acid, Myristyl Alcohol, Cyclopentasiloxane, Sodium Hydroxide, Lactobacillus, Leuconostoc, Bromelain, Papain, Opuntia FicusIndica Fruit Extract, Glycerin, Saccharomyces Cerevisiae Extract, Polysilicone11, Citrus Aurantium Bergamia Fruit Oil, Aniba Rosaeodora Wood Extract, Citrus Aurantium Dulcis Peel Oil, Pelargonium Graveolens Flower Oil, Tocopheryl Acetate, Phenoxyethanol, Polyacrylate Crosspolymer6, Myristyl Glucoside, Cyclohexasiloxane, PEG40 Stearate, Xanthan Gum, Ethylhexylglycerin, Disodium EDTA, Maltodextrin, TButyl Alcohol, Citronellol, Benzyl Benzoate, Citral, Limonene, Linalool, Geraniol, CI 75810",987,10372,1.7,0.0,https://www.sephora.com/product/exfolikate-glow-moisturizer-P421276?icid2=products%20grid:p421276,1.7,38.23529411764706
Confidence In A Cream Rosy Tone,IT Cosmetics,moisturizing-cream-oils-mists,49.0,"Squalane, Cyclohexasiloxane, Glycerin, Cetyl Alcohol, Glyceryl Stearate, Peg40 Stearate, Myristyl Myristate, Pentaerythrityl Tetraethylhexanoate, Octyldodecanol, Sorbitan Tristearate, Butylene Glycol, Phenoxyethanol, Acrylamide, Synthetic Fluorphlogopite, Ci 77891, Isohexadecane, Silica, Capryloyl Salicylic Acid, Ascorbyl Glucoside, Chlorphenesin, Mica, Polysorbate 80, Parfum, Paeonia Albiflora Root Extract, Disodium Edta, Ci 77163, Ci 77491, Hydrolyzed Cicer Seed Extract, Tocopherol, Niacinamide, Sodium Hyaluronate, Aloe Barbadensis Leaf Juice, Caprylic, Sorbitan Oleate, Sodium Hydroxide, Iris Florentina Root Extract, Vigna Aconitifolia Seed Extract, Propylene Glycol, Sodium Cocoyl Glutamate, Hexyl Cinnamal, Tin Oxide, Limonene, Glucose, Chamomilla Recutita Flower Extract, Ceteareth25, Soluble Collagen, Sodium Benzoate, Citric Acid, Urtica Dioica Extract, Equisetum Arvense Extract, Betula Alba Leaf Extract, Potassium Sorbate, Camellia Sinensis Leaf Extract, Rose Extract, Dipeptide Diaminobutyroyl Benzylamide Diacetate, Ceramide Np, Behenic Acid, Cholesterol, Trisodium Edta, Ceramide Ns, Ethylhexylglycerin, Ceramide Ap, Ceramide Eop, Ceramide Eos, Caprooyl Phytosphingosine, Caprooyl Sphingosine, Ascorbyl Palmitate",9,2109,2.0,0.0,https://www.sephora.com/product/confidence-in-cream-rosy-tone-P442980?icid2=products%20grid:p442980,2.0,24.5
The Moisturizing Soft Lotion,La Mer,moisturizing-cream-oils-mists,285.0,"Algae Extract, Petrolatum, Isocetyl Stearoyl Stearate, Butyrospermum Parkii, Butylene Glycol, Cyclopentasiloxane, Dimethicone, Glyceryl Stearate, Cetyl Esters, Phenyl Trimethicone, Diethylhexyl Succinate, Cyclohexasiloxane, Cholesterol, Steareth10, Glyceryl Stearate Se, Polysilicone11, Sesamum Indicum Seed Oil, Medicago Sativa Seed Powder, Helianthus Annuus Seedcake, Prunus Amygdalus Dulcis Seed Meal, Eucalyptus Globulus Leaf Oil, Sodium Gluconate, Copper Gluconate, Calcium Gluconate, Magnesium Gluconate, Zinc Gluconate, Tocopheryl Succinate, Niacin, Sesamum Indicum Seed Powder, Water\Aqua\Eau, Salicornia Herbacea Extract, Sigesbeckia Orientalis Extract, Citrus Aurantifolia Peel Extract, Sea Salt\Maris Sal\Sel Marin, Chlorella Vulgaris Extract, Hydrolyzed Rice Extract, Micrococcus Lysate, Laminaria Digitata Extract, Plankton Extract, Caffeine, Glucose Oxidase, Trehalose, Sucrose, Acetyl Hexapeptide8, Lactoperoxidase, Hydrolyzed Algin, Glyceryl Dilaurate, Alcaligenes Polysaccharides, Isohexadecane, Caprylic, Dipalmitoyl Hydroxyproline, Distearyldimonium Chloride, Glycerin, Tocopheryl Acetate, Steareth21, Polyquaternium51, Saccharide Isomerate, Tetrahexyldecyl Ascorbate, Sodium Pca, Urea, Glucose, Polysorbate 80, Sodium Hyaluronate, Cetyl Alcohol, Alcohol Denat, Acrylamide, Fragrance, Lecithin, BHT, Linalool, Citronellol, Hydroxycitronellal, Geraniol, Limonene, Benzyl Salicylate, Phenoxyethanol",18,2976,1.7,0.0,https://www.sephora.com/product/the-moisturizing-soft-lotion-1-7-oz-P417107?icid2=products%20grid:p417107,1.7,167.64705882352942
The Quench Quadralipid Rapid Recovery Facial Moisturizer,BeautyBio,moisturizing-cream-oils-mists,125.0,"Dimethicone, Hydrogenated Polyisobutene, Glycerin, C1215 Alkyl Benzoate, Helianthus Annuus Seed Oil Unsaponifiables, BisPeg18 Methyl Ether Dimethyl Silane, Sodium Lauroyl Lactylate, Isododecane, Beeswax, Dimethicone, Lauryl Peg9 Polydimethylsiloxyethyl Dimethicone, Dimethicone, Butylene Glycol, Phytosphingosine, Ceramide Ng, Ceramide Ap, Cholesterol, Ceramide Np, Palmitoyl Hexapeptide12, Ceramide Eop, Tribehenin, Peg, Peg10 Dimethicone, Disteardimonium Hectorite, Disodium Edta, Sodium Chloride, Phenoxyethanol, Silica, Carbomer, Propylene Carbonate, Xanthan Gum, Fragrance, Peg10 Rapeseed Sterol, Benzoic Acid, Sorbic Acid, Chlorphenesin, Lactic Acid, Dipropylene Glycol, Ethylhexylglycerin, Tocopherol",15,2332,1.7,0.0,https://www.sephora.com/product/the-quench-quadralipid-recovery-cream-P438648?icid2=products%20grid:p438648,1.7,73.52941176470588
Waterfall Glacier Water Cream,Saturday Skin,moisturizing-cream-oils-mists,39.0,"Dimethicone, Hydrogenated Polyisobutene, Glycerin, C1215 Alkyl Benzoate, Helianthus Annuus Seed Oil Unsaponifiables, BisPeg18 Methyl Ether Dimethyl Silane, Sodium Lauroyl Lactylate, Isododecane, Beeswax, Dimethicone, Lauryl Peg9 Polydimethylsiloxyethyl Dimethicone, Dimethicone, Butylene Glycol, Phytosphingosine, Ceramide Ng, Ceramide Ap, Cholesterol, Ceramide Np, Palmitoyl Hexapeptide12, Ceramide Eop, Tribehenin, Peg, Peg10 Dimethicone, Disteardimonium Hectorite, Disodium Edta, Sodium Chloride, Phenoxyethanol, Silica, Carbomer, Propylene Carbonate, Xanthan Gum, Fragrance, Peg10 Rapeseed Sterol, Benzoic Acid, Sorbic Acid, Chlorphenesin, Lactic Acid, Dipropylene Glycol, Ethylhexylglycerin, Tocopherol",1000,23303,1.69,0.0,https://www.sephora.com/product/waterfall-glacier-water-cream-P432044?icid2=products%20grid:p432044,1.69,23.07692307692308
Hydrating Face Cream Moisturizer,Bobbi Brown,moisturizing-cream-oils-mists,60.0,"Dimethicone, Hydrogenated Polyisobutene, Glycerin, C1215 Alkyl Benzoate, Helianthus Annuus Seed Oil Unsaponifiables, BisPeg18 Methyl Ether Dimethyl Silane, Sodium Lauroyl Lactylate, Isododecane, Beeswax, Dimethicone, Lauryl Peg9 Polydimethylsiloxyethyl Dimethicone, Dimethicone, Butylene Glycol, Phytosphingosine, Ceramide Ng, Ceramide Ap, Cholesterol, Ceramide Np, Palmitoyl Hexapeptide12, Ceramide Eop, Tribehenin, Peg, Peg10 Dimethicone, Disteardimonium Hectorite, Disodium Edta, Sodium Chloride, Phenoxyethanol, Silica, Carbomer, Propylene Carbonate, Xanthan Gum, Fragrance, Peg10 Rapeseed Sterol, Benzoic Acid, Sorbic Acid, Chlorphenesin, Lactic Acid, Dipropylene Glycol, Ethylhexylglycerin, Tocopherol",208,11844,0.0,1.7,https://www.sephora.com/product/hydrating-face-cream-P270543?icid2=products%20grid:p270543,1.7,35.29411764705883
Limited Edition Hello FAB Coconut Skin Smoothie Priming Moisturizer,First Aid Beauty,moisturizing-cream-oils-mists,29.0,"Cocos Nucifera Fruit Juice, Glucose, C1215 Alkyl Benzoate, Maltodextrin, Cyclopentasiloxane, Butylene Glycol, Glycerin, Caprylic, Mica, Sodium Acrylate, Cocos Nucifera Fruit Extract, Selaginella Lepidophylla Extract, Prunus Armeniaca Fruit Extract, Pyrus Malus Fruit Extract, Vanilla Planifolia Fruit Extract, Hydrolyzed Quinoa, Coffea Arabica Seed Extract, Dipteryx Odorata Seed Extract, Saccharomyces, Saccharomyces, Saccharomyces, Saccharomyces, Saccharomyces, Camellia Sinensis Leaf Extract, Chrysanthemum Parthenium Extract, Glycyrrhiza Glabra Root Extract, Ethylhexylglycerin, Sorbitan Oleate, Dimethicone Crosspolymer, Isohexadecane, Acrylates, Polysorbate 80, Lactobacillus Ferment, Leuconostoc, Phenoxyethanol, Disodium EDTA, Tin Oxide, Benzyl Alcohol, Potassium Sorbate, Sodium Benzoate, Sodium Hydroxide, CI 77891, CI 77491",36,5162,1.7,0.0,https://www.sephora.com/product/limited-edition-hello-fab-coconut-skin-smoothie-priming-moisturizer-P447776?icid2=products%20grid:p447776,1.7,17.058823529411768
Retinol 0.5 Retexturizing Cream,Obagi Clinical,moisturizing-cream-oils-mists,55.0,"Caprylic, Glyceryl Stearate, Cyclopentasiloxane, Butylene Glycol, Stearic Acid, Polysorbate 60, Butyrospermum Parkii Butter, Glycerin, Stearyl Alcohol, Cyclohexasiloxane, Dimethicone, Retinol, Calendula Officinalis Flower Extract, Camellia Sinensis Leaf Extract, Chamomilla Recutita Flower Extract, Dipotassium Glycyrrhizate, Sodium Hyaluronate, Tocopheryl Acetate, Bisabolol, Ascorbic Acid, Carthamus Tinctorius Seed Oil, Sorbitol, Glyceryl Acrylate, Dimethicone, Allyl Methacrylates Crosspolymer, Caprylyl Glycol, Ethylhexylglycerin, Hexylene Glycol, Polysorbate 20, Carbomer, Disodium EDTA, Triethanolamine, BHT, Phenoxyethanol",105,5354,1.0,0.0,https://www.sephora.com/product/retinol-0-5-retexturizing-cream-P439427?icid2=products%20grid:p439427,1.0,55.0
Clear Improvement™ Pore Clearing Moisturizer with Salicylic Acid,Origins,moisturizing-cream-oils-mists,34.0,Salicylic Acid 1%,1000,8388,1.7,0.0,https://www.sephora.com/product/clear-improving-pore-clearing-moisturizer-with-bamboo-charcoal-P446421?icid2=products%20grid:p446421,1.7,20.0
Ferulic + Retinol Wrinkle Recovery Overnight Serum,Dr. Dennis Gross Skincare,moisturizing-cream-oils-mists,88.0,Salicylic Acid 1%,84,12002,1.0,0.0,https://www.sephora.com/product/ferulic-retinol-wrinkle-recovery-overnight-serum-P404486?icid2=products%20grid:p404486,1.0,88.0
No Worries Hydrating Face Moisturizer,Dr Roebuck's,moisturizing-cream-oils-mists,45.0,Salicylic Acid 1%,230,4980,1.69,0.0,https://www.sephora.com/product/no-worries-hydrating-face-moisturizer-P430835?icid2=products%20grid:p430835,1.69,26.627218934911248
Midnight Secret Late Night Recovery Treatment,Guerlain,moisturizing-cream-oils-mists,29.5,Salicylic Acid 1%,38,24494,0.5,0.0,https://www.sephora.com/product/midnight-secret-late-night-recovery-treatment-P408678?icid2=products%20grid:p408678,0.5,59.0
100 percent Pure Argan Oil Light ,Josie Maran,moisturizing-cream-oils-mists,49.0,Argan Oil Isostearyl Esters Natural,1000,35830,0.0,1.7,https://www.sephora.com/product/100-pure-argan-oil-light-P380805?icid2=products%20grid:p380805,1.7,28.823529411764714
Sleep Tight Firming Night Balm,Farmacy,moisturizing-cream-oils-mists,48.0,"Prunus Amygdalus Dulcis Oil, CocoCaprylate, Dextrin Palmitate, Helianthus Annuus Seed Oil, Sorbitan Sesquioleate, Caprylic, Limnanthes Alba Seed Oil, Oenothera Biennis Oil, Oryza Sativa Bran Oil, Simmondsia Chinensis Seed Oil, Vitis Vinifera Seed Oil, Echinacea Purpurea Root Extract, Echinacea Purpurea Extract, Elaeis Guineensis Oil, Gossypium Herbaceum Seed Oil, Bidens Pilosa Extract, Linum Usitatissimum Seed Oil, Ribes Nigrum Seed Oil, Spilanthes Acmella Flower Extract, Helianthus Annuus Seed Oil Unsaponifiables, Cardiospermum Halicacabum Flower, Moringa Oleifera Seed Oil, Tetrahexyldecyl Ascorbate, Crambe Abyssinica Seed Oil, Tocopheryl Acetate, Ormenis Multicaulis Oil, Citrus Aurantium Dulcis Peel Oil, Melia Azadirachta Leaf Extract, Tocopherol, Melia Azadirachta Flower Extract, Corallina Officinalis Extract, Citrus Aurantifolia Oil, Citrus Aurantium Bergamia Fruit Oil, Cananga Odorata Flower Oil, Amber Powder, Coccinia Indica Fruit Extract, Solanum Melongena Fruit Extract, Curcuma Longa Root Extract, Ocimum Sanctum Leaf Extract, Zingiber Officinale Root Oil, Rosmarinus Officinalis Leaf Extract, Glycine Soja Oil, Silica Silylate, Octyldodecanol, Phenoxyethanol, Citral, Limonene, Linalool",539,38756,1.7,0.0,https://www.sephora.com/product/sleep-tight-firming-night-balm-with-echinacea-greenenvy-P399973?icid2=products%20grid:p399973,1.7,28.235294117647058
WASO: Clear Mega-Hydrating Moisturizer,Shiseido,moisturizing-cream-oils-mists,38.0,"Glycerin, Cyclopentasiloxane, Dipropylene Glycol, Xylitol, Alcohol Denat, PEG20, BISPEG18 Methyl Ether Dimethyl Silane, Dipeptide15, Dimethicone, Erythritol, PEG150, Polymethylsilsesquioxane, Trehalose, Sodium Chloride, Betaine, PEG10 Dimethicone, PEG, Hydrogenated Polyisobutene, Phenoxyethanol, Dimethicone, Ethylhexyl Methoxycinnamate, Butylene Glycol, Trisodium Edta, PEG, Caffeine, Alcohol, Cetyl Ethylhexanoate, Fragrance, Sodium Metabisulfite, Phytosteryl, Limonene, Hexyl Cinnamal, Butylphenyl Methylpropional, Paeonia Albiflora Root Extract, Benzyl Benzoate, Linalool, BHT, Lamium Album Flower, Daucus Carota Sativa Root Protoplasts, Citrus Junos Seed Extract, Tocopherol, Benzoic Acid, BetaCarotene",431,8276,1.8,0.0,https://www.sephora.com/product/waso-clear-mega-hydrating-cream-P421768?icid2=products%20grid:p421768,1.8,21.11111111111111
B. Well Organic + Cold-Pressed 100% Castor Oil,Briogeo,moisturizing-cream-oils-mists,26.0,Ricinus Communis Oil,207,22209,0.0,0.0,https://www.sephora.com/product/b-well-organic-cold-pressed-100-castor-oil-P440273?icid2=products%20grid:p440273,2.0629276649746324,12.603447247055906
Calm Water Gel Moisturizer ,Dermalogica,moisturizing-cream-oils-mists,50.0,Ricinus Communis Oil,26,2631,1.7,0.0,https://www.sephora.com/product/calm-water-gel-ultra-calming-P428240?icid2=products%20grid:p428240,1.7,29.411764705882355
Baba Bomb Moisturizer,tarte,moisturizing-cream-oils-mists,39.0,"Cetyl Ethylhexanoate, Glycerin, Butylene Glycol, Hydrogenated Polydecene, Pentylene Glycol, Tribehenin PEG20 Esters, Hydrogenated Polyisobutene, Olea Europaea Fruit Oil, Glyceryl Stearate, Orbignya Oleifera Seed Oil, Palmitic Acid, Sodium Acrylate, Stearic Acid, Vinyl Dimethicone, Isohexadecane, Tromethamine, Acrylates, Polysorbate 80, Persea Gratissima Oil, Sorbitan Oleate, Disodium EDTA, Myristic Acid, Camellia Sinensis Seed Oil, Camellia Sinensis Leaf Extract, 12Hexanediol, Sodium Hyaluronate, Hydrolyzed Ginseng Saponins",38,3304,0.0,1.69,https://www.sephora.com/product/baba-bomb-moisturizer-P447200?icid2=products%20grid:p447200,1.69,23.07692307692308
SUBLIME DEFENSE Ultra Lightweight UV Defense Fluid SPF 50,Algenist,moisturizing-cream-oils-mists,28.0,"Octinoxate 75%, Titanium Dioxide 2%, Zinc Oxide 171%, Cyclopentasiloxane, Water, Alcohol Denat, Glycerin, Polyglyceryl3 Polydimethylsiloxyethyl Dimethicone, Methyl Methacrylate Crosspolymer, PEG, PEG9 Polydimethylsiloxyethyl Dimethicone, Parachlorella Beijerinckii Exopolysaccharides, Echinacea Purpurea Extract, Tocopheryl Acetate, Camellia Oleifera Leaf Extract, Arctostaphylos Uva Ursi Leaf Extract, Glycyrrhiza Glabra Root Extract, Stearic Acid, Triethoxysilylethyl Polydimethylsiloxyethyl Hexyl Dimethicone, BHT, Ethylhexylglycerin, Caprylyl Glycol, Aluminum Hydroxide, Phenoxyethanol, Hexylene Glycol, Fragrance, Hexyl Cinnamal, Linalool",417,20479,0.0,1.0,https://www.sephora.com/product/sublime-defense-ultra-lightweight-uv-defense-fluid-spf-50-P311143?icid2=products%20grid:p311143,1.0,28.0
Hyaluronic Marine Oil-Free Moisture Cushion,Dr. Dennis Gross Skincare,moisturizing-cream-oils-mists,60.0,"Cyclopentasiloxane, Cetearyl Alcohol, Dimethicone, Butylene Glycol, Stearyl Dimethicone, Caprylic, Octadecene, Glyceryl Behenate, Sodium Acrylate, Sodium Hyaluronate, Caulerpa Lentillifera Extract, Aloe Barbadensis Leaf Extract, Tocopherol, Phospholipids, Citrullus Lanatus Fruit Extract, Cocos Nucifera Fruit Extract, Citrus Sinensis Fruit Extract, Cinnamomum Cassia Bark Extract, Saccharide Isomerate, Vaccinium Myrtillus Fruit, Glycolic Acid, Lactic Acid, Saccharum Officinarum Extract, Citrus Aurantium Dulcis Fruit Extract, Citrus Limon Fruit Extract, Acer Saccharum Extract, Collagen Amino Acids, Hydrolyzed Soy Protein, Leuconostoc, Lactobacillus Ferment, Acrylates, Isohexadecane, Polysorbate 80, Dimethicone Crosspolymer3, Ethylhexylglycerin, Isododecane, Disodium EDTACopper, Ceteareth20, Potassium Cetyl Phosphate, Sorbitan Oleate, Linalool, Limonene, Fragrance, Hydroxyisohexyl 3Cyclohexene Carboxaldehyde, Citronellal, Hydroxycitronellal, Citral, Citric Acid, Sorbic Acid, Phenoxyethanol",89,7431,0.0,1.7,https://www.sephora.com/product/hyaluronic-marine-oil-free-moisture-cushion-P416755?icid2=products%20grid:p416755,1.7,35.29411764705883
Clinique iD™:  Moisturizer + Concentrate for Lines & Wrinkles,CLINIQUE,moisturizing-cream-oils-mists,39.0,"BisPeg18 Methyl Ether Dimethyl Silane, Butylene Glycol, Glycerin, Cucumis Sativus Fruit Extract, Hypnea Musciformis Extract, Gelidiella Acerosa Extract, Hordeum Vulgare Extract, Padina Pavonica Thallus Extract, Helianthus Annuus Seedcake, Sucrose, Caffeine, Sodium Hyaluronate, Hydroxyethyl Urea, Hydrolyzed Rice Extract, Sorbitol, Sodium Polyaspartate, Ppg6Decyltetradeceth30, Ethylhexylglycerin, Propylene Glycol Dicaprate, Caprylyl Glycol, Trehalose, Polysorbate 80, Carbomer, Sodium Hydroxide, Hexylene Glycol, Citric Acid, Sodium Citrate, Disodium EDTA, Phenoxyethanol",2,423,4.2,0.0,https://www.sephora.com/product/clinique-id-your-custom-blend-hydrator-for-lines-wrinkles-P439645?icid2=products%20grid:p439645,4.2,9.285714285714283
PlantGenius® Melt Moisturizer with Bakuchiol,alpyn beauty,moisturizing-cream-oils-mists,60.0,"BisPeg18 Methyl Ether Dimethyl Silane, Butylene Glycol, Glycerin, Cucumis Sativus Fruit Extract, Hypnea Musciformis Extract, Gelidiella Acerosa Extract, Hordeum Vulgare Extract, Padina Pavonica Thallus Extract, Helianthus Annuus Seedcake, Sucrose, Caffeine, Sodium Hyaluronate, Hydroxyethyl Urea, Hydrolyzed Rice Extract, Sorbitol, Sodium Polyaspartate, Ppg6Decyltetradeceth30, Ethylhexylglycerin, Propylene Glycol Dicaprate, Caprylyl Glycol, Trehalose, Polysorbate 80, Carbomer, Sodium Hydroxide, Hexylene Glycol, Citric Acid, Sodium Citrate, Disodium EDTA, Phenoxyethanol",102,891,1.7,0.0,https://www.sephora.com/product/alpyn-beauty-plantgenius-melt-moisturizer-with-bakuchiol-P455237?icid2=products%20grid:p455237,1.7,35.29411764705883
Skin Warrior Anti-Pollution Repair Cream,Naturally Serious,moisturizing-cream-oils-mists,46.0,"Butyrospermum Parkii Butter, Glycerin, Pyrus Malus Fruit Extract, Simmondsia Chinensis Seed Oil, Hydrogenated Sunflower Seed Oil Polyglyceryl3 Esters, Jojoba Esters, Undecane, Cetyl Alcohol, Caprylic, Propanediol, Tridecane, Bisabolol, Squalane, Pentylene Glycol, Caffeine, Aspalathus Linearis Leaf Extract, Camellia Sinensis Leaf Extract, Lycium Barbarum Fruit Extract, Punica Granatum Extract, Vitis Vinifera Seed Extract, Leuconostoc, Pinus Cembra Wood Extract, Betula Alba Bark Extract, Garcinia Mangostana Peel Extract, Magnolia Officinalis Bark Extract, Colloidal Oatmeal, Allantoin, Ceramide NP, Sodium Hyaluronate, Tocopheryl Acetate, Tocopherol, Theobroma Cacao Seed Butter, Cera Alba, Coleus Barbatus Root Extract, Leontopodium Alpinum Extract, Peucedanum Ostruthium Leaf Extract, Helianthus Annuus Seed Oil, Hydrogenated Sunflower Seed Oil Glyceryl Esters, Sodium Phytate, Sodium Stearoyl Lactylate, Cetearyl Alcohol, Maltodextrin, Citric Acid, Xanthan Gum, Phenethyl Alcohol, Limonene, Linalool, Citral, Citronellol, Geraniol, Fragrance",71,2218,1.7,0.0,https://www.sephora.com/product/skin-warrior-anti-pollution-repair-cream-P433971?icid2=products%20grid:p433971,1.7,27.058823529411764
Hungarian Water Essence,belif,moisturizing-cream-oils-mists,42.0,"Butyrospermum Parkii Butter, Glycerin, Pyrus Malus Fruit Extract, Simmondsia Chinensis Seed Oil, Hydrogenated Sunflower Seed Oil Polyglyceryl3 Esters, Jojoba Esters, Undecane, Cetyl Alcohol, Caprylic, Propanediol, Tridecane, Bisabolol, Squalane, Pentylene Glycol, Caffeine, Aspalathus Linearis Leaf Extract, Camellia Sinensis Leaf Extract, Lycium Barbarum Fruit Extract, Punica Granatum Extract, Vitis Vinifera Seed Extract, Leuconostoc, Pinus Cembra Wood Extract, Betula Alba Bark Extract, Garcinia Mangostana Peel Extract, Magnolia Officinalis Bark Extract, Colloidal Oatmeal, Allantoin, Ceramide NP, Sodium Hyaluronate, Tocopheryl Acetate, Tocopherol, Theobroma Cacao Seed Butter, Cera Alba, Coleus Barbatus Root Extract, Leontopodium Alpinum Extract, Peucedanum Ostruthium Leaf Extract, Helianthus Annuus Seed Oil, Hydrogenated Sunflower Seed Oil Glyceryl Esters, Sodium Phytate, Sodium Stearoyl Lactylate, Cetearyl Alcohol, Maltodextrin, Citric Acid, Xanthan Gum, Phenethyl Alcohol, Limonene, Linalool, Citral, Citronellol, Geraniol, Fragrance",369,23848,2.53,0.0,https://www.sephora.com/product/hungarian-water-essence-P394633?icid2=products%20grid:p394633,2.53,16.600790513833992
Maracuja Oil,tarte,moisturizing-cream-oils-mists,48.0,"Passiflora Edulis Seed Oil, Tocopherol",2000,82409,0.0,1.7,https://www.sephora.com/product/pure-maracuja-oil-P376726?icid2=products%20grid:p376726,1.7,28.235294117647058
Jasmine Green Tea Balancing Toner,Herbivore,moisturizing-cream-oils-mists,39.0,White Willow Bark: Fights blemishes,236,28666,4.0,0.0,https://www.sephora.com/product/jasmine-green-tea-balancing-toner-P421600?icid2=products%20grid:p421600,4.0,9.75
ICE Ceramide Moisturizing Cream,SUNDAY RILEY,moisturizing-cream-oils-mists,65.0,"Extract Blend, Squalane, C1315 Alkane, Glycerin, Helianthus Annuus Seed Wax, Lanolin Alcohol, Tri Hydrogenated Trilinoleate, Cocos Nucifera Fruit Extract, Ceramide NP, Ceramide EOP, Ceramide AP, Sodium Hyaluronate, Linoleic Acid, Oleic Acid, Palmitic Acid, Linolenic Acid, Prunus Amygdalus Dulcis Fruit Extract, Fructooligosaccharides, Beta Vulgaris Root Extract, Shea Butter Ethyl Esters, Prunus Armeniaca Fruit Extract, Pimpinella Anisum Fruit Extract, Rubus Idaeus Fruit Extract, Vanilla Planifolia Fruit Extract, Cucumis Melo Fruit Extract, Punica Granatum Sterols, Rosa Damascena Flower Oil, Ananas Sativus Fruit Extract, Cinnamomum Cassia Leaf Oil, Ricinus Communis Seed Oil, Rhus Verniciflua Peel Wax, Sodium Lauroyl Lactylate, Sodium Polyacryloyldimethyl Taurate, Triethyl Citrate, Tapioca Starch, Sodium Benzoate, Potassium Sorbate, Sodium Phytate, Magnesium Stearate, Magnesium Aspartate, Pentylene Glycol, Tocopherol, Phytosphingosine, Cholesterol, Lithothamnion Calcareum Extract, Zinc Gluconate, Stearic Acid, Copper Gluconate, Phenoxyethanol, Polymethylsilsesquioxane, Xanthan Gum, Carbomer",162,5846,1.7,0.0,https://www.sephora.com/product/ice-ceramide-moisturizing-cream-P448937?icid2=products%20grid:p448937,1.7,38.23529411764706
Goat Milk Moisturizing Cream,Kate Somerville,moisturizing-cream-oils-mists,65.0,"Ethylhexyl Palmitate, Myristyl Myristate, Glyceryl Stearate, PEG100 Stearate, Cetearyl Ethylhexanoate, Decyl Oleate, Glycerin, Propanediol, Goat Milk Powder, Lactose, Milk Protein, Helianthus Annuus Seed Oil, Hamamelis Virginiana Flower Cocos Nucifera Oil, Persea Gratissima Oil, Simmondsia Chinensis Seed Oil, Vitis Vinifera Seed Oil, Aloe Barbadensis Leaf Juice Powder, Oryza Sativa Bran Extract, Rosmarinus Officinalis Leaf Extract, Tocopheryl Acetate, Tocopherol, Caprylyl Glycol, Acrylates, Phenoxyethanol, Ethylhexylglycerin, Hexylene Glycol, Xanthan Gum, Aminomethyl Propanol, Disodium EDTA, Lactic Acid, Benzoic Acid",511,15116,0.0,1.7,https://www.sephora.com/product/goat-milk-moisturizing-cream-P232910?icid2=products%20grid:p232910,1.7,38.23529411764706
Premier Cru Anti-Aging Cream,Caudalie,moisturizing-cream-oils-mists,140.0,"Butylene Glycol, Caprylic, Hydrogenated Ethylhexyl Olivate, Cetearyl Alcohol, Cetearyl Glucoside, Hydrogenated Olive Oil Unsaponifiables, Niacinamide, Sesamum Indicum Seed Oil, Vitis Vinifera Seed Oil, Prunus Armeniaca Kernel Oil, CocoCaprylate, Glycerin, Hydrolyzed Hyaluronic Acid, Palmitoyl Grape Seed Extract, Palmitoyl Grapevine Shoot Extract, Hydrogenated Apricot Kernel Oil, Helianthus Annuus Seed Oil, Palmitoyl Tripeptide1, Palmitoyl Tetrapeptide7, Tocopherol, Sodium Carboxymethyl BetaGlucan, Adenosine, Pentaerythrityl Distearate, Potassium Cetyl Phosphate, Carbomer, Caprylyl Glycol, Sorbitan Isostearate, Parfum, Ethylhexyl Palmitate, Xanthan Gum, Potassium Sorbate, Lecithin, Tribehenin, Sodium Hydroxide, Sodium Phytate, Lactic Acid, Citronellol, Coumarin, Geraniol, Linalool Plant Origin",55,3402,1.7,0.0,https://www.sephora.com/product/premier-cru-cream-P428107?icid2=products%20grid:p428107,1.7,82.3529411764706
Ultra Facial Moisturizer,Kiehl's Since 1851,moisturizing-cream-oils-mists,32.0,"WaterSqualane, Glycerin, Peg100 Stearate, Glyceryl Stearate, Butylene Glycol, Triethanolamine, Phenoxyethanol, Sorbitan Oleate, Carbomer, Methylparaben, Propylparaben, Stearic Acid, Beeswax, Myristyl Alcohol, Sweet Almond Oil, Apricot Kernel Oil, Tocopherol, Avocado Oil",57,7351,4.2,0.0,https://www.sephora.com/product/ultra-facial-moisturizer-P422005?icid2=products%20grid:p422005,4.2,7.6190476190476195
Squalane + Hyaluronic Toning Mist,Biossance,moisturizing-cream-oils-mists,32.0,"WaterSqualane, Glycerin, Peg100 Stearate, Glyceryl Stearate, Butylene Glycol, Triethanolamine, Phenoxyethanol, Sorbitan Oleate, Carbomer, Methylparaben, Propylparaben, Stearic Acid, Beeswax, Myristyl Alcohol, Sweet Almond Oil, Apricot Kernel Oil, Tocopherol, Avocado Oil",45,9326,2.53,0.0,https://www.sephora.com/product/squalane-micronutrient-fine-mist-P429659?icid2=products%20grid:p429659,2.53,12.64822134387352
Vegan Milk Moisturizer Mini,MILK MAKEUP,moisturizing-cream-oils-mists,19.0,"WaterSqualane, Glycerin, Peg100 Stearate, Glyceryl Stearate, Butylene Glycol, Triethanolamine, Phenoxyethanol, Sorbitan Oleate, Carbomer, Methylparaben, Propylparaben, Stearic Acid, Beeswax, Myristyl Alcohol, Sweet Almond Oil, Apricot Kernel Oil, Tocopherol, Avocado Oil",685,5309,0.0,0.53,https://www.sephora.com/product/milk-makeup-vegan-milk-moisturizer-mini-P453609?icid2=products%20grid:p453609,0.53,35.849056603773576
Ultra Repair® Oat & Hemp Seed Dry Oil,First Aid Beauty,moisturizing-cream-oils-mists,30.0,"Simmondsia Chinensis Seed Oil, Isodecyl Neopentanoate, Colloidal Oatmeal, Cannabis Sativa Seed Oil, Borago Officinalis Seed Oil, Rosmarinus Officinalis Leaf Oil, Persea Gratissima Oil, Butyrospermum Parkii Oil, Oryza Sativa Bran Extract, Camellia Sinensis Leaf Extract, Ribes Nigrum Seed Extract, Chlorella Vulgaris Extract, Panax Ginseng Root Extract, Chrysanthemum Parthenium Extract, Glycyrrhiza Glabra Root Extract, Arnica Montana Flower Extract, Glycerin, Vitis Vinifera Seed Oil, Tocopheryl Acetate, Ricinoleth40, Butylene Glycol, Leuconostoc, Phenoxyethanol, EDTA, Citric Acid, Limonene, Linalool",300,17562,1.0,0.0,https://www.sephora.com/product/ultra-repair-oat-cannabis-sativa-seed-oil-P441220?icid2=products%20grid:p441220,1.0,30.0
After-Dark Natural Peptide Sleeping Cream,Naturally Serious,moisturizing-cream-oils-mists,52.0,"Stearic Acid, Glycerin, Caprylic, Glyceryl Stearate, Glyceryl Stearate Se, C912 Alkane, Betaine, Inositol, Cetearyl Alcohol, Undecane, Butyrospermum Parkii Butter, Propanediol, Squalane, Pyrus Malus Fruit Extract, Aspalathus Linearis Leaf Extract, Lycium Barbarum Fruit Extract, Punica Granatum Extract, Vitis Vinifera Seed Extract, Leuconostoc, Camellia Sinensis Leaf Extract, Apium Graveolens Seed Extract, Linum Usitatissimum Seed Extract, Angelica Archangelica Root Extract, Helianthus Annuus Seed Oil, Colloidal Oatmeal, Allantoin, Ceramide Np, Sodium Hydroxide, Tocopheryl Acetate, Tocopherol, Sodium Phytate, Sorbitan Trioleate, Xanthan Gum, Tridecane, CocoCaprylate, Pentylene Glycol, Phenethyl Alcohol, Limonene Linalool, Citral, Citronellol, Geraniol, Fragrance",64,4526,1.7,0.0,https://www.sephora.com/product/after-dark-natural-peptide-sleeping-cream-P444216?icid2=products%20grid:p444216,1.7,30.588235294117645
Green Tea Oil-Free Moisturizer,boscia,moisturizing-cream-oils-mists,38.0,"Water, Dimethicone, Cetyl Ethylhexanoate, Silica, Butylene Glycol, Dipropylene Glycol, Trisiloxane, Caprylyl Methicone, Lactobacillus Ferment, PEG9 Polydimethylsiloxyethyl Dimethicone, Algae Extract, Epilobium Angustifolium Flower, Simmondsia Chinensis Seed Extract, Phellodendron Amurense Bark Extract, Arctium Lappa Root Extract, Rosmarinus Officinalis Leaf Extract, Camellia Sinensis Leaf Extract, Wine Extract, Sodium Hyaluronate, Dipotassium Glycyrrhizate, Hydroxyacetophenone, Glycerin, Caprylyl Glycol, Betaine, Ammonium Acryloyldimethyltaurate, PEG12 Dimethicone, Dimethicone",102,8948,1.7,0.0,https://www.sephora.com/product/green-tea-oil-free-moisturizer-P417305?icid2=products%20grid:p417305,1.7,22.35294117647059
Ultimate Miracle Worker Multi-Rejuvenating Cream SPF 30,philosophy,moisturizing-cream-oils-mists,75.0,"C1215 Alkyl Benzoate, Carthamus Tinctorius Oleosomes, Glycerin, Cyclopentasiloxane, Butylene Glycol, Methyl Gluceth20, Gluconolactone, Polyacrylamide, Hydrogenated Lecithin, Cyclohexasiloxane, Cetyl Alcohol, Bifida Ferment Lysate, Phenoxyethanol, Ammonium Acryloyldimethyltaurate, C1314 Isoparaffin, Polysorbate 80, Acrylates, Sodium Benzoate, Sodium Hydroxide, Laureth7, Glycine Soja Oil, Fragrance, Iris Pallida Root Extract, Ruby Powder, Disodium Edta, Gluconic Acid, Alcohol, Mica, Lecithin, Adenosine, Cellulose Gum, Retinol, Peg8, Polysorbate 20, Bht, Chitosan, Ethylhexylglycerin, Glycolic Acid, Sorbitan Oleate, Calcium Gluconate, Tocopherol, Behentrimonium Chloride, Sodium Bicarbonate, Ascorbyl Palmitate, BetaGlucan, Potassium Phosphate, Caprylyl Glycol, 12Hexanediol, Camellia Sinensis Leaf Extract, Coffea Arabica Seed Extract, Pongamia Pinnata Seed Extract, Isopropyl Alcohol, Acetic Acid, Angelica Archangelica Root Extract, Benzoic Acid, Citrus Aurantium Amara Peel Extract, Maltodextrin, Citric Acid, Magnesium Aluminum Silicate, Xanthan Gum, Lactic Acid, Ascorbic Acid, Sclerotium Gum, Bha, Sorbic Acid, Titanium Dioxide",99,7608,0.0,2.0,https://www.sephora.com/product/ultimate-miracle-worker-multi-rejuvenating-cream-spf-30-P398831?icid2=products%20grid:p398831,2.0,37.5
Immortelle Divine Cream,L'Occitane,moisturizing-cream-oils-mists,110.0,Ingredients from organic farming,146,5173,1.7,0.0,https://www.sephora.com/product/immortelle-divine-cream-P387511?icid2=products%20grid:p387511,1.7,64.70588235294117
Rōsilliance™ Organic BB+ Cream SPF 30,COOLA,moisturizing-cream-oils-mists,52.0,"Aluminum Hydroxide Octyldodecyl Oleate, Caprylohydroxamic acid Oryza Sativa Bran Oil, Caprylyl Glycol Plankton Extract, Carthamus Tinctorius Seed Oil, Propanediol Citrus Aurantium Dulcis Fruit Rosa Damascena Leaf Cell Extract, Cocoglycerides Rosmarinus Officinalis Leaf Extract, Commiphora Myrrha Leaf Cell Extract Trisodium Ethylenediamine Disuccinate, Cucumis Sativus Fruit Extract, Dicaprylyl Carbonate Xanthan Gum, Euterpe Oleracea Pulp Oil, Flavor, Glycerin, Helianthus Annuus Seed Extract, Helianthus Annuus Seed Oil, Hydrogen Dimethicone, Hydrolyzed Wheat Protein, Hydroxyethyl Acrylate, Iron Oxides, Mica Certified Organic",181,11097,1.5,0.0,https://www.sephora.com/product/rosilliance-organic-bb-cream-spf-30-P409519?icid2=products%20grid:p409519,1.5,34.666666666666664
Bio Hyaluronic Moisturizing Cream,SOBEL SKIN Rx,moisturizing-cream-oils-mists,75.0,"Purified Helianthus Annuus Seed Oil, Hysroxyethyl Acrylate, Polyacrylate Crosspolymer6, Leontopodium Alpinum Callus Culture Extract, Chrondus Crispus Extract, Sodium Hyaluronate, Dipeptide Diaminobutyroyl Benzylamide Diacetate, Xylitylglucoside, Xylitol, Anhydroxylitol, Phenoxyethanol, Ethylhexylglycerin, Hydrogenated Phosphatidylcholine, Caprylic, Pentylene Glycol, Shea Butter, Ceramide III, Helianthus Annuus Seed Oil, Persea Gratissima Oil, Macadamia Ternifolia Seed Oil, Rosa Moschata Seed Oil, Rosmarinus Officinalis Leaf Extract",5,373,1.7,0.0,https://www.sephora.com/product/sobel-skin-rx-bio-hyaluronic-moisturizing-cream-P451749?icid2=products%20grid:p451749,1.7,44.11764705882353
Moisture Surge Hydrating Supercharged Concentrate,CLINIQUE,moisturizing-cream-oils-mists,39.5,"Glycerin, Butylene Glycol, Phenyl Trimethicone, Propanediol, Sucrose, Hydroxyethyl Urea, Alteromonas Ferment Extract, Hydrolyzed Rice Extract, Acetyl Glucosamine, Trehalose, Algae Extract, Caffeine, Cholesterol, Aloe Barbadensis Leaf Sodium Hyaluronate, Pentaerythrityl Tetraethylhexanoate, Dextrin Palmitate, Acrylates, Sorbitol, Sodium Polyaspartate, Tocopheryl Acetate, Carbomer, Dehydroxanthan Gum, Citric Acid, Tetrahexyldecyl Ascorbate, Benzophenone4, Pentaerythrityl TetraDiTButyl Hydroxyhydrocinnamate, Sodium Hydroxide, Sodium Citrate, Disodium Edta, Bht, Chlorphenesin, Phenoxyethanol, Red 4, Yellow 5",213,17009,0.0,1.6,https://www.sephora.com/product/moisture-surge-hydrating-supercharged-concentrate-P417984?icid2=products%20grid:p417984,1.6,24.6875
Cactus Water Moisturizer,boscia,moisturizing-cream-oils-mists,38.0,"Glycerin, Butylene Glycol, Phenyl Trimethicone, Propanediol, Sucrose, Hydroxyethyl Urea, Alteromonas Ferment Extract, Hydrolyzed Rice Extract, Acetyl Glucosamine, Trehalose, Algae Extract, Caffeine, Cholesterol, Aloe Barbadensis Leaf Sodium Hyaluronate, Pentaerythrityl Tetraethylhexanoate, Dextrin Palmitate, Acrylates, Sorbitol, Sodium Polyaspartate, Tocopheryl Acetate, Carbomer, Dehydroxanthan Gum, Citric Acid, Tetrahexyldecyl Ascorbate, Benzophenone4, Pentaerythrityl TetraDiTButyl Hydroxyhydrocinnamate, Sodium Hydroxide, Sodium Citrate, Disodium Edta, Bht, Chlorphenesin, Phenoxyethanol, Red 4, Yellow 5",2000,25587,1.61,0.0,https://www.sephora.com/product/cactus-water-moisturizer-P432254?icid2=products%20grid:p432254,1.61,23.60248447204969
Clinique iD™:  Moisturizer + Concentrate for Fatigue,CLINIQUE,moisturizing-cream-oils-mists,39.0,"BisPeg18 Methyl Ether Dimethyl Silane, Butylene Glycol, Glycerin, Cucumis Sativus Fruit Extract, Hypnea Musciformis Extract, Gelidiella Acerosa Extract, Hordeum Vulgare Extract, Padina Pavonica Thallus Extract, Helianthus Annuus Seedcake, Sucrose, Caffeine, Sodium Hyaluronate, Hydroxyethyl Urea, Hydrolyzed Rice Extract, Sorbitol, Sodium Polyaspartate, Ppg6Decyltetradeceth30, Ethylhexylglycerin, Propylene Glycol Dicaprate, Caprylyl Glycol, Trehalose, Polysorbate 80, Carbomer, Sodium Hydroxide, Hexylene Glycol, Citric Acid, Sodium Citrate, Disodium EDTA, Phenoxyethanol",4,845,4.2,0.0,https://www.sephora.com/product/clinique-id-your-custom-blend-hydrator-for-fatigue-P439646?icid2=products%20grid:p439646,4.2,9.285714285714283
Smart Broad Spectrum SPF 15 Custom-Repair Moisturizer for Dry Combination Skin,CLINIQUE,moisturizing-cream-oils-mists,55.0,"Avobenzone 30%, Octisalate 50% Glycerin, Butyloctyl Salicylate, Polyester8, Octyldodecyl Neopentanoate, Behenyl Alcohol, Butylene Glycol, Myristyl Myristate, Cetyl Esters, Ammonium Acryloyldimethyltaurate, Tamarindus Indica Seed Extract, Plankton Extract, Centaurium Erythraea Extract, Sigesbeckia Orientalis Extract, Glyceryl Stearate, Algae Extract, Caffeine, Camellia Sinensis Leaf Extract, Saccharomyces Ferment Filtrate, Whey Protein, Nylon12, Acetyl Hexapeptide8, Sucrose, Biotin, Ergothioneine, Myristyl Laurate, Lauryl Peg9 Polydimethylsiloxyethyl Dimethicone, Polyethylene, Aminopropyl Ascorbyl Phosphate, Glycine Soja Protein, Peg100 Stearate, Steareth21, Dimethicone, Acetyl Glucosamine, Astrocaryum Murumuru Seed Butter, Trisiloxane, Caprylyl Glycol, Tocopheryl Acetate, Myristyl Alcohol, Sodium Hyaluronate, Hexylene Glycol, Hydroxyethylcellulose, Sodium Benzoate, Sodium Citrate, Lecithin, Disodium Edta, Phenoxyethanol, Yellow 5, Red 4",29,1989,2.0,0.0,https://www.sephora.com/product/smart-broad-spectrum-spf-15-custom-repair-moisturizer-for-dry-combination-skin-P405286?icid2=products%20grid:p405286,2.0,27.5
Ultra Facial Moisturizer SPF 30,Kiehl's Since 1851,moisturizing-cream-oils-mists,32.0,"Propylene Glycol, Dicaprylyl Ether, Glycerin, Peg100 Stearate, Glyceryl Stearate, Squalane, Hydrogenated Polyisobutene, Phenoxyethanol, Sorbitan Oleate, Caprylyl Glycol, Acrylates, Triethanolamine, Beeswax, Tocopherol, Disodium Edta, Stearic Acid, Myristyl Alcohol, Sweet Almond Oil, Apricot Kernel Oil, Avocado Oil",37,5512,4.2,0.0,https://www.sephora.com/product/ultra-facial-moisturizer-spf-30-P422004?icid2=products%20grid:p422004,4.2,7.6190476190476195
Bio Retinoid Anti-Wrinkle Concentrate Oil,REN Clean Skincare,moisturizing-cream-oils-mists,69.0,"Rosa Rubiginosa Seed Oil, Glycine Soja Oil, Gossypium Harbaceum Seed Oil, Bidens Pilosa Extract, Hippophae Rhamnoides Fruit Extract, Parfum, Linum Usitatissimum Seed Oil, Tocopherol, Linalool",121,11458,1.02,0.0,https://www.sephora.com/product/bio-retinoid-anti-wrinkle-concentrate-oil-P311126?icid2=products%20grid:p311126,1.02,67.64705882352939
Clinique iD™:  Moisturizer + Concentrate for Irritation,CLINIQUE,moisturizing-cream-oils-mists,39.0,"BisPeg18 Methyl Ether Dimethyl Silane, Butylene Glycol, Glycerin, Cucumis Sativus Fruit Extract, Hypnea Musciformis Extract, Gelidiella Acerosa Extract, Hordeum Vulgare Extract, Padina Pavonica Thallus Extract, Helianthus Annuus Seedcake, Sucrose, Caffeine, Sodium Hyaluronate, Hydroxyethyl Urea, Hydrolyzed Rice Extract, Sorbitol, Sodium Polyaspartate, Ppg6Decyltetradeceth30, Ethylhexylglycerin, Propylene Glycol Dicaprate, Caprylyl Glycol, Trehalose, Polysorbate 80, Carbomer, Sodium Hydroxide, Hexylene Glycol, Citric Acid, Sodium Citrate, Disodium EDTA, Phenoxyethanol",14,524,4.2,0.0,https://www.sephora.com/product/clinique-id-your-custom-blend-hydrator-for-irritation-P439644?icid2=products%20grid:p439644,4.2,9.285714285714283
"Facial Spray with Aloe, Cucumber and Green Tea",Mario Badescu,moisturizing-cream-oils-mists,12.0,"Propylene Glycol, Mentha Piperita Leaf Cucumis Sativus Fruit Aloe Barbadensis Leaf Juice, Camellia Sinensis Leaf Extract, Cucumis Sativus Fruit Extract, Fucus Vesiculosus Extract, Propanediol, Polysorbate 20, Ethylhexylglycerin, Benzophenone4, Fragrance, Sodium Chloride, Citric Acid, Potassium Sorbate, Sodium Benzoate, CI 19140, CI 42090, Hexyl Cinnamal, Limonene, Linalool",74,12124,0.0,8.0,https://www.sephora.com/product/mario-badescu-facial-spray-with-aloe-cucumber-green-tea-P440483?icid2=products%20grid:p440483,8.0,1.5
Prismatic Luminizing Shield SPF 50,Volition Beauty,moisturizing-cream-oils-mists,35.0,"Cyclopentasiloxane, Coconut Alkanes, Isododecane, Glycerin, Polyglyceryl3 Polydimethylsiloxyethyl Dimethicone, PEG, Adipic Acid, Lauryl Dimethicone, Triethoxysilylethyl Polydimethylsiloxyethyl Hexyl Dimethicone, Aluminum Hydroxide, Stearic Acid, Butylene Glycol, Phenoxyethanol, Synthetic Fluorphlogopite, Titanium Dioxide, Hydrogenated Polyisobutene, Actinidia Chinensis Fruit CocoCaprylate, Caprylyl Glycol, Ethylhexylglycerin, Hexylene Glycol, Alcohol, Sophora Flavescens Root Extract, Sodium Hyaluronate, Glycyrrhiza Uralensis Root Extract, Hydrogenated Lecithin, CI 77491, CI 77492",256,16315,1.0,0.0,https://www.sephora.com/product/prismatic-luminizing-shield-spf-50-P429656?icid2=products%20grid:p429656,1.0,35.0
Intensive Moisture Balance Moisturizer,Dermalogica,moisturizing-cream-oils-mists,44.0,"Ethylhexyl Hydroxystearate, Butylene Glycol, Cetearyl Ethylhexanoate, Cetyl Caprylate, Stearic Acid, PEG8, Octyldodecanol, Dimethicone, Glyceryl Stearate SE, PEG100 Stearate, Sodium Hyaluronate, Hydrolyzed Sodium Hyaluronate, Sodium Ascorbyl Phosphate, Chlorella Vulgaris Extract, Ceramide NP, Phytosterols, Centella Asiatica Extract, Linoleic Acid, Echinacea Purpurea Extract, Aloe Barbadensis Extract, Palmitic Acid, Myristic Acid, Rosa Centifolia Flower Extract, Lactic Acid, Linolenic Acid, Propanediol, Tocopherol, Potassium Cetyl Phosphate, Helianthus Annuus Seed Oil, TetrasodiumGlutamate Diacetate, Ethylhexylglycerin, Cetyl Alcohol, Carbomer, Hydroxystearic Acid, Aminomethyl Propanol, Sodium Hydroxide, Phenoxyethanol",107,1675,0.0,1.7,https://www.sephora.com/product/intensive-moisture-balance-P443358?icid2=products%20grid:p443358,1.7,25.882352941176467
The True Cream Moisturizing Bomb Deco,belif,moisturizing-cream-oils-mists,22.0,"Glycerin, Cyclohexasiloxane, Hydrogenated Polydecene, Dipropylene Glycol, Macadamia Ternifolia Seed Oil, 12Hexanediol, BisPEG18 Methyl Ether Dimethyl Silane, Triethylhexanoin, Stearyl Alcohol, Glyceryl Stearate, Pentaerythrityl Tetraethylhexanoate, PEG40 Stearate, Saccharomyces, Lactobacillus, Saccharomyces, Cetearyl Alcohol, Ceteayl Olivate, Sorbitan Olivate, Hydrogenated Lecithin, Sorbitan Stearate, Stearic Acid, PEG100 Stearate, Dimethicone, Dimethicone, Poncirus Trifoliata Fruit Extract, Panthenol, Avena Sativa Kernel Extract, Calendula Officinalis Flower Extract, Nepeta Cataria Extract, Rubus Idaeus Leaf Extract, Baptisia Tinctoria Root Extract, Stellaria Media Extract, Alchemilla Vulgaris Leaf Extract, Viola Tricolor Extract, Rosa Damascena Flower Extract, Spiraea Ulmaria Flower Extract, Althaea Officinalis Root Extract, Symphytum Officinale Leaf Extract, Trifolium Pratense Flower Extract, Achillea Millefolium Flower Extract, Euphrasia Officinalis Extract, Thuja Occidentalis Leaf Extract, Menyanthes Trifoliata Leaf Extract, Salix Alba Bark Extract, Chelidonium Majus Extract, Urea, Hydroxyethylpiperazine Ethane Sulfonic Acid, Glycosyl Trehalose, Hydrogenated Starch Hydrolysate, Acrylates, Carbomer, Xanthan Gum, Trisodium EDTA, Tromethamine, Frgrance, Citronnellol, Limonene Napiers Original Formula Napiers Moisture Formula Fragrances of Natural Origin",2,0,0.0,0.84,https://www.sephora.com/product/the-true-cream-moisturizing-bomb-deco-P425444?icid2=products%20grid:p425444,0.84,26.190476190476193
Ultra Facial Overnight Hydrating Mask,Kiehl's Since 1851,moisturizing-cream-oils-mists,36.0,"Glycerin, Propylene Glycol, Squalane, Butyrospermum Parkii Butter, Triethanolamine, Carbomer, Urea, Dimethicone, Hydroxyethylpiperazine Ethane Sulfonic Acid, Phenoxyethanol, Caprylyl Glycol, Imperata Cylindrica Root Extract, Ophiopogon Japonicus Root Extract, Sodium Citrate, Citric Acid, Aluminum Starch Octenylsuccinate, Chlorphenesin, Pseudoalteromonas Ferment Extract, Disodium EDTA, Acrylates",65,13905,4.2,0.0,https://www.sephora.com/product/ultra-facial-overnight-hydrating-mask-P422009?icid2=products%20grid:p422009,4.2,8.571428571428571
CC+ Cream Oil-Free Matte with SPF 40 Mini,IT Cosmetics,moisturizing-cream-oils-mists,15.5,"Glycerin, Propylene Glycol, Squalane, Butyrospermum Parkii Butter, Triethanolamine, Carbomer, Urea, Dimethicone, Hydroxyethylpiperazine Ethane Sulfonic Acid, Phenoxyethanol, Caprylyl Glycol, Imperata Cylindrica Root Extract, Ophiopogon Japonicus Root Extract, Sodium Citrate, Citric Acid, Aluminum Starch Octenylsuccinate, Chlorphenesin, Pseudoalteromonas Ferment Extract, Disodium EDTA, Acrylates",9,0,0.406,0.0,https://www.sephora.com/product/cc-cream-oil-free-matte-with-spf-40-mini-P450994?icid2=products%20grid:p450994,0.406,38.17733990147783
Smart Night Custom-Repair Moisturizer - Very Dry to Dry,CLINIQUE,moisturizing-cream-oils-mists,58.0,"Caprylic, Petrolatum, Glycerin, Hexyldecyl Stearate, Butylene Glycol, Dimethicone, Glycereth26, Glyceryl Stearate, Peg100 Stearate, Cetearyl Alcohol, Tamarindus Indica Seed Extract, Centaurium Erythraea Extract, Algae Extract, Micrococcus Lysate, Glycine Soja Protein, Hydrolyzed Soy Protein, Yeast Extract, Camellia Sinensis Leaf Extract, Saccharomyces Ferment Filtrate, Sigesbeckia Orientalis Extract, Caffeine, Biotin, Ergothioneine, Acetyl Hexapeptide8, Soy Amino Acids, Aminopropyl Ascorbyl Phosphate, Astrocaryum Murumuru Seed Butter, Tocopheryl Acetate, Whey Protein, Cetearyl Glucoside, Isohexadecane, Caprylyl Glycol, Acrylates, Acetyl Glucosamine, Sodium Hyaluronate, Myristyl Alcohol, Tromethamine, Polysorbate 80, Acrylamide, Hexylene Glycol, Lecithin, Sodium Benzoate, Hydroxyethylcellulose, Disodium Edta, Phenoxyethanol",24,5528,1.7,0.0,https://www.sephora.com/product/smart-night-custom-repair-moisturizer-very-dry-to-dry-P403455?icid2=products%20grid:p403455,1.7,34.117647058823536
Seaberry Skin Nutrition Cleansing Oil,Fresh,moisturizing-cream-oils-mists,43.0,"Vitis Vinifera Seed Oil, Hydrogenated Polyisobutene, Butylene Glycol Dicaprylate, PEG20 Glyceryl Triisostearate, Caprylic, Camellia Oleifera Seed Oil, Hippophae Rhamnoides Oil, Nigella Sativa Seed Oil, Vaccinium Macrocarpon Seed Oil, Bixa Orellana Seed Extract, Haberlea Rhodopensis Leaf Extract, Rosmarinus Officinalis Leaf Extract, Tocopheryl Acetate, Tocopherol, Caprylic, Fragrance, BHT, Benzyl Alcohol, Dehydroacetic Acid, Limonene, Linalool, Citral",199,15068,0.0,0.0,https://www.sephora.com/product/seaberry-skin-nutrition-cleansing-oil-P405935?icid2=products%20grid:p405935,2.0629276649746324,20.844162754746307
Anti-Aging Armour Tinted Sunscreen SPF 50+,IT Cosmetics,moisturizing-cream-oils-mists,38.0,"Titanium Dioxide 121%, Zinc Oxide 63%: Sunscreens",138,13392,1.0,0.0,https://www.sephora.com/product/anti-aging-armour-super-smart-skin-perfecting-beauty-fluid-spf-50-P411887?icid2=products%20grid:p411887,1.0,38.0
Treatment Toner ,AMOREPACIFIC,moisturizing-cream-oils-mists,50.0,"Panax Ginseng Root Extract, Butylene Glycol, Peg, Sodium Hyaluronate, Pinus Sylvestris Bark Extract, Camellia Sinensis Leaf Extract, ZingibeOfficinale Root Extract, Opuntia Coccinellifera Fruit Extract, Theanine, Phyllostachis, Bambusoides Juice, Nelumbo Nucifera Flower Extract, Glycerin, Glycyrrhiza Glabra Root Extract, Caprylyl Glycol, Hydrogenated Lecithin, Peg5 Rapeseed Sterol, Alcohol, Propylene Glycol, Peg60 Hydrogenated Castor Oil, Disodium Edta, 12Hexanediol, Ethylhexylglycerin, Phenoxyethanol, Fragrance, Red 33, Yellow 6",180,15212,3.4,0.0,https://www.sephora.com/product/treatment-toner-P232934?icid2=products%20grid:p232934,3.4,14.705882352941178
Glow Stick SPF 50,Supergoop!,moisturizing-cream-oils-mists,25.0,"Avobenzone 35, Octisalae 5%, Octocrylene 10%, Caprylic, C1215 Alkyl Benzoate, Dicaprylyl Carbonate, Polyester8, Diethylhexyl Syringylidenemalonate, Carylic, Isohexadecane, Isododecane, Mauritia Flexuosa Fruit Oil, Limnanthes Alba Seed Oil, Helianthus Annuus Seed Oil, Calendula Officinalis Extract, Pentaclethra Macroloba Oil, Tocopherol, Calophyllum Inophyllum Seed Oil, Helianthus Annuus Seed Oil, Octyldodecanol, Dibutyl Lauroyl Glutamide, Dibutyl Ethylhexanol Glutamide",227,19801,1.0,0.0,https://www.sephora.com/product/glow-stick-sunscreen-spf-50-P429953?icid2=products%20grid:p429953,1.0,25.0
Do Not Age with Dr. Brandt Moisturizing Neck Cream,Dr. Brandt Skincare,moisturizing-cream-oils-mists,67.0,"Water, Caprylic, Glycerin, Squalane, Cetyl Alcohol, Trimethylsiloxyphenyl Dimethicone, Glycolic Acid, Butyrospermum Parkii Butter, Glyceryl Stearate, Hydrogenated Castor Oil, Peg100 Stearate, Canola Oil, Cholesterol, Sorbitan Stearate, Bisdiglyceryl Polyacyladipate2, Camellia Oleifera Leaf Extract, Salix Alba Bark Extract, Pelargonium Graveolens Flower Extract, Silica, Tocopheryl Acetate, Ascorbyl Palmitate, Sodium Hyaluronate, Sorghum Bicolor Stalk Juice, Zea Mays Starch, Ethylhexylglycerin, Magnesium Aluminum Silicate, Stearamidopropyl Dimethylamine, Pentylene Glycol, Calcium Hydroxymethionine, 3aminopropane Sulfonic Acid, Hydroxyethylcellulose, Sodium Polystyrene Sulfonate, Polysorbate 20, Xanthan Gum, Propylene Glycol, Sodium Hydroxide, Tetrasodium Edta, Phenoxyethanol, Simethicone",91,5462,1.7,0.0,https://www.sephora.com/product/do-not-age-with-dr-brandt-moisturizing-neck-cream-P383052?icid2=products%20grid:p383052,1.7,39.411764705882355
Lock-It Makeup Setting Mist,KVD Vegan Beauty,moisturizing-cream-oils-mists,29.0,"Pvp, Sd Alcohol 40B, Phenoxyethanol, Potassium Sorbate, Sodium Benzoate, Fragrance, Cucumis Sativus Fruit Extract, Aloe Barbadensis Leaf Juice, Polyhydroxystearic Acid, Ethylhexyl Isononanoate, Isononyl Isononanoate, Sodium Cocamidopropyl PgDimonium Chloride Phosphate, Phenylpropanol, Caprylyl Glycol, Propanediol, Tocopherol",516,43818,0.0,4.0,https://www.sephora.com/product/lock-it-makeup-setting-mist-P416939?icid2=products%20grid:p416939,4.0,7.25
Gentle Cleansing Oil,Sulwhasoo,moisturizing-cream-oils-mists,40.0,"C1215 Alkyl Benzoate, Pentaerythrityl Tetraethylhexanoate, Isopropyl Palmitate, Pentaerythrityl Tetraisostearate, Caprylic, Peg20 Glyceryl Triisostearate, Peg8 Isostearate, Cocos Nucifera Oil, Fragrance, Dextrin Palmitate, Limonene, Glyceryl Behenate, CocoCaprylate, Squalane, Linalool, Water, Butylene Glycol, Prunus Armeniaca Kernel Oil, Pinus Koraiensis Seed Oil, Sesamum Indicum Seed Oil, Camellia Japonica Seed Oil, Coix LacrymaJobi MaYuen Seed Extract, Citrus Unshiu Peel Extract, Castanea Crenata Shell Extract, Spirodela Polyrhiza Extract, Prunus Mume Seed Extract, Nelumbo Nucifera Seed Extract",3,874,6.76,0.0,https://www.sephora.com/product/gentle-cleansing-oil-P450633?icid2=products%20grid:p450633,6.76,5.9171597633136095
Hydro Biotic™ Recovery Sleeping Mask,Dr. Brandt Skincare,moisturizing-cream-oils-mists,52.0,"C1215 Alkyl Benzoate, Pentaerythrityl Tetraethylhexanoate, Isopropyl Palmitate, Pentaerythrityl Tetraisostearate, Caprylic, Peg20 Glyceryl Triisostearate, Peg8 Isostearate, Cocos Nucifera Oil, Fragrance, Dextrin Palmitate, Limonene, Glyceryl Behenate, CocoCaprylate, Squalane, Linalool, Water, Butylene Glycol, Prunus Armeniaca Kernel Oil, Pinus Koraiensis Seed Oil, Sesamum Indicum Seed Oil, Camellia Japonica Seed Oil, Coix LacrymaJobi MaYuen Seed Extract, Citrus Unshiu Peel Extract, Castanea Crenata Shell Extract, Spirodela Polyrhiza Extract, Prunus Mume Seed Extract, Nelumbo Nucifera Seed Extract",1000,11150,0.0,0.0,https://www.sephora.com/product/hydro-biotic-tm-recovery-sleeping-mask-P427397?icid2=products%20grid:p427397,2.0629276649746324,25.20689449411181
Eudermine Revitalizing Essence ,Shiseido,moisturizing-cream-oils-mists,60.0,"Butylene Glycol, Alcohol Denat, Glycerin, Methyl Gluceth10, Dipropylene Glycol, Betaine, Methylparaben, Cyclodextrin, Phenoxyethanol, Sodium Metaphosphate, Sodium Hyaluronate, Carbomer, Fragrance, Peg60 Hydrogenated Castor Oil, Xanthan Gum, Potassium Hydroxide, Acrylates, Arginine Hcl, Magnesium Chloride, Pca, Calcium Chloride",279,27016,0.0,4.2,https://www.sephora.com/product/eudermine-revitalizing-essence-P173653?icid2=products%20grid:p173653,4.2,14.285714285714285
Benefiance NutriPerfect Night Cream,Shiseido,moisturizing-cream-oils-mists,97.0,"Butylene Glycol, Alcohol Denat, Glycerin, Methyl Gluceth10, Dipropylene Glycol, Betaine, Methylparaben, Cyclodextrin, Phenoxyethanol, Sodium Metaphosphate, Sodium Hyaluronate, Carbomer, Fragrance, Peg60 Hydrogenated Castor Oil, Xanthan Gum, Potassium Hydroxide, Acrylates, Arginine Hcl, Magnesium Chloride, Pca, Calcium Chloride",33,2840,1.7,0.0,https://www.sephora.com/product/benefiance-nutriperfect-night-cream-P202935?icid2=products%20grid:p202935,1.7,57.058823529411775
Bye Bye Redness Sensitive Skin Moisturizer,IT Cosmetics,moisturizing-cream-oils-mists,49.5,"Butylene Glycol, Cyclopentasiloxane, Glycerin, Butylene Glycol Dicaprylate, Ethylhexyl Isononanoate, Hydrogenated Polyisobutene, Glyceryl Stearate, Dimethicone, Caprylic, Peg100 Stearate, Polyglyceryl3 Methylglucose Distearate, Stearyl Behenate, Pentaerythrityl Tetraethylhexanoate, Biosaccharide Gum1, Cetearyl Alcohol, Hydrogenated Lecithin, Polyethylene, Peg, Phenyl Methicone, Dimethicone, Stearyl Stearate, Peg150 Distearate, Stearic Acid, Palmitic Acid, Cocos Nucifera Oil, Aloe Barbadensis Leaf Extract, Butyrospermum Parkii Butter, Phytosteryl, Ceramide Np, Hydrogenated Polydecene, Ceteareth20, Glyceryl Citrate, Hydroxypropyl Bispalmitamide Mea, Glycosphingolipids, Ceramide Ap, Meadowfoam Estolide, Glycine Soja Sterols, Cetearyl Glucoside, Betaine, Sodium Hyaluronate, Polyquaternium51, Glyceryl Polymethacrylate, Aleuritic Acid, Yeast Extract, Glycoproteins, Hydroxyethyl Acrylate, Squalane, Polysorbate 60, Sorbitan Isostearate, Portulaca Oleracea Extract, Tocopheryl Acetate, Allantoin, Carbomer, Glucose, Tromethamine, Eruca Sativa Leaf Extract, Sodium Benzotriazolyl Butylphenol Sulfonate, Buteth3, Tributyl Citrate, Hydrolyzed Collagen, Ethylhexylglycerin, Niacinamide, Camellia Sinensis Leaf Extract, Citric Acid, Retinyl Retinoate, Polylactic Acid, Canola Oil, Cholesteryl Nonanoate, Ascorbyl Tetraisopalmitate, Glycyrrhiza Glabra Root Extract, Chamomilla Recutita Flower Curcuma Longa Root Extract, Colloidal Oatmeal, Leuconostoc, Steareth20, NHydroxysuccinimide, Chrysin, Palmitoyl Oligopeptide, Palmitoyl Tetrapeptide7, Chlorhexidine Digluconate, Potassium Sorbate, Panthenol, Persea Gratissima Oil, Vitis Vinifera Seed Oil, BetaGlucan, Acetyl Hexapeptide8, Acetyl Octapeptide3, Caprylyl Glycol, Olea Europaea Fruit Oil, Cholesteryl Isostearate, Cholesteryl Chloride, Bht, Silica, Dipropylene Glycol, Magnolia Acuminata Bark Extract, Chrysanthemum Parthenium Extract, Lithospermum Officinale Extract, Agaricus Bisporus Extract, Saccharum Officinarum Extract, Cucumis Sativus Fruit Extract, Zinc Pca, Hippophae Rhamnoides Fruit Extract, Hydrolyzed Silk, Phenoxyethanol, Caprylhydroxamic Acid, Disodium Edta, 12Hexanediol, Fd&amp, C Blue 1, Fd&amp, C Yellow No 5",246,5298,2.0,0.0,https://www.sephora.com/product/bye-bye-redness-skin-relief-treatment-moisturizer-P429038?icid2=products%20grid:p429038,2.0,24.75
Rénergie Lift Multi-Action Night Cream,Lancôme,moisturizing-cream-oils-mists,122.0,"Glycerin, Prunus Armeniaca Kernel Oil, Caprylic, Pentaerythrityl Tetraethylhexanoate, Cetyl Alcohol, Zea Mays Starch, Butyrospermum Parkii Butter, Alcohol Denat, Petrolatum, Pentylene Glycol, Glyceryl Stearate, Dimethicone, Peg40 Stearate, Cera Alba, Hydroxyethylpiperazine Ethane Sulfonic Acid, Ci 14700, Ci 19140, Saccharomyces, Hydrolyzed Linseed Extract, Hydrolyzed Soy Protein, Hydrolyzed Hyaluronic Acid, Sodium Hydroxide, Sodium Benzoate, Phenoxyethanol, Adenosine, Stearyl Alcohol, Acetyl Tetrapeptide9, Poloxamer 338, Dimethiconol, Limonene, Xanthan Gum, Pentaerythrityl TetraDiTButyl Hydroxyhydrocinnamate, Benzyl Alcohol, Caprylyl Glycol, AlphaIsomethyl Ionone, Sorbitan Tristearate, Myristyl Alcohol, Geraniol, Hexyl Cinnamal, Parfum",44,4463,2.6,0.0,https://www.sephora.com/product/renergie-lift-multi-action-night-P376135?icid2=products%20grid:p376135,2.6,46.92307692307693
Hydra Life Fresh Hydration Sorbet Crème,Dior,moisturizing-cream-oils-mists,69.0,"Glycerin, Prunus Armeniaca Kernel Oil, Caprylic, Pentaerythrityl Tetraethylhexanoate, Cetyl Alcohol, Zea Mays Starch, Butyrospermum Parkii Butter, Alcohol Denat, Petrolatum, Pentylene Glycol, Glyceryl Stearate, Dimethicone, Peg40 Stearate, Cera Alba, Hydroxyethylpiperazine Ethane Sulfonic Acid, Ci 14700, Ci 19140, Saccharomyces, Hydrolyzed Linseed Extract, Hydrolyzed Soy Protein, Hydrolyzed Hyaluronic Acid, Sodium Hydroxide, Sodium Benzoate, Phenoxyethanol, Adenosine, Stearyl Alcohol, Acetyl Tetrapeptide9, Poloxamer 338, Dimethiconol, Limonene, Xanthan Gum, Pentaerythrityl TetraDiTButyl Hydroxyhydrocinnamate, Benzyl Alcohol, Caprylyl Glycol, AlphaIsomethyl Ionone, Sorbitan Tristearate, Myristyl Alcohol, Geraniol, Hexyl Cinnamal, Parfum",97,4799,1.7,0.0,https://www.sephora.com/product/hydra-life-fresh-hydration-sorbet-cr-me-P417603?icid2=products%20grid:p417603,1.7,40.588235294117645
Skin Tone Correcting & Beautifying BB Cream Sunscreen Broad Spectrum SPF 50,Kiehl's Since 1851,moisturizing-cream-oils-mists,40.0,"Dicaprylyl Ether, Glycerin, Alcohol Denat, Polyglyceryl4 Isostearate, Ascorbyl Glucoside, Silica, Nylon12, Disteardimonium Hectorite, Tribehenin, Peg30 Dipolyhydroxystearate, Sodium Chloride, Phenoxyethanol, Disodium Stearoyl Glutamate, Adenosine, Aluminum Hydroxide, May Contain, Titanium Dioxide, Iron Oxides",35,6149,1.35,0.0,https://www.sephora.com/product/skin-tone-correcting-beautifying-bb-cream-sunscreen-broad-spectrum-spf-50-P422506?icid2=products%20grid:p422506,1.35,29.629629629629626
Overnight Restorative Cream,Algenist,moisturizing-cream-oils-mists,94.0,"Isopropyl Isostearate, Butyrospermum Parkii Butter, Glycerin, Stearic Acid, Squalane, Butylene Glycol, Dimethicone, Glyceryl Stearate SE, Cetearyl Alcohol, Dimethicone Crosspolymer, Ascorbyl Glucoside, Pentylene Glycol, Algae Exopolysaccharides, Algae Extract, Tocopheryl Acetate, Citrullus Vulgaris Fruit Extract Fruit Extract, Lens Esculenta Fruit Extract Fruit Extract, Oleanolic Acid, Palmitoyl Oligopeptide, Palmitoyl Tetrapeptide7, Pyrus Malus Fruit Extract Fruit Extract, Enantia Chlorantha Bark Extract, Crithmum Maritimum Extract, Silybum Marianum Seed Oil, Caprylic, Ceteareth20, Dimethicone, Acrylates, Sodium Hydroxide, Caprylyl Glycol, Hydrogenated Vegetable Oil, Hexylene Glycol, Phenoxyethanol, Disodium EDTA, Fragrance, Sodium PCA, Carbomer, Polysorbate 20, Sodium Lactate, Ethylhexylglycerin",233,8758,2.0,0.0,https://www.sephora.com/product/overnight-restorative-cream-P296415?icid2=products%20grid:p296415,2.0,47.0
Repairative Anti-Aging Moisturizer,Tata Harper,moisturizing-cream-oils-mists,116.0,"Isopropyl Isostearate, Butyrospermum Parkii Butter, Glycerin, Stearic Acid, Squalane, Butylene Glycol, Dimethicone, Glyceryl Stearate SE, Cetearyl Alcohol, Dimethicone Crosspolymer, Ascorbyl Glucoside, Pentylene Glycol, Algae Exopolysaccharides, Algae Extract, Tocopheryl Acetate, Citrullus Vulgaris Fruit Extract Fruit Extract, Lens Esculenta Fruit Extract Fruit Extract, Oleanolic Acid, Palmitoyl Oligopeptide, Palmitoyl Tetrapeptide7, Pyrus Malus Fruit Extract Fruit Extract, Enantia Chlorantha Bark Extract, Crithmum Maritimum Extract, Silybum Marianum Seed Oil, Caprylic, Ceteareth20, Dimethicone, Acrylates, Sodium Hydroxide, Caprylyl Glycol, Hydrogenated Vegetable Oil, Hexylene Glycol, Phenoxyethanol, Disodium EDTA, Fragrance, Sodium PCA, Carbomer, Polysorbate 20, Sodium Lactate, Ethylhexylglycerin",116,4205,1.7,0.0,https://www.sephora.com/product/repairative-moisturizer-P379709?icid2=products%20grid:p379709,1.7,68.23529411764707
Phelityl Night Cream,Erno Laszlo,moisturizing-cream-oils-mists,139.0,"Glyceryl Stearate, Dimethicone, PEG8, Cetearyl Alcohol, Paraffinum Liquidum, C1013 Cholesterol, Caprylic, PPG10 Cetyl Ether, Petrolatum, Ceteareth20, Magnesium Aluminum Silicate, Imidazolidinyl Urea, Carbomer, Methylparaben, Sodium Hydroxide, Propylparaben, Parfum, Benzyl Salicylate, Citral, Coumarin, Eugenol, Hexyl Cinnamal, Hydroxycitronellal, Isoeugenol, Limonene, Linalool, Caramel",11,3197,1.7,0.0,https://www.sephora.com/product/phelityl-night-cream-P429933?icid2=products%20grid:p429933,1.7,81.76470588235293
TIME RESPONSE Skin Reserve Crème,AMOREPACIFIC,moisturizing-cream-oils-mists,150.0,"Camellia Sinensis Leaf Butylene Glycol, Glycerin, Hydrogenated Olive Oil Lauryl Esters, Jojoba Esters, Dimethicone, Butyrospermum Parkii Butter, Betaine, Dipropylene Glycol, Hydrogenated Poly, Pentaerythrityl Tetraethylhexanoate, Helianthus Annuus Seed Oil, Diisostearyl Malate, Hydrogenated Polyisobutene, Cyclopentasiloxane, Cetearyl Alcohol, Propanediol, Peg40 Stearate, Hydrogenated Lecithin, Polysilicone11, Polyglyceryl10 Stearate, Niacinamide, 12Hexanediol, Glyceryl Stearate, Arachidyl Alcohol, BisPeg18 Methyl Ether Dimethyl Silane, Fragrance, Behenyl Alcohol, Peg100 Stearate, Stearic Acid, Sodium Polyacrylate, Arachidyl Glucoside, Dipotassium Glycyrrhizate, Caffeine, Glyceryl Caprylate, Acrylates, Tromethamine, Dipalmitoyl Hydroxyproline, Hydrogenated Polydecene, Polyglyceryl3 Methylglucose Distearate, Adenosine, Disodium Edta, BetaGlucan, Ethylhexylglycerin, Palmitic Acid, Natto Gum, Glycine Soja Seed Extract, Camellia Sinensis Leaf Extract, Ppg5Laureth5, Theobroma Cacao Extract, Dextrin, Tocopherol, Glucose, Poloxamer 235, Epigallocatechingallate, Ethoxydiglycol, Tocophersolan, Poloxamer 338, Phenoxyethanol, Panax Ginseng Root Extract, Bht, Magnolia Obovata Bark Extract, Caprylyl Glycol",7,991,0.5,0.0,https://www.sephora.com/product/time-response-skin-reserve-creme-P437678?icid2=products%20grid:p437678,0.5,300.0
Clinique iD™:  Moisturizer + Concentrate for Pores & Uneven Texture,CLINIQUE,moisturizing-cream-oils-mists,39.0,"BisPeg18 Methyl Ether Dimethyl Silane, Butylene Glycol, Glycerin, Cucumis Sativus Fruit Extract, Hypnea Musciformis Extract, Gelidiella Acerosa Extract, Hordeum Vulgare Extract, Padina Pavonica Thallus Extract, Helianthus Annuus Seedcake, Sucrose, Caffeine, Sodium Hyaluronate, Hydroxyethyl Urea, Hydrolyzed Rice Extract, Sorbitol, Sodium Polyaspartate, Ppg6Decyltetradeceth30, Ethylhexylglycerin, Propylene Glycol Dicaprate, Caprylyl Glycol, Trehalose, Polysorbate 80, Carbomer, Sodium Hydroxide, Hexylene Glycol, Citric Acid, Sodium Citrate, Disodium EDTA, Phenoxyethanol",20,1297,4.2,0.0,https://www.sephora.com/product/clinique-id-your-custom-blend-hydrator-for-pores-uneven-texture-P439648?icid2=products%20grid:p439648,4.2,9.285714285714283
needles no more® Neck Sculpting Cream,Dr. Brandt Skincare,moisturizing-cream-oils-mists,95.0,"BisPeg18 Methyl Ether Dimethyl Silane, Butylene Glycol, Glycerin, Cucumis Sativus Fruit Extract, Hypnea Musciformis Extract, Gelidiella Acerosa Extract, Hordeum Vulgare Extract, Padina Pavonica Thallus Extract, Helianthus Annuus Seedcake, Sucrose, Caffeine, Sodium Hyaluronate, Hydroxyethyl Urea, Hydrolyzed Rice Extract, Sorbitol, Sodium Polyaspartate, Ppg6Decyltetradeceth30, Ethylhexylglycerin, Propylene Glycol Dicaprate, Caprylyl Glycol, Trehalose, Polysorbate 80, Carbomer, Sodium Hydroxide, Hexylene Glycol, Citric Acid, Sodium Citrate, Disodium EDTA, Phenoxyethanol",26,3511,1.7,0.0,https://www.sephora.com/product/needles-no-more-neck-sculpting-cream-P440302?icid2=products%20grid:p440302,1.7,55.88235294117647
High-Potency Night-a-Mins™ Oil-Free Resurfacing Cream with Fruit-Derived AHAs,Origins,moisturizing-cream-oils-mists,46.0,Essential Oil,355,7053,1.7,0.0,https://www.sephora.com/product/high-potency-night-a-mins-tm-oil-free-resurfacing-cream-with-fruit-derived-ahas-P434361?icid2=products%20grid:p434361,1.7,27.058823529411764
The Method: Nourish,LANCER Skincare,moisturizing-cream-oils-mists,125.0,"Caprylic, Glycerin, C1215 Alkyl Benzoate, Dimethicone, Butyrospermum Parkii Butter, Squalane, Cetyl Alcohol, Glyceryl Stearate, PEG100 Stearate, Stearic Acid, Dimethicone Crosspolymer, Cetyl Phosphate, Vitis Vinifera Juice Extract, Tropaeolum Majus Extract, Persea Gratissima Oil, Olea Europaea Fruit Oil, Hydrolyzed Rice Protein, Hexapeptide48 HCl, Dipotassium Glycyrrhizate, Sodium Hyaluronate Crosspolymer, Phytosterols, Raspberry Seed Oil, Polyglyceryl4 Diisostearate, Carbomer, Ethylhexyl Stearate, Disodium EDTA, Sodium Isostearate, Aminomethyl Propanol, Propanediol, Caprylyl Glycol, Chlorphenesin, Ethylhexylglycerin, Phenoxyethanol, Pentylene Glycol, Fragrance, Limonene",176,3603,0.0,1.7,https://www.sephora.com/product/the-method-nourish-P399743?icid2=products%20grid:p399743,1.7,73.52941176470588
Makeup Setting Spray Organic Sunscreen SPF 30,COOLA,moisturizing-cream-oils-mists,36.0,"Avobenzone 28%, Homosalate 35%, Octisalate 39%, Alcohol, Aloe Barbadensis Leaf Extract, Algae Extract, Citrus Aurantium Dulcis Fruit Cucumis Sativus Fruit Extract, Dicaprylyl Carbonate, Diisopropyl Adipate, Ethyl Ferulate, Flavor, Glycerin, Helianthus Annuus Seed Oil, Isodecyl Neopentanoate, Juniperus Communis Callus Extract, Paeonia Lactiflora Leaf Cell Extract, Phoenix Dactilyfera Leaf Cell Extract, Pvp, Silica Silylate, Sodium Hyaluronate, Water",489,21166,1.7,0.0,https://www.sephora.com/product/makeup-setting-spray-spf30-P396623?icid2=products%20grid:p396623,1.7,21.176470588235293
Honey Savior All-in-One Skin Repair Salve,Farmacy,moisturizing-cream-oils-mists,34.0,Natural Flavor,403,20795,1.6,0.0,https://www.sephora.com/product/honey-savior-all-in-one-skin-repair-salve-with-echinacea-greenenvy-honey-P414293?icid2=products%20grid:p414293,1.6,21.25
"Facial Spray with Aloe, Chamomile and Lavender",Mario Badescu,moisturizing-cream-oils-mists,12.0,Lavender Oil: Known for its relaxing aroma,49,10224,0.0,8.0,https://www.sephora.com/product/mario-badescu-facial-spray-with-aloe-chamomile-lavender-P440484?icid2=products%20grid:p440484,8.0,1.5
Super Restorative Night Age Spot Correcting Replenishing Cream,Clarins,moisturizing-cream-oils-mists,137.0,"Cetearyl Isononanoate, Dimethicone, Glycerin, Hydrogenated Polyisobutene, Cetearyl Alcohol, Butyrospermum Parkii Butter, Hydrogenated CocoGlycerides, Pentylene Glycol, Glyceryl Stearate, Peg100 Stearate, Cetearyl Glucoside, Phenoxyethanol, Parfum, Propylene Glycol, Hydroxyethyl Acrylate, Hexylresorcinol, Carbomer, Squalane, Polymethyl Methacrylate, Mica, Ci 77891, Tocopheryl Acetate, Sodium Hyaluronate, Sodium Hydroxide, Sorbic Acid, Xanthan Gum, Caprylic, OCymen5Ol, Butylene Glycol, Citric Acid, Disodium Edta, Polysorbate 60, Ginkgo Biloba Leaf Extract, Harungana Madagascariensis Extract, Sorbitan IsostearateOlea Europaea Fruit Extract, Cistus Monspeliensis Extract, Acetyl Tetrapeptide2, Dextran, Tocopherol",7,2172,0.0,1.3,https://www.sephora.com/product/super-restorative-night-age-spot-correcting-replenishing-cream-P388544?icid2=products%20grid:p388544,1.3,105.3846153846154
Rénergie Lift Multi-Action Day Cream with SPF 15 - All Skin Types,Lancôme,moisturizing-cream-oils-mists,99.0,"Dimethicone, Glycerin, Hydrogenated Polyisobutene, Beeswax, Poly C1030 Alkyl Acrylate, Sucrose Stearate, Saccharomyces, Sodium Polyacrylate, Hydrolyzed Linseed Extract, Hydrolyzed Soy Protein, Hydrolyzed Hyaluronic Acid, Sodium Hydroxide, Sodium Benzoate, Red 4, Stearic Acid, Phenoxyethanol, Adenosine, Acetyl Tetrapeptide9, Peg100 Stearate, Palmitic Acid, Silicam Chlorphenesin, Yellow 5, Dimethicone, Dimethiconol, Limonene, Benzyl Alcohol, Linalool, Caprylyl Glycol, Acrylates, Geraniol, Disodium Stearoyl Glutamate, Disodium Edta, Citronellol, Aluminum Starch Octenylsuccinate, Coumarin, Glyceryl Stearate, Fragrance",29,2072,1.69,0.0,https://www.sephora.com/product/renergie-lift-multi-action-sunscreen-broad-spectrum-spf-15-for-all-skin-types-P379009?icid2=products%20grid:p379009,1.69,58.579881656804744
Capture Dreamskin Fresh & Perfect Cushion Broad Spectrum SPF 50,Dior,moisturizing-cream-oils-mists,82.0,"Dimethicone, Glycerin, Hydrogenated Polyisobutene, Beeswax, Poly C1030 Alkyl Acrylate, Sucrose Stearate, Saccharomyces, Sodium Polyacrylate, Hydrolyzed Linseed Extract, Hydrolyzed Soy Protein, Hydrolyzed Hyaluronic Acid, Sodium Hydroxide, Sodium Benzoate, Red 4, Stearic Acid, Phenoxyethanol, Adenosine, Acetyl Tetrapeptide9, Peg100 Stearate, Palmitic Acid, Silicam Chlorphenesin, Yellow 5, Dimethicone, Dimethiconol, Limonene, Benzyl Alcohol, Linalool, Caprylyl Glycol, Acrylates, Geraniol, Disodium Stearoyl Glutamate, Disodium Edta, Citronellol, Aluminum Starch Octenylsuccinate, Coumarin, Glyceryl Stearate, Fragrance",141,9915,0.5,0.0,https://www.sephora.com/product/capture-dreamskin-fresh-perfect-cushion-broad-spectrum-spf-50-P435806?skuId=2145340&icid2=products%20grid:p435806,0.5,164.0
Clean Break™ Oil-Free Moisturizer,Jack Black,moisturizing-cream-oils-mists,30.0,"Cyclopentasiloxane, Octyldodecyl Neopentanoate, Niacinamide, Sodium Hyaluronate, Camellia Sinensis Extract, Macrocystis Pyrifera Extract, Ocimum Basilicum Extract, Tocopheryl Acetate, Glycerin, Dimethicone, Glycereth26, Cetearyl Glucoside, Carbomer, Hydroxypropyl Starch Phosphate, Hydroxyethyl Acrylate, Undecylenoyl Glycine, Disodium EDTA, Butylene Glycol, Capryloyl Glycine, Sodium Hydroxide, Phenoxyethanol Certified Organic",81,5402,3.3,0.0,https://www.sephora.com/product/clean-break-oil-free-moisturizer-P409928?icid2=products%20grid:p409928,3.3,9.090909090909092
5 in 1 Face Cream SPF 30,First Aid Beauty,moisturizing-cream-oils-mists,40.0,"Glycerin, Dimethicone, Caprylic, C1215 Alkyl Benzoate, Hydrogenated Lecithin, Caprylyl Methicone, Copaifera Officinalis Resin, Phenyl Methicone, Enteromorpha Compressa Extract, Caesalpinia Spinosa Gum, Bisabolol, Alpha Arbutin, Phyllanthus Emblica Fruit Extract, Glycyrrhiza Glabra Root Extract, Camellia Sinensis Leaf Extract, Chrysanthemum Parthenium Extract, Hydroxylated Lecithin, Polysilicone11, Methicone, Polyhydroxystearic Acid, Hydroxethyl Acrylate, Copolymer, Isohexadecane, Polysorbate 60, Xanthan Gum, Sodium Benzoate, Potassium Sorbate, Glyceryl Polyacrylate, Citric Acid, Phenoxyethanol",480,13175,1.7,0.0,https://www.sephora.com/product/5-in-1-face-cream-spf-30-P263006?icid2=products%20grid:p263006,1.7,23.529411764705888
The Satin Skin Mist,Tatcha,moisturizing-cream-oils-mists,48.0,Hadasei3,227,21936,1.35,0.0,https://www.sephora.com/product/tatcha-the-satin-skin-mist-P445465?icid2=products%20grid:p445465,1.35,35.55555555555555
Hydra-Essentiel Silky Cream - Normal to Dry Skin,Clarins,moisturizing-cream-oils-mists,48.0,Hadasei3,72,4997,1.7,0.0,https://www.sephora.com/product/hydra-essentiel-silky-cream-normal-to-dry-skin-P415621?icid2=products%20grid:p415621,1.7,28.235294117647058
The Renewal Oil Mini,La Mer,moisturizing-cream-oils-mists,130.0,"Limnanthes Alba Seed Oil, Dimethicone, Caprylic, Water\Aqua\Eau, Trisiloxane, Prunus Amygdalus Dulcis Oil, Simmondsia Chinensis Seed Oil, Polydecene, Hydrogenated Polydecene, Butylene Glycol, Propanediol, Glycerin, Algae Extract, Brassica Campestris Seed Oil, Helianthus Annuus Seed Oil, Sesamum Indicum Seed Oil, Eucalyptus Globulus Leaf Oil, Camelina Sativa Seed Oil, Oxycoccus Palustris Seed Oil, Olea Europaea Fruit Oil, Hippophae Rhamnoides Oil, Medicago Sativa Seed Powder, Helianthus Annuus Seedcake, Prunus Amygdalus Dulcis Seed Meal, Sodium Gluconate, Copper Gluconate, Calcium Gluconate, Magnesium Gluconate, Zinc Gluconate, Tocopheryl Succinate, Niacin, Sesamum Indicum Seed Powder, Laminaria Ochroleuca Extract, Laminaria Saccharina Extract, Hydrolyzed Algin, Sea Salt\Maris Sal\Sel Marin, Chlorella Vulgaris Extract, Salicornia Herbacea Extract, Sigesbeckia Orientalis Extract, Laminaria Digitata Extract, Rosmarinus Officinalis Leaf Extract, Magnolia Officinalis Bark Extract, Yeast Extract\Faex\Extrait De Levure, Crithmum Maritimum Extract, Commiphora Mukul Resin Extract, Citrus Aurantifolia Peel Extract, Molasses Extract\Saccharum Officinarum\Extrait De Melasse, Sucrose, Acetyl Hexapeptide8, Acetyl Glucosamine, Caffeine, Tocopheryl Acetate, Phenyl Trimethicone, Sodium Chloride, Tetrahexyldecyl Ascorbate, Alcohol Denat, Fragrance, Hexyl Cinnamal, Linalool, Amyl Cinnamal, Geraniol, Limonene, Citral, Benzyl Benzoate, Coumarin, Citronellol, Bht, Phenoxyethanol, Yellow 5, Yellow 6",5,1140,0.0,0.5,https://www.sephora.com/product/the-renewal-oil-mini-P428639?icid2=products%20grid:p428639,0.5,260.0
Waterburst™ Hydrated Glow Moisturizer,GLAMGLOW,moisturizing-cream-oils-mists,52.0,"Dimethicone, Glycerin, Dipropylene Glycol, Hydrogenated Polyisobutene, Sea Water, Limnanthes Alba Seed Oil, 12Hexanediol, Dimethicone, Sodium Hyaluronate, Nymphaea Caerulea Flower Extract, Sasa Veitchii Extract, Corylus Avellana Seed Oil, Centaurium Erythraea Extract, Triticum Vulgare Germ Extract, Hordeum Vulgare Extract, Nymphaea Alba Flower Extract, Squalane, Trehalose, Sodium Palmitoyl Proline, Dimethicone, Butylene Glycol, Fragrance, Limonene, Citral, Phenoxyethanol, Blue 1",324,26814,1.7,0.0,https://www.sephora.com/product/waterburst-tm-hydrated-glow-moisturizer-P427392?icid2=products%20grid:p427392,1.7,30.588235294117645
Capture Youth Age-Delay Advanced Crème,Dior,moisturizing-cream-oils-mists,95.0,"Aqua, Dicaprylyl Ether, Glycerin, Isononyl Isononanoate, Butyrospermum Parkii Extract, Glyceryl Stearate, Peg100 Stearate, Myristyl Myristate, Jojoba Esters, Behenyl Alcohol, Cetyl Alcohol, Pentylene Glycol, Stearyl Alcohol, Vinyl Dimethicone, Caesalpinia Spinosa Fruit Extract, Decyloxazolidinone, Phenoxyethanol, Cera Alba, Dimethicone, Parfum, Caprylyl Glycol, Carbomer, Sodium Polyacrylate, Kappaphycus Alvarezii Extract, Tocopheryl Acetate, Tromethamine, Sorbitol, Sodium Hyaluronate, Xanthan Gum, Algin, Adenosine, Polyvinyl Alcohol, Sodium Tocopheryl Phosphate, Peg7 Glyceryl Cocoate, Cellulose Gum, Bht, Iris Florentina Root Extract, Tocopherol, Polyquaternium7, Ethylhexylglycerin, Methylsilanol TriPeg8 Glyceryl Cocoate",46,4072,1.7,0.0,https://www.sephora.com/product/capture-youth-age-delay-advanced-creme-P427729?icid2=products%20grid:p427729,1.7,55.88235294117647
Stress Repair Face Cream with Niacinamide,Dr. Dennis Gross Skincare,moisturizing-cream-oils-mists,72.0,"Aqua, Dicaprylyl Ether, Glycerin, Isononyl Isononanoate, Butyrospermum Parkii Extract, Glyceryl Stearate, Peg100 Stearate, Myristyl Myristate, Jojoba Esters, Behenyl Alcohol, Cetyl Alcohol, Pentylene Glycol, Stearyl Alcohol, Vinyl Dimethicone, Caesalpinia Spinosa Fruit Extract, Decyloxazolidinone, Phenoxyethanol, Cera Alba, Dimethicone, Parfum, Caprylyl Glycol, Carbomer, Sodium Polyacrylate, Kappaphycus Alvarezii Extract, Tocopheryl Acetate, Tromethamine, Sorbitol, Sodium Hyaluronate, Xanthan Gum, Algin, Adenosine, Polyvinyl Alcohol, Sodium Tocopheryl Phosphate, Peg7 Glyceryl Cocoate, Cellulose Gum, Bht, Iris Florentina Root Extract, Tocopherol, Polyquaternium7, Ethylhexylglycerin, Methylsilanol TriPeg8 Glyceryl Cocoate",95,975,2.0,0.0,https://www.sephora.com/product/dr-dennis-gross-skincare-stress-repair-face-cream-with-niacinamide-P453821?icid2=products%20grid:p453821,2.0,36.0
Peat Miracle Revital Cream,belif,moisturizing-cream-oils-mists,58.0,"Dipropylene Glycol, Glycerin, Caprylic, Hydrogenated Polyisobutene, Triethylhexanoin, Cyclopentasiloxane, 12Hexanediol, Cetearyl Alcohol, C1422 Alcohols, Glyceryl Stearate, Silica, Poncirus Trifoliata Fruit Extract, Panthenol, Perfluorononylethyl Stearyl Dimethicone, Jojoba Esters, Peat Extract, Euphrasia Officinalis Extract, Glycyrrhiza Glabra Root Extract, Achillea Millefolium Flower Extract, Aesculus Hippocastanum Leaf Extract, Rhodiola Rosea Root Extract, Vaccinium Myrtillus Fruit Extract, Equisetum Arvense Leaf Extract, Avena Sativa Kernel Extract, Calendula Officinalis Flower Extract, Nepeta Cataria Extract, Rubus Idaeus Leaf Extract, Baptisia Tinctoria Root Extract, Stellaria Media Extract, Alchemilla Vulgaris Leaf Extract, Viola Tricolor Extract, Rosa Damascena Flower Extract, Spiraea Ulmaria Flower Extract, Althaea Officinalis Root Extract, Ceramide Np, Phytosphingosine, Cetearyl Olivate, Sucrose Polystearate, Hydrogenated Lecithin, Peg10 Rapeseed Sterol, Glycereth20, Cetyl Palmitate, Sorbitan Palmitate, Sorbitan Olivate, Peg100 Stearate, C1220 Alkyl Glucoside, Niacinamide, Alanyl Glutamine, Dimethicone, Ammonium Acryloyldimethyltaurate, Carbomer, Xanthan Gum, Mica, Titanium Dioxide, Iron Oxides, Trisodium Edta, Potassium Hydroxide, Fragrance, Citronellol, Limonene, Geraniol, Linalool Fragrances Of Natural Origin",76,14453,1.68,0.0,https://www.sephora.com/product/peat-miracle-revital-cream-P412440?icid2=products%20grid:p412440,1.68,34.52380952380953
Regenerative Anti-Aging Moisturizer,Algenist,moisturizing-cream-oils-mists,94.0,"Caprylic, Butylene Glycol, Dimethicone, Pentylene Glycol, Butyrospermum Parkii Butter, Sorbitan Stearate, Glycerin, Glyceryl Stearate, PEG-100 Stearate, Limnanthes Alba Seed Oil, DI-C12-15 Alkyl Fumarate, Algae Exopolysaccharides, Malus Domestica Fruit Cell Culture Extract, Bambusa Vulgaris Leaf, Tetrapeptide-21, Pisum Sativum Extract, Enantia Chlorantha Bark Extract, Alaria Esculenta Extract, Sodium Ascorbyl Phosphate, Biotin, Glucosamine HCL, Eucalyptus Globulus Leaf Oil, Ergothioneine, Oleanolic Acid, Cetyl Alcohol, Dimethicone, Stearic Acid, Carbomer, Xanthan Gum, Lecithin, Mannitol, Vinyl Dimethicone, Disodium EDTA, Caprylyl Glycol, Ethylhexylglycerin, Aminomethyl Propanol, Hexylene Glycol, Phenoxyethanol",214,5493,0.0,2.0,https://www.sephora.com/product/regenerative-anti-aging-moisturizer-P282935?icid2=products%20grid:p282935,2.0,47.0
Repairwear Laser Focus Night Line Smoothing Cream for Combination Oily to Oily Skin,CLINIQUE,moisturizing-cream-oils-mists,53.0,"Methyl Trimethicone, Alcohol Denat, Silica, Polyethylene, Glycerin, Dimethicone, Butylene Glycol, Peg10 Dimethicone, Sodium Chloride, Caprylyl Methicone, Aspalathus Linearis Leaf Extract, Camellia Sinensis Leaf Extract, Camellia Sinensis Leaf Extract, Scutellaria Baicalensis Root Extract, Betula Alba Bark Extract, Centella Asiatica Extract, Morus Bombycis Root Extract, Sodium Dna, Saccharomyces Lysate Extract, Astrocaryum Murumuru Seed Butter, Micrococcus Lysate, Polygonum Cuspidatum Root Extract, Hydrolyzed Rice Extract, Coffea Robusta Seed Extract, Triticum Vulgare Germ Extract, Padina Pavonica Thallus Extract, Rosmarinus Officinalis Leaf Extract, Sigesbeckia Orientalis Extract, Hordeum Vulgare Extract, Algae Extract, Betaine, Acetyl Hexapeptide8, Creatine, Trehalose, Caffeine, Cholesterol, Squalane, Arginine, Decarboxy Carnosine Hcl, Artemia Extract, Adenosine Phosphate, Hydroxyproline, Disodium Nadh, Ethylhexyl Stearate, Sucrose, Proline, Phytosphingosine, Propylene Glycol Dicaprate, Ethylhexyl Palmitate, Peg150, Laurdimonium Hydroxypropyl Hydrolyzed Soy Protein, Acrylates Copolymer, Lauryl Peg9 Polydimethylsiloxyethyl Dimethicone, Jojoba Esters, Caprylyl Glycol, Sorbitol, Sodium Rna, Linoleic Acid, Tocopheryl Acetate, Dipropylene Glycol, Dipalmitoyl Hydroxyproline, Sodium Hyaluronate, Yeast Extract, Coleus Barbatus Extract, Glycine Soja Protein, Lecithin, Glycine, Carbomer, Hydrogenated Lecithin, Tetrahexyldecyl Ascorbate, Nordihydroguaiaretic Acid, Ascorbyl Tocopheryl Maleate, Disteardimonium Hectorite, Xanthan Gum, Citric Acid, Potassium Sorbate, Hexylene Glycol, Potassium Sulfate, Disodium Edta, Phenoxyethanol",3,2704,1.7,0.0,https://www.sephora.com/product/repairwear-laser-focus-night-line-smoothing-cream-for-combination-oily-to-oily-skin-P405824?icid2=products%20grid:p405824,1.7,31.176470588235286
GenOptics Spot Essence Serum,SK-II,moisturizing-cream-oils-mists,225.0,"Galactomyces Ferment Filtrate, Butylene Glycol, Cyclopentasiloxane, Niacinamide, Triethylhexanoin, Glycerin, Pentylene Glycol, Nylon12, Phytosteryl, Inositol, Polymethylsilsesquioxane, Boron Nitride, Caprylic, Panthenol, Peg20 Sorbitan Cocoate, Dimethicone, Acrylates, Phenoxyethanol, Peg11 Methyl Ether Dimethicone, Polyacrylamide, Laureth7, Benzyl Alcohol, Aminomethyl Propanol, C1314 Isoparaffin, Disodium Edta, Methylparaben, Hexyldecanol, Sodium Benzoate, Xanthan Gum, Ascorbyl Glucoside, Laminaria Saccharina Extract, Tocopherol, Zea Mays Oil, Methicone, Ci 77492, Ci 75130 Pitera™",98,3618,1.6,0.0,https://www.sephora.com/product/genoptics-spot-essence-P410755?icid2=products%20grid:p410755,1.6,140.625
GinZing™ Ultra-Hydrating Energy-Boosting Cream Limited Edition,Origins,moisturizing-cream-oils-mists,38.0,"Galactomyces Ferment Filtrate, Butylene Glycol, Cyclopentasiloxane, Niacinamide, Triethylhexanoin, Glycerin, Pentylene Glycol, Nylon12, Phytosteryl, Inositol, Polymethylsilsesquioxane, Boron Nitride, Caprylic, Panthenol, Peg20 Sorbitan Cocoate, Dimethicone, Acrylates, Phenoxyethanol, Peg11 Methyl Ether Dimethicone, Polyacrylamide, Laureth7, Benzyl Alcohol, Aminomethyl Propanol, C1314 Isoparaffin, Disodium Edta, Methylparaben, Hexyldecanol, Sodium Benzoate, Xanthan Gum, Ascorbyl Glucoside, Laminaria Saccharina Extract, Tocopherol, Zea Mays Oil, Methicone, Ci 77492, Ci 75130 Pitera™",3,1620,0.0,2.5,https://www.sephora.com/product/ginzing-ultra-hydrating-energy-boosting-cream-limited-edition-P450956?icid2=products%20grid:p450956,2.5,15.2
Confidence in a Gel Lotion,IT Cosmetics,moisturizing-cream-oils-mists,36.0,"Galactomyces Ferment Filtrate, Butylene Glycol, Cyclopentasiloxane, Niacinamide, Triethylhexanoin, Glycerin, Pentylene Glycol, Nylon12, Phytosteryl, Inositol, Polymethylsilsesquioxane, Boron Nitride, Caprylic, Panthenol, Peg20 Sorbitan Cocoate, Dimethicone, Acrylates, Phenoxyethanol, Peg11 Methyl Ether Dimethicone, Polyacrylamide, Laureth7, Benzyl Alcohol, Aminomethyl Propanol, C1314 Isoparaffin, Disodium Edta, Methylparaben, Hexyldecanol, Sodium Benzoate, Xanthan Gum, Ascorbyl Glucoside, Laminaria Saccharina Extract, Tocopherol, Zea Mays Oil, Methicone, Ci 77492, Ci 75130 Pitera™",353,7222,2.5,0.0,https://www.sephora.com/product/confidence-in-gel-lotion-P439057?icid2=products%20grid:p439057,2.5,14.4
Concentrated Brightening Essence,Tata Harper,moisturizing-cream-oils-mists,215.0,"Galactomyces Ferment Filtrate, Butylene Glycol, Cyclopentasiloxane, Niacinamide, Triethylhexanoin, Glycerin, Pentylene Glycol, Nylon12, Phytosteryl, Inositol, Polymethylsilsesquioxane, Boron Nitride, Caprylic, Panthenol, Peg20 Sorbitan Cocoate, Dimethicone, Acrylates, Phenoxyethanol, Peg11 Methyl Ether Dimethicone, Polyacrylamide, Laureth7, Benzyl Alcohol, Aminomethyl Propanol, C1314 Isoparaffin, Disodium Edta, Methylparaben, Hexyldecanol, Sodium Benzoate, Xanthan Gum, Ascorbyl Glucoside, Laminaria Saccharina Extract, Tocopherol, Zea Mays Oil, Methicone, Ci 77492, Ci 75130 Pitera™",5,1129,3.4,0.0,https://www.sephora.com/product/concentrated-brightening-essence-P449408?icid2=products%20grid:p449408,3.4,63.235294117647065
The Essential Creme Fluid,AMOREPACIFIC,moisturizing-cream-oils-mists,98.0,"Hydrogenated Poly, Propanediol, Glycerin, Dimethicone, Stearic Acid, Palmitic Acid, Camellia Sinensis Leaf Extract, Camellia Sinensis Seed Oil, Arginine, Butylene Glycol, Glyceryl Stearate, Cetearyl Alcohol, Glyceryl Caprylate, Hydroxypropyl Starch Phosphate, Hydrogenated Lecithin, Caprylic, Pentaerythrityl TetraDiTButyl Hydroxyhydrocinnamate, BisDiglyceryl Polyacyladipate 2, Caprylyl Glycol, Carbomer, Tocopherol, Ethylhexylglycerin, 12Hexanediol, Fragrance",179,9347,3.0,0.0,https://www.sephora.com/product/the-essential-creme-fluid-P416953?icid2=products%20grid:p416953,3.0,32.666666666666664
Illuminating Hydrator - Radiance + Smoothing,SEPHORA COLLECTION,moisturizing-cream-oils-mists,17.0,"Aqua, Glycerin, Mica, Moringa Oleifera Seed Oil, Rosa Canina Fruit Oil, CI 77891, Caprylic, Acrylates, Hydroxyacetophenone, Polymethyl Methacrylate, Sodium Polyacrylate, 12Hexanediol, Caprylyl Glycol, Glyceryl Stearate, Parfum, Sodium Hydroxide, Sodium Hyaluronate, PEG30 Dipolyhydroxystearate, Trideceth6, Citric Acid, Tin Oxide",1,1506,0.0,0.0,https://www.sephora.com/product/sephora-collection-illuminating-hydrator-radiance-smoothing-P455215?icid2=products%20grid:p455215,2.0629276649746324,8.2407155076904
Renewed Hope in A Jar Water Cream,philosophy,moisturizing-cream-oils-mists,39.0,"Glycerin, Pentylene Glycol, Isononyl Isononanoate, Pentaerythrityl Tetraethylhexanoate, Cetearyl Alcohol, 12Hexanediol, Caprylyl Glycol, Dimethicone, Ammonium Acryloyldimethyltaurate, Butylene Glycol, Cetearyl Glucoside, Sodium Polyacrylate Starch, Parfum, Ananas Sativus Fruit Extract, Laureth3, Phenoxyethanol, Hydroxyethylcellulose, Glucosyl Hesperidin, Guar Hydroxypropyltrimonium Chloride, Acetyl Dipeptide1 Cetyl Ester, Limonene, Hyaluronic Acid, Silanetriol, Citric Acid, Sorbic Acid, Potassium Sorbate, Citral, Bht, Opuntia Coccinellifera Flower Extract, Agave Americana Leaf Extract, Sodium Benzoate, Ethylhexylglycerin, Fd&amp, C Blue No 1, D&amp, C Red No 33",133,1528,2.0,0.0,https://www.sephora.com/product/renewed-hope-in-jar-water-cream-P449824?icid2=products%20grid:p449824,2.0,19.5
Plantscription™ SPF 25 Power Anti-Aging Oil-Free Cream,Origins,moisturizing-cream-oils-mists,62.0,"Glycerin, Pentylene Glycol, Isononyl Isononanoate, Pentaerythrityl Tetraethylhexanoate, Cetearyl Alcohol, 12Hexanediol, Caprylyl Glycol, Dimethicone, Ammonium Acryloyldimethyltaurate, Butylene Glycol, Cetearyl Glucoside, Sodium Polyacrylate Starch, Parfum, Ananas Sativus Fruit Extract, Laureth3, Phenoxyethanol, Hydroxyethylcellulose, Glucosyl Hesperidin, Guar Hydroxypropyltrimonium Chloride, Acetyl Dipeptide1 Cetyl Ester, Limonene, Hyaluronic Acid, Silanetriol, Citric Acid, Sorbic Acid, Potassium Sorbate, Citral, Bht, Opuntia Coccinellifera Flower Extract, Agave Americana Leaf Extract, Sodium Benzoate, Ethylhexylglycerin, Fd&amp, C Blue No 1, D&amp, C Red No 33",31,4886,1.7,0.0,https://www.sephora.com/product/plantscription-spf-25-power-anti-aging-oil-free-cream-P409816?icid2=products%20grid:p409816,1.7,36.470588235294116
10% Glycolic Solutions Moisturizer,Peter Thomas Roth,moisturizing-cream-oils-mists,45.0,"Glycolic Acid, Glycerin, Aloe Barbadensis Leaf Juice, Butylene Glycol, Caprylic, Glyceryl Stearate, PEG100 Stearate, Carthamus Tinctorius Seed Oil, Sodium Hydroxide, Cetearyl Alcohol, Arginine, Cyclodextrin, Dimethicone, Squalane, Tocopheryl Acetate, Ascorbyl Palmitate, Retinyl Palmitate, Phospholipids, Leuconostoc, Citric Acid, Ethoxylated Sorbitan Ester, Disodium EDTA, Polysorbate 20, Oleth2, Potassium Sorbate, Sodium Benzoate, Phenoxyethanol",319,4135,2.2,0.0,https://www.sephora.com/product/10-glycolic-solutions-moisturizer-P422235?icid2=products%20grid:p422235,2.2,20.454545454545453
Essential Firming Cream,Sulwhasoo,moisturizing-cream-oils-mists,100.0,"Glycolic Acid, Glycerin, Aloe Barbadensis Leaf Juice, Butylene Glycol, Caprylic, Glyceryl Stearate, PEG100 Stearate, Carthamus Tinctorius Seed Oil, Sodium Hydroxide, Cetearyl Alcohol, Arginine, Cyclodextrin, Dimethicone, Squalane, Tocopheryl Acetate, Ascorbyl Palmitate, Retinyl Palmitate, Phospholipids, Leuconostoc, Citric Acid, Ethoxylated Sorbitan Ester, Disodium EDTA, Polysorbate 20, Oleth2, Potassium Sorbate, Sodium Benzoate, Phenoxyethanol",3,377,2.53,0.0,https://www.sephora.com/product/essential-firming-cream-P448925?icid2=products%20grid:p448925,2.53,39.52569169960475
ELEVATE Firming & Lifting Neck Cream,Algenist,moisturizing-cream-oils-mists,84.0,"Glycolic Acid, Glycerin, Aloe Barbadensis Leaf Juice, Butylene Glycol, Caprylic, Glyceryl Stearate, PEG100 Stearate, Carthamus Tinctorius Seed Oil, Sodium Hydroxide, Cetearyl Alcohol, Arginine, Cyclodextrin, Dimethicone, Squalane, Tocopheryl Acetate, Ascorbyl Palmitate, Retinyl Palmitate, Phospholipids, Leuconostoc, Citric Acid, Ethoxylated Sorbitan Ester, Disodium EDTA, Polysorbate 20, Oleth2, Potassium Sorbate, Sodium Benzoate, Phenoxyethanol",2,1170,2.0,0.0,https://www.sephora.com/product/elevate-firming-lifting-neck-cream-P449164?icid2=products%20grid:p449164,2.0,42.0
Teatreement™ Moisturizer,Dr. Jart+,moisturizing-cream-oils-mists,32.0,"Glycolic Acid, Glycerin, Aloe Barbadensis Leaf Juice, Butylene Glycol, Caprylic, Glyceryl Stearate, PEG100 Stearate, Carthamus Tinctorius Seed Oil, Sodium Hydroxide, Cetearyl Alcohol, Arginine, Cyclodextrin, Dimethicone, Squalane, Tocopheryl Acetate, Ascorbyl Palmitate, Retinyl Palmitate, Phospholipids, Leuconostoc, Citric Acid, Ethoxylated Sorbitan Ester, Disodium EDTA, Polysorbate 20, Oleth2, Potassium Sorbate, Sodium Benzoate, Phenoxyethanol",480,4665,1.69,0.0,https://www.sephora.com/product/dr-jart-teatreement-moisturizer-P454019?icid2=products%20grid:p454019,1.69,18.93491124260355
Argan Infinity Cream Intensive Creamy Oil,Josie Maran,moisturizing-cream-oils-mists,28.0,"Glycolic Acid, Glycerin, Aloe Barbadensis Leaf Juice, Butylene Glycol, Caprylic, Glyceryl Stearate, PEG100 Stearate, Carthamus Tinctorius Seed Oil, Sodium Hydroxide, Cetearyl Alcohol, Arginine, Cyclodextrin, Dimethicone, Squalane, Tocopheryl Acetate, Ascorbyl Palmitate, Retinyl Palmitate, Phospholipids, Leuconostoc, Citric Acid, Ethoxylated Sorbitan Ester, Disodium EDTA, Polysorbate 20, Oleth2, Potassium Sorbate, Sodium Benzoate, Phenoxyethanol",1000,26812,0.0,2.2,https://www.sephora.com/product/argan-infinity-cream-intensive-creamy-oil-P377570?icid2=products%20grid:p377570,2.2,12.727272727272727
Better Daze Ahead CBD Moisturizer,Farmacy,moisturizing-cream-oils-mists,68.0,"Glycolic Acid, Glycerin, Aloe Barbadensis Leaf Juice, Butylene Glycol, Caprylic, Glyceryl Stearate, PEG100 Stearate, Carthamus Tinctorius Seed Oil, Sodium Hydroxide, Cetearyl Alcohol, Arginine, Cyclodextrin, Dimethicone, Squalane, Tocopheryl Acetate, Ascorbyl Palmitate, Retinyl Palmitate, Phospholipids, Leuconostoc, Citric Acid, Ethoxylated Sorbitan Ester, Disodium EDTA, Polysorbate 20, Oleth2, Potassium Sorbate, Sodium Benzoate, Phenoxyethanol",23,5622,1.7,0.0,https://www.sephora.com/product/better-daze-ahead-cbd-moisturizer-P444056?icid2=products%20grid:p444056,1.7,40.0
Acne-Clear Oil-Free Matte Moisturizer,Peter Thomas Roth,moisturizing-cream-oils-mists,38.0,"Dimethicone, Propanediol, Caprylic, Glycerin, Jojoba Esters, Isodecyl Neopentanoate, Cetearyl Alcohol, Panthenol, Polysilicone11, Cordyceps Sinensis Extract, Trametes Versicolor Extract, Helianthus Annuus Seed Wax, Sodium Hydroxide, Hydroxyethyl Acrylate, Polyacrylate Crosspolymer6, Ceteareth20, Isohexadecane, Tocopheryl Acetate, Hydrogenated Lecithin, Aloe Barbadensis Leaf Juice, Butylene Glycol, Allantoin, Disodium EDTA, Sodium Hyaluronate, Acacia Decurrens Flower Wax, Polyglycerin3, Phenoxyethanol, Polysorbate 60, Sodium PCA, Sodium Citrate, Sorbitan Isostearate, Maclura Cochinchinensis Leaf Prenylflavonoids, tButyl Alcohol, Glycosaminoglycans, Potassium Sorbate, Sodium Benzoate, Ethylhexylglycerin, Citric Acid, Trisodium EDTA, Salicylic Acid 2%",9,2749,1.7,0.0,https://www.sephora.com/product/acne-clear-oil-free-matte-moisturizer-P448910?icid2=products%20grid:p448910,1.7,22.35294117647059
Rénergie Lift Multi-Action Lifting and Firming Moisturizer Light Cream,Lancôme,moisturizing-cream-oils-mists,99.0,"Glycerin, Dimethicone, Isohexadecane, Alcohol Denat, Dipropylene Glycol, Synthetic Wax, Peg10 Dimethicone, Hydroxyethylpiperazine Ethane Sulfonic Acid, Ci 14700, Ci 19140, Guanosine, Cyathea Medullaris Leaf Extract, Ascorbyl Glucoside, Secale Cereale Extract, Tocopheryl Acetate, Sodium Acrylates Copolymer, Sodium Polyacrylate, Phenoxyethanol, Faex Extract, Adenosine, Magnesium Sulfate, Ethylhexylglycerin, Nylon12, Dimethicone, Dimethicone, Limonene, Pentylene Glycol, Benzyl Alcohol, Linalool, Caprylic, Fragrance, Disteardimonium Hectorite, Disodium EDTA, Citronellol, Coumarin, Soybean Protein",14,1625,1.7,0.0,https://www.sephora.com/product/renergie-lift-multi-action-lifting-firming-moisturizer-P395126?icid2=products%20grid:p395126,1.7,58.235294117647065
Wild Rose Vitamin C Brightening Sleeping Facial,KORRES,moisturizing-cream-oils-mists,48.0,"Glycerin, Glyceryl Stearate Citrate, Dicaprylyl Carbonate, Triheptanoin, Alcohol Denat, Behenyl Alcohol, Glyceryl Stearate, Aloe Barbadensis Leaf Juice, Isodecyl Neopentanoate, Simmondsia Chinensis, Seed Oil, Cera Alba, Lecithin, Imperata Cylindrica Root Extract, Acacia Decurrens, Polyglyceryl3 Esters, Rosa Canina Fruit Oil, Acrylates, Ascorbyl Tetraisopalmitate, Caprylyl Glycol, Carbomer, Cetearyl Alcohol, Citric Acid, Distarch, Phosphate, Galactoarabinan, Glycine Soja, Oil, Glycine Soja Sterols, Helianthus, Annuus Seed Oil, Hydrolyzed Sodium, Hyaluronate, Hydroxyethyl Acrylate, Acryloyldimethyl Taurate Copolymer, Lactic Acid, Parfum, Phenoxyethanol, Rosa Canina, Fruit Extract, Rosmarinus Officinalis, Leaf Extract, Rosmarinus Officinalis, Extract, Sodium Benzoate, Sodium Gluceptate, Sodium Hydroxide, Tetrahydrodiferuloylmethane, Tocopherol, Tocopheryl Acetate, Xanthan Gum",1000,64978,0.0,1.35,https://www.sephora.com/product/wild-rose-vitamin-c-advanced-brightening-sleeping-facial-P306883?icid2=products%20grid:p306883,1.35,35.55555555555555
Wild Rose Vitamin C Brightening 24H Moisturiser,KORRES,moisturizing-cream-oils-mists,39.0,"Glycerin, Glyceryl Stearate Citrate, Dicaprylyl Carbonate, Triheptanoin, Alcohol Denat, Behenyl Alcohol, Glyceryl Stearate, Aloe Barbadensis Leaf Juice, Isodecyl Neopentanoate, Simmondsia Chinensis, Seed Oil, Cera Alba, Lecithin, Imperata Cylindrica Root Extract, Acacia Decurrens, Polyglyceryl3 Esters, Rosa Canina Fruit Oil, Acrylates, Ascorbyl Tetraisopalmitate, Caprylyl Glycol, Carbomer, Cetearyl Alcohol, Citric Acid, Distarch, Phosphate, Galactoarabinan, Glycine Soja, Oil, Glycine Soja Sterols, Helianthus, Annuus Seed Oil, Hydrolyzed Sodium, Hyaluronate, Hydroxyethyl Acrylate, Acryloyldimethyl Taurate Copolymer, Lactic Acid, Parfum, Phenoxyethanol, Rosa Canina, Fruit Extract, Rosmarinus Officinalis, Leaf Extract, Rosmarinus Officinalis, Extract, Sodium Benzoate, Sodium Gluceptate, Sodium Hydroxide, Tetrahydrodiferuloylmethane, Tocopherol, Tocopheryl Acetate, Xanthan Gum",95,3573,1.35,0.0,https://www.sephora.com/product/wild-rose-vitamin-c-brightening-24h-moisturiser-P431530?icid2=products%20grid:p431530,1.35,28.88888888888889
Ultimate Revival Cream,SK-II,moisturizing-cream-oils-mists,385.0,"Aqua, Glycerin, Galactomyces Ferment Filtrate, Niacinamide, Phytosteryl, Ethylhexyl Isononanoate, Butylene Glycol, Triethylhexanoin, Neopentyl Glycol Diethylhexanoate, Simmondsia Chinensis Seed Oil, Sucrose Polycottonseedate, Glyceryl Stearate SE, Myristyl Myristate, Hydrogenated CocoGlycerides, Pentylene Glycol, Sorbitan Stearate, Myristyl Alcohol, PEG40 Stearate, Panthenol, Caprylic, C1314 Isoparaffin, Crithmum Maritimum Extract, Magnesium Aspartate, Zinc Gluconate, Camellia Sinensis Leaf Extract, Copper Gluconate, Saccharomyces Cerevisiae Extract, Palmitoyl Dipeptide7, Acetyl Hexapeptide8, Hexapeptide3, Tocopheryl Acetate, Tocopherol, Polysorbate 65, Hydrogenated Lecithin, Laureth7, Batyl Alcohol, Lactic Acid, Caramel, Decyl Glucoside, Polyacrylamide, Methylparaben, Ethylparaben",57,1589,1.6,0.0,https://www.sephora.com/product/ultimate-revival-cream-P375854?icid2=products%20grid:p375854,1.6,240.625
Vinopure Natural Oil Control Moisturizer,Caudalie,moisturizing-cream-oils-mists,39.0,"Aqua, Glycerin, Galactomyces Ferment Filtrate, Niacinamide, Phytosteryl, Ethylhexyl Isononanoate, Butylene Glycol, Triethylhexanoin, Neopentyl Glycol Diethylhexanoate, Simmondsia Chinensis Seed Oil, Sucrose Polycottonseedate, Glyceryl Stearate SE, Myristyl Myristate, Hydrogenated CocoGlycerides, Pentylene Glycol, Sorbitan Stearate, Myristyl Alcohol, PEG40 Stearate, Panthenol, Caprylic, C1314 Isoparaffin, Crithmum Maritimum Extract, Magnesium Aspartate, Zinc Gluconate, Camellia Sinensis Leaf Extract, Copper Gluconate, Saccharomyces Cerevisiae Extract, Palmitoyl Dipeptide7, Acetyl Hexapeptide8, Hexapeptide3, Tocopheryl Acetate, Tocopherol, Polysorbate 65, Hydrogenated Lecithin, Laureth7, Batyl Alcohol, Lactic Acid, Caramel, Decyl Glucoside, Polyacrylamide, Methylparaben, Ethylparaben",71,7015,1.3,0.0,https://www.sephora.com/product/vinopure-natural-salicylic-acid-pore-minimizing-moisturizer-P433624?icid2=products%20grid:p433624,1.3,30.0
Bienfait Multi-Vital Sunscreen Lotion Broad Spectrum SPF 30,Lancôme,moisturizing-cream-oils-mists,50.0,"Isononyl Isononanoate, Glycerin, Dimethicone, Diisopropyl Sebacate, Aluminum Starch Octenylsuccinate, Sucrose Tristearate, Polysorbate 61, Ribes Nigrum Seed Oil, Tocopheryl Acetate, Ascorbyl Glucoside, Sodium Stearoyl Glutamate, Hydroxycitronellal, Hydroxyisohexyl 3Cyclohexene Carboxaldehyde, Phenoxyethanol, Thermus Thermophillus Ferment, Peg12 Dimethicone, Eugenol, Ethylparaben, Triethanolamine, Helianthus Annuus Seed Oil, Dimethiconol, Panthenol, Xanthan Gum, Benzyl Salicylate, Benzyl Alcohol, Linalool, Oxothiazolidinecarboxylic Acid, Caprylyl Glycol, AlphaIsomethyl Ionone, Carbomer, Geraniol, Moringa Pterygosperma Seed Extract, Disodium Edta, Castanea Sativa Seed Extract, Rosa Canina Fruit Oil, Methylparaben, Citronellol, Hexyl Cinnamal, Fragrance",135,3923,1.69,0.0,https://www.sephora.com/product/bienfait-multi-vital-sunscreen-lotion-broad-spectrum-spf-30-P124001?icid2=products%20grid:p124001,1.69,29.58579881656805
Smart Night™ Custom-Repair Moisturizer - Dry Combination,CLINIQUE,moisturizing-cream-oils-mists,58.0,"Isostearyl Neopentanoate, Glycerin, Butylene Glycol, Glyceryl Stearate, Peg100 Stearate, Dimethicone, Cetearyl Alcohol, Tamarindus Indica Seed Extract, Biotin, Ergothioneine, Centaurium Erythraea Extract, Sigesbeckia Orientalis Extract, Caffeine, Whey Protein, Glycine Soja Protein, Isohexadecane, Hydrolyzed Soy Protein, Algae Extract, Saccharomyces Ferment Filtrate, Acetyl Hexapeptide8, Micrococcus Lysate, Lecithin, Yeast Extract, Soy Amino Acids, Camellia Sinensis Leaf Extract, Astrocaryum Murumuru Seed Butter, Glycereth26, Cetyl Alcohol, Tocopheryl Acetate, Acetyl Glucosamine, Petrolatum, Acrylamide, Cetearyl Glucoside, Caprylyl Glycol, Sodium Hyaluronate, Acrylates, Sodium Benzoate, Tromethamine, Citric Acid, Polysorbate 80, Aminopropyl Ascorbyl Phosphate, Hexylene Glycol, Hydroxyethylcellulose, Sodium Citrate, Disodium Edta, Phenoxyethanol",31,2519,1.7,0.0,https://www.sephora.com/product/smart-night-custom-repair-moisturizer-dry-combination-P404015?icid2=products%20grid:p404015,1.7,34.117647058823536
Skin Rescue Daily Face Cream,First Aid Beauty,moisturizing-cream-oils-mists,22.0,"Water, Glyceryl Stearate Se, Glycerin, Squalane, Caprylic, Dimethicone, Cetearyl Alcohol, Cetyl Alcohol, Caprylyl Glycol, CarBomer, Chrysanthemum Parthenium Extract, Ceramide Np, Sodium HyDroxide, Camellia Sinensis Leaf Extract, Glycyrrhiza Glabra Root ExTract, Phenoxyethanol",525,12401,2.0,0.0,https://www.sephora.com/product/skin-rescue-daily-face-cream-P257524?icid2=products%20grid:p257524,2.0,11.0
Even Better Skin Tone Correcting Moisturizer Broad Spectrum SPF 20,CLINIQUE,moisturizing-cream-oils-mists,50.0,"Water, Glyceryl Stearate Se, Glycerin, Squalane, Caprylic, Dimethicone, Cetearyl Alcohol, Cetyl Alcohol, Caprylyl Glycol, CarBomer, Chrysanthemum Parthenium Extract, Ceramide Np, Sodium HyDroxide, Camellia Sinensis Leaf Extract, Glycyrrhiza Glabra Root ExTract, Phenoxyethanol",402,12007,1.7,0.0,https://www.sephora.com/product/even-better-skin-tone-correcting-moisturizer-broad-spectrum-spf-20-P247716?icid2=products%20grid:p247716,1.7,29.411764705882355
Treatment Cleansing Oil Face & Eyes,AMOREPACIFIC,moisturizing-cream-oils-mists,50.0,"Cetyl Ethylhexanoate, Dicaprylyl Carbonate, Polyglyceryl10 Dioleate, Pentaerythrityltetraethylhexanoate, Peg8 Glyceryl Isostearate, Camellia Sinensis Seed Oil, Orbignya Oleifera Seed Oil, Cocos Nucifera Oil, Camelliasinensis Leaf Extract, Citrus Medica Limonum Fruit Extract, Vaccinium Myrtillus Fruit, Saccharum Officinarum Extract, Zingiber Officinale Root Extract, Acer Saccharum Extract, Citrus Aurantium Dulcis Fruit Extract, Caricapapaya Fruit Extract, Betula Platyphylla Japonica Juice, 12Hexanediol, Butylene Glycol, Caprylyl Glycol, Fragrance",304,7576,6.8,0.0,https://www.sephora.com/product/treatment-cleansing-oil-face-eyes-P232933?icid2=products%20grid:p232933,6.8,7.352941176470589
BB Cream Tinted Moisturizer Broad Spectrum SPF20,Erborian,moisturizing-cream-oils-mists,39.0,"Cyclomethicone, Glycerin, Peg10 Dimethicone, Dipropylene Glycol, DiMethicone, Talc, Isoeicosane, Hexyl Laurate, Disteardimonium Hectorite, Betaine, Panax Ginseng Root Extract, Glycyrrhiza Glabra Root Extract, Portulaca Oleracea Extract, Dioscorea Villosa Root Extract, Mequisetum Giganteum Extract, Kigelia Africana Fruit Extract, Hydrogenated Starch Hydrolysate, Ethylhexylglycerin, Tocopheryl Acetate, Magne, Sium Sulfate, Silica, Glycosyl Trehalose, Aluminum Hydroxide, Palmitic Acid, Stearic Acid, Phenoxyethanol, Butylene Glycol, Acrylates, Dimethicone, Methicone, Vinyl Dimethicone, Fragrance, AlphaIsomethyl Ionone, Hexyl Cinnamal, Linalool, Citronellol, Geraniol, Eugenol, Limonene, Ci 77492, Ci 77499, Ci 77491",296,24461,1.5,0.0,https://www.sephora.com/product/bb-creme-au-ginseng-P396093?skuId=1705839&icid2=products%20grid:p396093,1.5,26.0
Multi-Active Night Cream - Normal to Combination Skin,Clarins,moisturizing-cream-oils-mists,58.0,"Glycerin, Isononyl Isononanoate, Caprylic, Butyro Spermum Parkii Butter, Cetearyl Alcohol, Ammonium Acryloyldimethyltaurate, Propanediol, Glyceryl Stearate, Peg100 Stearate, Fragrance, Cetearyl Glucoside, Dimethicone, Methyl Methacrylate Crosspolymer, Dipsacus Sylvestris Extract, Caprylyl Glycol, Ethylhexylglycerin, Tocopheryl Acetate, Cellulose, Disodium Edta, Sodium Hyaluronate, Alcohol, Eschscholtzia Californica Flower, Actinidia Chinensis Fruit Extract, Butylene Glycol, Diospyros Mespili Formis Leaf Extract, Maltodextrin, Tetrasodium Edta, Sanicula Europaea Extract, Phenoxyethanol, Lapsana Communis Flower, Furcellaria Lumbricalis Extract, Sodium Citrate, Potassium Sorbate, Citric Acid, Glycolic Acid, Lactic Acid, Maris Sal, Polyvinyl Alcohol, Copper Palmitoyl Heptapeptide14, Heptapeptide15 Palmitate",50,5611,1.6,0.0,https://www.sephora.com/product/multi-active-night-cream-normal-to-combination-skin-P406942?icid2=products%20grid:p406942,1.6,36.25
Clarifying Face Cream,Dr. Barbara Sturm,moisturizing-cream-oils-mists,215.0,"Water, Macadamia Integrifolia Seed Oil, Butylene Glycol, Vitis Vinifera Seed Oil, Glycerin, Glyceryl Stearate Citrate, Sorbitol, Ethylhexyl Isononanoate, Lactobacillus, Octyldodecanol, Cetearyl Alcohol, Dimethylimidazolidinone Rice Starch, Hydrogenated Vegetable Glycerides, Tocopheryl Acetate, Phenoxyethanol, Dimethicone, Panthenol, Acrylates, Arginine, Sodium Lactate, Sodium Pca, Zinc PCA, Xanthan Gum, Allantoin, Echium Plantagineum Seed Oil, Ethylhexylglycerin, Helianthus Annuus Seed Oil, Unsaponifiables, Biosaccharide Gum1, Disodium EDTA, Hexylene Glycol, Polygonum Bistorta Root Extract, Alcohol, Leuconostoc, Caprylic, Cardiospermum Halicacabum Flower, Sodium Benzoate, Pantolactone, Caprylyl Glycol, Fructose, Glycine, Inositol, Lactic Acid, Niacinamide, Urea, Ascorbyl Palmitate, Citric Acid, Tocopherol, Ascorbic Acid",3,712,1.69,0.0,https://www.sephora.com/product/dr-barbara-sturm-clarifying-face-cream-P448558?icid2=products%20grid:p448558,1.69,127.2189349112426
Pitera Hydrating Essence Set,SK-II,moisturizing-cream-oils-mists,229.0,"Galactomyces Ferment Filtrate, Butylene Glycol, Xanthan Gum, Sodium Salicylate, Methylparaben, Disodium EDTA",2,2018,0.0,0.0,https://www.sephora.com/product/sk-ii-hydrating-essence-set-P444043?icid2=products%20grid:p444043,2.0629276649746324,111.00728536830009
Skin Rescue Oil-Free Mattifying Gel Moisturizer,First Aid Beauty,moisturizing-cream-oils-mists,30.0,"Cyclopentasiloxane, Glycerin, Methyl Gluceth10, Dimethicone, Caprylic, Dipropylene Glycol, Glycereth26, Phytosterols, Glycyrrhiza Glabra Root Extract, Butyrospermum Parkii Butter, Ceramide NP, Dioscorea Villosa Root Extract, Niacinamide, Salicornia Herbacea Extract, Camellia Sinensis Leaf Extract, Chrysanthemum Parthenium Extract, Soy Isoflavones, Squalane, Tocopheryl Acetate, Ammonium Acryloyldimethyltaurate, Polysorbate 20, Caprylyl Glycol, Carbomer, Lecithin, Caprylyl Methicone, Acrylates, Azelaic Acid, Pyridoxine HCI, Zinc PCA, Polysilicone11, Polysorbate 80, Potassium Hydroxide, Disodium EDTA, Phenoxyethanol",327,16636,2.0,0.0,https://www.sephora.com/product/skin-rescue-oil-free-mattifying-gel-moisturizer-P394502?icid2=products%20grid:p394502,2.0,15.0
Black Pine 3D Day Facial,KORRES,moisturizing-cream-oils-mists,58.0,"Cyclopentasiloxane, Glycerin, Methyl Gluceth10, Dimethicone, Caprylic, Dipropylene Glycol, Glycereth26, Phytosterols, Glycyrrhiza Glabra Root Extract, Butyrospermum Parkii Butter, Ceramide NP, Dioscorea Villosa Root Extract, Niacinamide, Salicornia Herbacea Extract, Camellia Sinensis Leaf Extract, Chrysanthemum Parthenium Extract, Soy Isoflavones, Squalane, Tocopheryl Acetate, Ammonium Acryloyldimethyltaurate, Polysorbate 20, Caprylyl Glycol, Carbomer, Lecithin, Caprylyl Methicone, Acrylates, Azelaic Acid, Pyridoxine HCI, Zinc PCA, Polysilicone11, Polysorbate 80, Potassium Hydroxide, Disodium EDTA, Phenoxyethanol",65,1682,1.35,0.0,https://www.sephora.com/product/black-pine-antiaging-firming-lifting-day-cream-P428251?icid2=products%20grid:p428251,1.35,42.96296296296296
Future Solution LX Total Regenerating Cream,Shiseido,moisturizing-cream-oils-mists,285.0,"Dipropylene Glycol, Glycerin, Dimethicone, Butylene Glycol, Xylitol, Piperidinepropionic Acid, Petrolatum, Mineral Oil, Diisostearyl Malate, Myristyl Myristate, Pentaerythrityl Tetrabehenate, Behenyl Alcohol, Glyceryl Stearate Se, Stearyl Alcohol, Pentaerythrityl Tetraethylhexanoate, Batyl Alcohol, Dimethicone Crosspolymer, Beheneth20, Phenoxyethanol, Dimethylacrylamide, Fragrance, Sorbitan Tristearate, Sodium Methyl Stearoyl Taurate, Peg, Tocopheryl Acetate, Sodium Citrate, Bht, Xanthan Gum, Trisodium Edta, Sodium Metabisulfite, Linalool, Citric Acid, Sodium Metaphosphate, Iron Oxides, Phytosteryl, Butylphenyl Methylpropional, Alcohol, Limonene, 2OEthyl Ascorbic Acid, AlphaIsomethyl Ionone, Citronellol, Geraniol, Benzyl Benzoate, Prunus Speciosa Leaf Extract, Angelica Acutiloba Root Extract, Iron Oxides, Sanguisorba Officinalis Root Extract, Isodonis Japonicus Leaf, Camellia Sinensis Leaf Extract, Tocopherol",7,1316,1.7,0.0,https://www.sephora.com/product/future-solution-lx-total-regenerating-cream-P423169?icid2=products%20grid:p423169,1.7,167.64705882352942
Potent-C™ Vitamin C Bright & Plump Moisturizer,Peter Thomas Roth,moisturizing-cream-oils-mists,68.0,"Propanediol, Tetrahexyldecyl Ascorbate, C912 Alkane, Glycerin, Tocopheryl Acetate, Behenyl Alcohol, Stearic Acid, Ferulic Acid, Cetyl Palmitate, Polyglyceryl2 Stearate, Oleic Acid, Soy Acid, Polymethylsilsesquioxane, Sodium Hyaluronate, Hydrolyzed Collagen, Hydrolyzed Elastin, Diamond Powder, Curcuma Longa Root Extract, Zingiber Officinale Root Extract, Tocopherol, Haematococcus Pluvialis Extract, Glyceryl Stearate, Gluconolactone, Stearyl Alcohol, Polyglyceryl6 Distearate, Carbomer, CocoCaprylate, Sodium Pca, Disodium Edta, Olus Oil, Jojoba Esters, Sodium Stearoyl Lactylate, Cetyl Alcohol, Butyrospermum Parkii Butter, Histidine Hcl, Sodium Lactate, Xanthan Gum, Polyglyceryl3 Beeswax, Sodium Carboxymethyl BetaGlucan, Calcium Gluconate, Ceramide Np, Glycine Soja Sterols, Sucrose Stearate, Carnosine, Lactic Acid, Lecithin, Polyglyceryl10 Laurate, Wheat Amino Acids, Ethylhexylglycerin, Mica, Edta, Sodium Hydroxide, Potassium Sorbate, Sodium Benzoate, Phenoxyethanol",56,2858,1.7,0.0,https://www.sephora.com/product/potent-c-bright-plump-moisturizer-P440317?icid2=products%20grid:p440317,1.7,40.0
Cooling Water Mini,MILK MAKEUP,moisturizing-cream-oils-mists,15.0,"Butylene Glycol, BisPEG18 Methyl Ether Dimethyl Silane, Sodium Stearate, Pentylene Glycol, Isosteareth2, Glycerin, Sea Manganese Gluconate, Nylon12, Caffeine, Phenoxyethanol, Chlorphesin, Blue 1",366,29345,0.0,0.21,https://www.sephora.com/product/cooling-water-mini-P428234?icid2=products%20grid:p428234,0.21,71.42857142857143
Benefiance WrinkleResist24 Balancing Softener Enriched,Shiseido,moisturizing-cream-oils-mists,48.0,"Sd Alcohol 40B, Dipropylene Glycol, Butylene Glycol, Glycerin, Peg, Ppg13Decyltetradeceth24, Phenoxyethanol, Erythritol, Xanthan Gum, Sodium Citrate, Benzophenone5, Fragrance, Sodium Metaphosphate, Citric Acid, Serine, Tocopheryl Acetate, Sapindus Mukurossi Peel Extract, Peg90M, Butylphenyl Methylpropional, Limonene, Linalool, Citronellol, AlphaIsomethyl Ionone, Sodium Acetylated Hyaluronate, Hydroxyproline, Alcohol, Chlorella Vulgaris Extract, Yellow 6, Silica, Tocopherol, Uncaria Gambir Extract, Bht",92,8126,0.0,5.0,https://www.sephora.com/product/benefiance-wrinkleresist24-balancing-softener-enriched-P173612?icid2=products%20grid:p173612,5.0,9.6
POWER Advanced Wrinkle Fighter Moisturizer,Algenist,moisturizing-cream-oils-mists,85.0,"Glycerin, C1215 Alkyl Benzoate, Caprylic, Palmitic Acid, Stearic Acid, Chlorella Protothecoides, Algae Exopolysaccharides, Citrullus Vulgaris Fruit Extract, Hydrolyzed Myrtus Communis Leaf Extract, Lens Esculenta Fruit Extract, Pyrus Malus Fruit Extract, Collagen, Sodium PCA, Ribose, Sodium Lactate, Leuconostoc, Butyrospermum Parkii Butter, Dimethicone, Tetradecyl Aminobutyroylvalylaminobutyric Urea Trifluoroacetate, Glyceryl Stearate, Glyceryl Stearate SE, Cetearyl Alcohol, Sodium Hydroxide, Disodium EDTA, Xanthan Gum, Magnesium Chloride, Potassium Sorbate, Sodium Benzoate, Citric Acid, Ethylhexylglycerin, Chlorphenesin, Caprylyl Glycol, Phenoxyethanol, Fragrance",67,4096,2.0,0.0,https://www.sephora.com/product/power-advanced-wrinkle-fighter-moisturizer-P404168?icid2=products%20grid:p404168,2.0,42.5
Moon Fruit Superfruit Night Treatment,Herbivore,moisturizing-cream-oils-mists,58.0,"Glycerin, C1215 Alkyl Benzoate, Caprylic, Palmitic Acid, Stearic Acid, Chlorella Protothecoides, Algae Exopolysaccharides, Citrullus Vulgaris Fruit Extract, Hydrolyzed Myrtus Communis Leaf Extract, Lens Esculenta Fruit Extract, Pyrus Malus Fruit Extract, Collagen, Sodium PCA, Ribose, Sodium Lactate, Leuconostoc, Butyrospermum Parkii Butter, Dimethicone, Tetradecyl Aminobutyroylvalylaminobutyric Urea Trifluoroacetate, Glyceryl Stearate, Glyceryl Stearate SE, Cetearyl Alcohol, Sodium Hydroxide, Disodium EDTA, Xanthan Gum, Magnesium Chloride, Potassium Sorbate, Sodium Benzoate, Citric Acid, Ethylhexylglycerin, Chlorphenesin, Caprylyl Glycol, Phenoxyethanol, Fragrance",330,26159,0.0,0.0,https://www.sephora.com/product/moon-fruit-superfruit-night-treatment-P415745?icid2=products%20grid:p415745,2.0629276649746324,28.115382320355483
DREAMDUO™ Overnight Transforming Treatment,GLAMGLOW,moisturizing-cream-oils-mists,59.0,"Dimethicone, Isohexadecane, Glycerin, BisPeg18 Methyl Ether Dimethyl Silane, Butylene Glycol, Peg10 Dimethicone, Propanediol, Petrolatum, Disteardimonium Hectorite, Tocopheryl Acetate, Sodium Hyaluronate, Tetrahexyldecyl Ascorbate, Camellia Sinensis Leaf Extract, Citrus Reticulata Peel Extract, Cladosiphon Okamuranus Extract, Coffea Arabica Seed Extract, Cucumis Sativus Fruit Extract, Garcinia Mangostana Peel Extract, Helianthus Annuus Seedcake, Hordeum Vulgare Extract, Lycium Chinense Fruit Extract, Punica Granatum Extract, Sapindus Mukorossi Fruit Extract, Vaccinium Angustifolium Fruit Extract, Vaccinium Macrocarpon Fruit Extract, Yeast Extract, Caesalpinia Spinosa Gum, Caffeine, Propylene Glycol Dicaprate, Ergothioneine, Sorbitol, Trehalose, Menthoxypropanediol, Dextrin, Triethoxycaprylylsilane, Polyethylene, Polysilicone11, Glucosamine Hcl, Isododecane, Peg6, Peg32, Propylene Carbonate, Caprylyl Glycol, Hexylene Glycol, Citric Acid, Ethylhexyl Hydroxystearate, Fragrance, Citral, Limonene, Linalool, Bht, Disodium Edta, Sodium Citrate, Phenoxyethanol, Bismuth Oxychloride, Iron Oxides",377,32412,0.0,0.0,https://www.sephora.com/product/dreamduo-overnight-transforming-treatment-P412366?icid2=products%20grid:p412366,2.0629276649746324,28.600130291396088
8 HR Mattifying Moisturizer Sunscreen Broad Spectrum SPF20,SEPHORA COLLECTION,moisturizing-cream-oils-mists,23.0,"Dimethicone, Isohexadecane, Glycerin, BisPeg18 Methyl Ether Dimethyl Silane, Butylene Glycol, Peg10 Dimethicone, Propanediol, Petrolatum, Disteardimonium Hectorite, Tocopheryl Acetate, Sodium Hyaluronate, Tetrahexyldecyl Ascorbate, Camellia Sinensis Leaf Extract, Citrus Reticulata Peel Extract, Cladosiphon Okamuranus Extract, Coffea Arabica Seed Extract, Cucumis Sativus Fruit Extract, Garcinia Mangostana Peel Extract, Helianthus Annuus Seedcake, Hordeum Vulgare Extract, Lycium Chinense Fruit Extract, Punica Granatum Extract, Sapindus Mukorossi Fruit Extract, Vaccinium Angustifolium Fruit Extract, Vaccinium Macrocarpon Fruit Extract, Yeast Extract, Caesalpinia Spinosa Gum, Caffeine, Propylene Glycol Dicaprate, Ergothioneine, Sorbitol, Trehalose, Menthoxypropanediol, Dextrin, Triethoxycaprylylsilane, Polyethylene, Polysilicone11, Glucosamine Hcl, Isododecane, Peg6, Peg32, Propylene Carbonate, Caprylyl Glycol, Hexylene Glycol, Citric Acid, Ethylhexyl Hydroxystearate, Fragrance, Citral, Limonene, Linalool, Bht, Disodium Edta, Sodium Citrate, Phenoxyethanol, Bismuth Oxychloride, Iron Oxides",541,10109,1.69,0.0,https://www.sephora.com/product/8hr-mattifying-moisturizer-sunscreen-broad-spectrum-spf20-P410156?icid2=products%20grid:p410156,1.69,13.609467455621305
High Potency Classics: Face Finishing & Firming Moisturizer Tint SPF 30,Perricone MD,moisturizing-cream-oils-mists,69.0,"Glycerin, Cyclopentasiloxane, Dimethicone, Pentylene Glycol, Ethylhexyl Methoxycrylene, Polyester8, Polyglyceryl3 Polydimethylsiloxyethyl Dimethicone, Hydroxyethyl Acrylate, Benzyl Alcohol, Aluminum Hydroxide, Stearic Acid, Iron Oxides, Diethylhexyl Syringylidenemalonate, Hydrogenated Lecithin, Titanium Dioxide, Isohexadecane, Bisabolol, Mica, Tetrahexyldecyl Ascorbate, Phenoxyethanol, Silica Dimethyl Silytate, Polyester1, Polysilicone11, Polysorbate 60, Caprylic, Sodium Benzoate, Potassium Sorbate, Fragrance, Xanthan Gum, Hydrogenated Phosphatidylcholine Citronellol, Thioctic Acid, Geraniol, Astaxanthin, Hydroxycitronellal, Butylphenyl Methylpropional",298,4517,2.0,0.0,https://www.sephora.com/product/face-finishing-moisturizer-tint-broad-spectrum-spf-30-P392883?icid2=products%20grid:p392883,2.0,34.5
Youthquake Hydra-full Retexturizing Gel Crème Moisturizer,Marc Jacobs Beauty,moisturizing-cream-oils-mists,59.0,"Ananas Sativus Fruit  Glycerin, Propanediol, Dipropylene Glycol, Dimethicone, Caprylic, Hydrogenated Polydecene, C1422 Alcohols, 12Hexanediol, Hydrogenated Polyisobutene, Glyceryl Stearate, Butylene Glycol, Dimethicone, Sodium Acrylate, C1220 Alkyl Glucoside, Phenoxyethanol, Peg100 Stearate, Isohexadecane, Acrylates, Ammonium Acryloyldimethyltaurate, Dimethiconol, Opuntia Coccinellifera Flower Extract, Xanthan Gum, Tocopheryl Acetate, Potassium Hydroxide, Polysorbate 80, Ethylhexylglycerin, Hydrogenated Lecithin, Mica, Fragrance, Sorbitan Oleate, Sodium Hyaluronate, Glucose, Selenicereus Megalanthus Fruit Extract, Bromelain, Averrhoa Carambola Fruit Extract, Tin Oxide, Titanium Dioxide, Yellow 5",1000,4220,0.0,1.7,https://www.sephora.com/product/youthquake-hydra-full-retexturizing-gel-creme-moisturizer-P445427?icid2=products%20grid:p445427,1.7,34.70588235294117
A Perfect World™ SPF 40 Age-Defense Moisturizer with White Tea,Origins,moisturizing-cream-oils-mists,46.0,"Avobenzone 30%, Homosalate 80%, Octinoxate 75%, Octisalate 45%, Octocrylene 50% Butylene Glycol, Glycerin, Ammonium Acryloyldimethyltaurate, Polyethylene, Citrus Aurantium Bergamia Fruit Oil, Citrus Limon Peel Oil, Citrus Aurantium Dulcis Oil, Cinnamomum Camphora Bark Oil, Mentha Viridis Leaf Oil, Magnolia Acuminata Flower Extract, Iris Pallida Root Extract, Rosa Damascena Extract, Citral, Linalool, Limonene, Cetyl Alcohol, Glyceryl Stearate, Peg100 Stearate, Peg6, Vaccinium Angustifolium Fruit Extract, Vaccinium Macrocarpon Fruit Extract, Solanum Tuberosum Pulp Extract, Lycium Chinense Fruit Extract, Eriobotrya Japonica Leaf Extract, Passiflora Incarnata Flower Extract, Leontopodium Alpinum Extract, Betula Alba Bark Extract, Camellia Sinensis Leaf Extract, Boswellia Serrata Extract, Sigesbeckia Orientalis Extract, Thermus Thermophillus Ferment, Hordeum Vulgare Extract, Triticum Vulgare Germ Extract, Saccharomyces Lysate Extract, Lythrum Salicaria Extract, Yeast Extract, Algae Extract, Oryzanol, Squalane, Ethylhexylglycerin, Trehalose, Steareth21, Ergothioneine, Sodium Hyaluronate, Vp, Nylon12, Caprylyl Glycol, Sodium Pca, Sodium Dehydroacetate, Tocopheryl Acetate, Urea, Ascorbyl Tocopheryl Maleate, Citric Acid, Polyquaternium51, Hexylene Glycol, Lecithin, Sodium Phytate, Bht, Mica, Phenoxyethanol Essential Oil",282,12809,1.7,0.0,https://www.sephora.com/product/a-perfect-world-spf-40-age-defense-moisturizer-with-white-tea-P417307?icid2=products%20grid:p417307,1.7,27.058823529411764
Luxury Face Oil- Jasmine & Neroli,RODIN olio lusso ,moisturizing-cream-oils-mists,170.0,"Simmondsia Chinensis Seed Oil, Oenothera Biennis Oil, Prunus Armeniaca Kernel Oil, Prunus Amygdalus Dulcis Oil, Olea Europaea Fruit Oil, Rosa Canina Seed Extract, Argania Spinosa Kernel Oil, Helianthus Annuus Seed Oil, Jasminum Officinale Oil, Citrus Aurantium Dulcis Flower Oil, Tocopheryl Acetate, Arnica Montana Flower Extract, Rosmarinus Officinalis Leaf Extract, Calendula Officinalis Flower Oil, Linalool, Benzyl Benzoate, Limonene, Eugenol, Benzyl Alcohol, Geraniol, Tocopherol",15,867,0.0,1.0,https://www.sephora.com/product/jasmine-neroli-face-oil-P440980?icid2=products%20grid:p440980,1.0,170.0
Zincscreen 100% Mineral Lotion SPF 40 PA+++,Supergoop!,moisturizing-cream-oils-mists,42.0,"Tetradecane, Cetearyl Nonanoate, Ethylhexyl Palmitate, Caprylic, Isopropyl Palmitate, Isopropyl Myristate, Glycerin, Polyglyceryl3 Diisostearate, Mica, Propanediol, Disteardimonium Hectorite, Gluconolactone, Polyglyceryl6 Polyricinoleate, Brassica Campestris, Propanediol, Polyhydroxystearic Acid, Sodium Chloride, Magnesium Sulfate, Fructose, Octyldodecyl Oleate, Tocopherol, Cocos Nucifera Fruit Extract, Sodium Benzoate, Iron Oxides, Dodecane, Hexadecane, Titanium Dioxide, Withania Somnifera Flower Extract, Iron Oxides, Vaccinium Angustifolium Fruit Extract, Silica, Calcium Gluconate",216,10144,1.7,0.0,https://www.sephora.com/product/zincscreen-100-mineral-lotion-spf-40-pa-P446909?icid2=products%20grid:p446909,1.7,24.705882352941174
Maracuja Neck Treatment,tarte,moisturizing-cream-oils-mists,44.0,"Water, Glycerin, Cetearyl Alcohol, Butylene Glycol, Caprylic, Oryza Sativa Starch, Simmondsia Chinensis Seed Oil, Olus, PEG20 Methyl Glucose Sesquistearate, Ceteareth20, Hydroxyethyl Acrylate, Ammonium Acryloyldimethyltaurate, Sodium Polyacrylate, Calcium Ketogluconate, Ethylhexylglycerin, Caprylyl Glycol, Hydrogenated Polydecene, Parfum, Xanthan Gum, Disodium EDTA, Passiflora Edulis Seed Oil, Trideceth6, Squalane, Sodium Hydroxide, PEG8, Polysorbate 60, Tocopherol, Sodium Hyaluronate, Sorbitan Isostearate, Pelvetia Canaliculata Extract, Ascorbyl Palmitate, Opuntia FicusIndica Stem Extract, Ascorbic Acid, Citric Acid, Opuntia FicusIndica Callus Culture Extract, Dextran, Trifluoroacetyl Tripeptide2, Phenoxyethanol, Chlorphenesin, Dehydroacetic Acid",109,16174,1.7,0.0,https://www.sephora.com/product/maracuja-neck-treatment-P391902?icid2=products%20grid:p391902,1.7,25.882352941176467
Greek Yoghurt Advanced Nourishing Sleeping Facial,KORRES,moisturizing-cream-oils-mists,46.0,"Glycerin, Glyceryl Stearate Citrate, Dicaprylyl Carbonate, Alcohol Denat, Triheptanoin, Behenyl Alcohol, Glyceryl Stearate, Aloe Barbadensis Leaf Juice, Isodecyl Neopentanoate, Simmondsia Chinensis Seed Oil, Cera Alba, Lecithin, Imperata Cylindrica Root Extract, Acacia Decurrens, Acrylates, AlphaIsomethyl Ionone, Amyl Cinnamal, Ascorbyl Tetraisopalmitate, Benzyl Salicylate, Caprylyl Glycol, Carbomer, Cetearyl Alcohol, Coumarin, Distarch Phosphate, Fragrance, Galactoarabinan, Geraniol, Glycine Soja Oil, Glycine Soja Sterols, Hydrolyzed Sodium Hyaluronate, Hydroxycitronellal, Hydroxyethyl Acrylate, Hydroxyisohexyl 3 Cyclohexene Carboxaldehyde, Isoeugenol, Linalool, Phenoxyethanol, Rosmarinus Officinalis Leaf Extract, Sodium Hydroxide, Tetrahydrodiferuloylmethane, Tetrasodium Glutamate Diacetate, Tocopheryl Acetate, Xanthan Gum, Yogurt Powder",564,22151,0.0,1.35,https://www.sephora.com/product/greek-yoghurt-advanced-nourishing-sleeping-facial-P379063?icid2=products%20grid:p379063,1.35,34.07407407407407
Pomegranate Balancing Cream Gel,KORRES,moisturizing-cream-oils-mists,34.0,"Glycerin, Simmondsia Chinensis Seed Oil, C1215 Alkyl Benzoate, Dicaprylyl Carbonate, Ammonium Acryloyldimethyltaurate, Dicaprylyl Ether, Macadamia Ternifolia Seed Oil, Potassium Cetyl Phosphate, Acrylates, Calendula Officinalis Extract, Caprylyl Glycol, Cyclodextrin, Epilobium Fleischeri Extract, Fragrance, Glyceryl Stearate, Glycine Soja Oil, Helianthus Annuus Seed Oil, Panthenol, Persea Gratissima Oil Unsaponifiables, Persea Gratissima Oil, Phenoxyethanol, Punica Granatum Fruit Extract, Rosmarinus Officinalis Leaf Extract, Salicylic Acid, Sodium Gluceptate, Sodium Hyaluronate, Sodium Hydroxide, Tocopherol, Tocopheryl Acetate",575,18491,1.35,0.0,https://www.sephora.com/product/pomegranate-balancing-cream-gel-moisturiser-P305109?icid2=products%20grid:p305109,1.35,25.185185185185183
Essential Balancing Emulsion,Sulwhasoo,moisturizing-cream-oils-mists,63.0,"Glycerin, Simmondsia Chinensis Seed Oil, C1215 Alkyl Benzoate, Dicaprylyl Carbonate, Ammonium Acryloyldimethyltaurate, Dicaprylyl Ether, Macadamia Ternifolia Seed Oil, Potassium Cetyl Phosphate, Acrylates, Calendula Officinalis Extract, Caprylyl Glycol, Cyclodextrin, Epilobium Fleischeri Extract, Fragrance, Glyceryl Stearate, Glycine Soja Oil, Helianthus Annuus Seed Oil, Panthenol, Persea Gratissima Oil Unsaponifiables, Persea Gratissima Oil, Phenoxyethanol, Punica Granatum Fruit Extract, Rosmarinus Officinalis Leaf Extract, Salicylic Acid, Sodium Gluceptate, Sodium Hyaluronate, Sodium Hydroxide, Tocopherol, Tocopheryl Acetate",4,582,4.22,0.0,https://www.sephora.com/product/essential-balancing-emulsion-P448923?icid2=products%20grid:p448923,4.22,14.928909952606634
MOISTURE BOUND Refreshing Hydra-Gel Oil-Free,AMOREPACIFIC,moisturizing-cream-oils-mists,100.0,"Phyllostachis Bambusoides Juice, Butylene Glycol, Cyclopentasiloxane, Hydrogenated Polyisobutene, Glycerin, Dimethicone, Xylitylglucoside, Alcohol, Tricholoma Matsutake Extract, Panax Ginseng Root Extract, Zingiber Officinale Root Extract, Trehalose, Serine, Glycine, Hydrolyzed Ginseng Saponins, Kaempferol, Glutamic Acid, Alanine, Lysine, Arginine, Threonine, Cetearyl Alcohol, Peg40 Stearate, Anhydroxylitol, Silica, Sodium Polyacrylate, Sucrose Stearate, Sorbitan Sesquioleate, Hydrogenated Polydecene, Polysilicone11, Xylitol, Triethanolamine, Carbomer, Peg, Titanium Dioxide, Ppg5Laureth5, Betaine, Biosaccharide Gum1, Sodium PCA, Hydrated Silica, Propylene Glycol, Sorbitol, Hydrogenated Lecithin, Aluminum Hydroxide, Peg5 Rapeseed Sterol, Ethyl Hexanediol, Proline, Zinc Gluconate, BHT, Magnesium Aspartate, Copper Gluconate, Calcium Gluconate, Disodium EDTA, Methylparaben, Propylparaben, CI 42090, Fragrance",378,9189,1.7,0.0,https://www.sephora.com/product/moisture-bound-refreshing-hydra-gel-oil-free-P232940?icid2=products%20grid:p232940,1.7,58.82352941176471
Ferulic + Retinol Fortifying Neck Emulsion,Dr. Dennis Gross Skincare,moisturizing-cream-oils-mists,75.0,"Phyllostachis Bambusoides Juice, Butylene Glycol, Cyclopentasiloxane, Hydrogenated Polyisobutene, Glycerin, Dimethicone, Xylitylglucoside, Alcohol, Tricholoma Matsutake Extract, Panax Ginseng Root Extract, Zingiber Officinale Root Extract, Trehalose, Serine, Glycine, Hydrolyzed Ginseng Saponins, Kaempferol, Glutamic Acid, Alanine, Lysine, Arginine, Threonine, Cetearyl Alcohol, Peg40 Stearate, Anhydroxylitol, Silica, Sodium Polyacrylate, Sucrose Stearate, Sorbitan Sesquioleate, Hydrogenated Polydecene, Polysilicone11, Xylitol, Triethanolamine, Carbomer, Peg, Titanium Dioxide, Ppg5Laureth5, Betaine, Biosaccharide Gum1, Sodium PCA, Hydrated Silica, Propylene Glycol, Sorbitol, Hydrogenated Lecithin, Aluminum Hydroxide, Peg5 Rapeseed Sterol, Ethyl Hexanediol, Proline, Zinc Gluconate, BHT, Magnesium Aspartate, Copper Gluconate, Calcium Gluconate, Disodium EDTA, Methylparaben, Propylparaben, CI 42090, Fragrance",16,3649,1.7,0.0,https://www.sephora.com/product/ferulic-retinol-fortifying-neck-emulsion-P403457?icid2=products%20grid:p403457,1.7,44.11764705882353
Perfecting Day Cream Broad Spectrum SPF 30 PA+++,Murad,moisturizing-cream-oils-mists,58.0,"Phyllostachis Bambusoides Juice, Butylene Glycol, Cyclopentasiloxane, Hydrogenated Polyisobutene, Glycerin, Dimethicone, Xylitylglucoside, Alcohol, Tricholoma Matsutake Extract, Panax Ginseng Root Extract, Zingiber Officinale Root Extract, Trehalose, Serine, Glycine, Hydrolyzed Ginseng Saponins, Kaempferol, Glutamic Acid, Alanine, Lysine, Arginine, Threonine, Cetearyl Alcohol, Peg40 Stearate, Anhydroxylitol, Silica, Sodium Polyacrylate, Sucrose Stearate, Sorbitan Sesquioleate, Hydrogenated Polydecene, Polysilicone11, Xylitol, Triethanolamine, Carbomer, Peg, Titanium Dioxide, Ppg5Laureth5, Betaine, Biosaccharide Gum1, Sodium PCA, Hydrated Silica, Propylene Glycol, Sorbitol, Hydrogenated Lecithin, Aluminum Hydroxide, Peg5 Rapeseed Sterol, Ethyl Hexanediol, Proline, Zinc Gluconate, BHT, Magnesium Aspartate, Copper Gluconate, Calcium Gluconate, Disodium EDTA, Methylparaben, Propylparaben, CI 42090, Fragrance",165,5766,1.7,0.0,https://www.sephora.com/product/perfecting-day-cream-broad-spectrum-spf-30-pa-P4039?icid2=products%20grid:p4039,1.7,34.117647058823536
Essential Balancing Water,Sulwhasoo,moisturizing-cream-oils-mists,58.0,"Phyllostachis Bambusoides Juice, Butylene Glycol, Cyclopentasiloxane, Hydrogenated Polyisobutene, Glycerin, Dimethicone, Xylitylglucoside, Alcohol, Tricholoma Matsutake Extract, Panax Ginseng Root Extract, Zingiber Officinale Root Extract, Trehalose, Serine, Glycine, Hydrolyzed Ginseng Saponins, Kaempferol, Glutamic Acid, Alanine, Lysine, Arginine, Threonine, Cetearyl Alcohol, Peg40 Stearate, Anhydroxylitol, Silica, Sodium Polyacrylate, Sucrose Stearate, Sorbitan Sesquioleate, Hydrogenated Polydecene, Polysilicone11, Xylitol, Triethanolamine, Carbomer, Peg, Titanium Dioxide, Ppg5Laureth5, Betaine, Biosaccharide Gum1, Sodium PCA, Hydrated Silica, Propylene Glycol, Sorbitol, Hydrogenated Lecithin, Aluminum Hydroxide, Peg5 Rapeseed Sterol, Ethyl Hexanediol, Proline, Zinc Gluconate, BHT, Magnesium Aspartate, Copper Gluconate, Calcium Gluconate, Disodium EDTA, Methylparaben, Propylparaben, CI 42090, Fragrance",3,611,4.22,0.0,https://www.sephora.com/product/essential-balancing-water-P448918?icid2=products%20grid:p448918,4.22,13.744075829383887
Ultimate Revival Essence,SK-II,moisturizing-cream-oils-mists,305.0,"Galactomyces Ferment Filtrate, Butylene Glycol, Glycerin, Hydroxyethyl Urea, Pentylene Glycol, Betaine, Centella Asiatica Extract, Saccharomyces Cerevisiae Extract, Sodium Citrate, Triethyl Citrate, Sodium Benzoate, Sorbic Acid, Methylparaben Pitera",8,2221,5.07,0.0,https://www.sephora.com/product/ultimate-revival-essence-P428103?icid2=products%20grid:p428103,5.07,60.157790927021686
Capture Totale Intensive Night Restorative Crème,Dior,moisturizing-cream-oils-mists,175.0,"Aqua, Glycerin, Decyl Oleate, Hydrogenated Palm Kernel Glycerides, Dimethicone, Mangifera Indica Seed Butter, Butylene Glycol, Cetyl Alcohol, Pentylene Glycol, Hydrogenated CocoGlycerides, Hydrogenated Polyisobutene, Aluminum Starch Octenylsuccinate, Decyloxazolidinone, Diglycerin, Glyceryl Stearate, Myreth3 Myristate, Peg75 Stearate, Citrus Madurensis Fruit Extract, Alcohol, Polyglycerin3, Phenoxyethanol, Dimethiconol, Stearyl Alcohol, Parfum, Hydrogenated Palm Glycerides, Acrylates, Ceteth20, Steareth20, Disodium Edta, Tocopheryl Acetate, Xanthan Gum, Sodium Hydroxide, Secale Cereale Seed Extract, Faex, Decyl Glucoside, Malva Sylvestris Extract, Dimethylmethoxy Chromanol, Adenosine, Sorbitol, Butylphenyl Methylpropional, Hydrolyzed Soy Protein, Sodium Metabisulfite, Sodium Tocopheryl Phosphate, Limonene, Algin, Caprylyl Glycol, Hexylene Glycol, Bht, Aframomum Angustifolium Seed Extract, Polyvinyl Alcohol, Geraniol, Hydrolyzed Rice Protein, Citronellol, AlphaIsomethyl Ionone, Oenothera Biennis Root Extract, Vitis Vinifera Seed Extract, Cellulose Gum, Ethylhexylglycerin, Kluyveromyces Extract, Sodium Benzoate, Polygonum Bistorta Root Extract, Tocopherol, Citric Acid, Potassium Sorbate, Hydrogenated Palm Glycerides Citrate",36,2926,2.1,0.0,https://www.sephora.com/product/capture-totale-intensive-night-restorative-creme-P375354?icid2=products%20grid:p375354,2.1,83.33333333333333
Crème Ancienne®,Fresh,moisturizing-cream-oils-mists,148.0,"Limnanthes Alba Seed Oil, Rosa Damascena Flower Beeswax, Pentylene Glycol, Corylus Avellana Seed Oil, Ormenis Multicaulis Flower Wax, Sodium Carbonate Decahydrate, Limonene, Citrus Medica Limonum Peel Oil, Osmanthus Fragrans Flower Extract, Anthemis Nobilis Flower Oil, Tocopherol, Citronellol, Geraniol, Citral",194,11338,0.0,1.0,https://www.sephora.com/product/creme-ancienne-P42592?skuId=683862&icid2=products%20grid:p42592,1.0,148.0
Vinosource Overnight Recovery Oil,Caudalie,moisturizing-cream-oils-mists,50.0,"Caprylic, Vitis Vinifera Seed Oil, Simmondsia Chinensis Seed Oil, Sesamum Indicum Seed Oil, Cymbopogon Martini Oil, Helianthus Annuus Seed Oil, Rosa Damascena Flower Oil, Rosmarinus Officinalis Leaf Extract, Geraniol, Citronellol, Linalool, Citral, Farnesol, Eugenol, Limonene Origin",82,9129,1.0,0.0,https://www.sephora.com/product/vinosource-overnight-recovery-oil-P386734?icid2=products%20grid:p386734,1.0,50.0
Alpha Beta® Exfoliating Moisturizer,Dr. Dennis Gross Skincare,moisturizing-cream-oils-mists,68.0,Ceramides,102,5998,2.0,0.0,https://www.sephora.com/product/alpha-beta-r-exfoliating-moisturizer-P428942?icid2=products%20grid:p428942,2.0,34.0
Squalane + Tea Tree Detox Mask,Biossance,moisturizing-cream-oils-mists,39.0,Ceramides,276,12120,2.53,0.0,https://www.sephora.com/product/squalane-tea-tree-detox-mask-P442550?icid2=products%20grid:p442550,2.53,15.415019762845853
Green Tea Seed Intensive Hydrating Cream,innisfree,moisturizing-cream-oils-mists,24.0,"Water, Propanediol, Glycerin, Methyl Trimethicone, Stearyl Dimethicone, Butylene Glycol Dicaprylate, Pentaerythrityl Tetraethylhexanoate, Camellia Sinensis Seed Oil, Polymethylsilsesquioxane, Glyceryl Polymethacrylate, 12Hexanediol, Octadecene, Hydroxyethyl Acrylate, Polyglyceryl3 Methylglucose Distearate, Glyceryl Stearate, Hydrogenated Lecithin, Cholesterol, Carbomer, Fragrance, Tromethamine, Cetearyl Alcohol, Panthenol, Xanthan Gum, Glyceryl Caprylate, Sodium Stearoyl Glutamate, Disodium Edta, Ethylhexylglycerin, Sorbitan Isostearate, Camellia Sinensis Leaf Extract, Sodium Hyaluronate, Dextrin, Theobroma Cacao Extract, Tocopherol",18,3282,1.69,0.0,https://www.sephora.com/product/green-tea-seed-intensive-hydrating-cream-P449850?icid2=products%20grid:p449850,1.69,14.201183431952662
B. Well Organic + Australian 100% Tea Tree Oil,Briogeo,moisturizing-cream-oils-mists,32.0,Melaleuca Alternifolia Leaf Oil,129,12577,0.0,0.0,https://www.sephora.com/product/b-well-organic-australian-100-tea-tree-oil-P440274?icid2=products%20grid:p440274,2.0629276649746324,15.511935073299576
Clinique Smart Clinical™ MD Multi-Dimensional Age Transformer Duo Resculpt + Revolumize,CLINIQUE,moisturizing-cream-oils-mists,69.0,"Water\Aqua\Eau, Butylene Glycol, Butyrospermum Parkii, Cetearyl Alcohol, Hydrogenated Polyisobutene, Phenyl Trimethicone, Sucrose, Glycerin, Polyglyceryl3 Beeswax, Cetyl Esters, Isostearyl Neopentanoate, Peg100 Stearate, Hdi, Cetearyl Glucoside, Acetyl Glucosamine, Sigesbeckia Orientalis Extract, Yeast Extract\Faex\Extrait De Levure, Methyl Glucose Sesquistearate, Centaurium Erythraea Extract, Micrococcus Lysate, Polysilicone11, Acetyl Octapeptide3, Acetyl Hexapeptide8, Ergothioneine, Biotin, Whey Protein\Lactis Protein\Protéine Du PetitLait, Ursolic Acid, Dipeptide Diaminobutyroyl Benzylamide Diacetate, Glycine Soja Protein, Tocopheryl Acetate, Camellia Sinensis Leaf Extract, Isoleucine, Saccharomyces Ferment Filtrate, Leucine, Soy Amino Acids, Carbomer, Polymethyl Methacrylate, Hydroxyethyl Urea, Caffeine, Caprylyl Glycol, Pyrus Malus Fruit Extract, Polybutene, Hydrolyzed Soy Protein, Dimethicone, Sodium Hyaluronate, Linoleic Acid, Stearic Acid, Aminomethyl Propanol, Adenosine Phosphate, Acetyl Carnitine Hcl, Creatine, Menthanediol, Lecithin, Aminopropyl Ascorbyl Phosphate, Silica, 12Hexanediol, Calcium Chloride, Hydroxyethylcellulose, Sodium Citrate, Citric Acid, Disodium Edta, Potassium Sorbate, Bht, Sodium Benzoate, Sodium Dehydroacetate, Phenoxyethanol, Ext Violet 2, Red 33",3,1053,1.7,0.0,https://www.sephora.com/product/clinique-smart-clinical-md-multi-dimensional-age-transformer-duo-resculpt-revolumize-P448565?icid2=products%20grid:p448565,1.7,40.588235294117645
Santal Face Treatment Oil,Clarins,moisturizing-cream-oils-mists,60.0,"Water\Aqua\Eau, Butylene Glycol, Butyrospermum Parkii, Cetearyl Alcohol, Hydrogenated Polyisobutene, Phenyl Trimethicone, Sucrose, Glycerin, Polyglyceryl3 Beeswax, Cetyl Esters, Isostearyl Neopentanoate, Peg100 Stearate, Hdi, Cetearyl Glucoside, Acetyl Glucosamine, Sigesbeckia Orientalis Extract, Yeast Extract\Faex\Extrait De Levure, Methyl Glucose Sesquistearate, Centaurium Erythraea Extract, Micrococcus Lysate, Polysilicone11, Acetyl Octapeptide3, Acetyl Hexapeptide8, Ergothioneine, Biotin, Whey Protein\Lactis Protein\Protéine Du PetitLait, Ursolic Acid, Dipeptide Diaminobutyroyl Benzylamide Diacetate, Glycine Soja Protein, Tocopheryl Acetate, Camellia Sinensis Leaf Extract, Isoleucine, Saccharomyces Ferment Filtrate, Leucine, Soy Amino Acids, Carbomer, Polymethyl Methacrylate, Hydroxyethyl Urea, Caffeine, Caprylyl Glycol, Pyrus Malus Fruit Extract, Polybutene, Hydrolyzed Soy Protein, Dimethicone, Sodium Hyaluronate, Linoleic Acid, Stearic Acid, Aminomethyl Propanol, Adenosine Phosphate, Acetyl Carnitine Hcl, Creatine, Menthanediol, Lecithin, Aminopropyl Ascorbyl Phosphate, Silica, 12Hexanediol, Calcium Chloride, Hydroxyethylcellulose, Sodium Citrate, Citric Acid, Disodium Edta, Potassium Sorbate, Bht, Sodium Benzoate, Sodium Dehydroacetate, Phenoxyethanol, Ext Violet 2, Red 33",18,5132,1.0,0.0,https://www.sephora.com/product/santal-face-treatment-oil-P392522?icid2=products%20grid:p392522,1.0,60.0
Ultimate Miracle Worker Night,philosophy,moisturizing-cream-oils-mists,80.0,"Glycerin, Prunus Armeniaca Kernel Oil, Propanediol, Pentylene Glycol, Phenoxyethanol, Alumina, Iris Pallida Root Extract, Hydroxyethylpiperazine Ethane Sulfonic Acid, Silica, Xanthan Gum, Algin, Synthetic Fluorphlogopite, Bht, Sodium Hydroxide, Helianthus Annuus Seed Oil, Sodium Lauryl Sulfate, Sodium Hyaluronate, Tocopherol, BetaSitosterol, Squalene, Titanium Dioxide, Iron Oxide",65,4322,1.7,0.0,https://www.sephora.com/product/ultimate-miracle-worker-night-P399112?icid2=products%20grid:p399112,1.7,47.058823529411775
No. 4 Vanilla Silk Hydrating Lotion,Edible Beauty,moisturizing-cream-oils-mists,47.0,"Cocos Nucifera Oil, Cetearyl Olivate, Camellia Oleifera Seed Oil, Sorbitan Olivate, Theobroma Cacao, Vaccinium Macrocarpon Extract, Althaea Officinalis Extract, Helianthus Annuus Seed Oil, Butyrospermum Parkii, Sodium Levulinate, Sodium Anisate, Rubus Idaeus Seed Oil, Hibiscus Sabdariffa, Capryloyl Glycerin Sebacic Acid, Glyceryl Caprylate, Acronychia Acidula, Davidsonia Pruriens Extract, Sclerotium Gum, Tocopherol, Vanilla Planifolia Oleoresin, Litsea Cubeba Oil",120,2812,1.7,0.0,https://www.sephora.com/product/no-4-vanilla-silk-hydrating-lotion-P428643?icid2=products%20grid:p428643,1.7,27.64705882352941
POWER Recharging Night Pressed Serum,Algenist,moisturizing-cream-oils-mists,95.0,"Cocos Nucifera  Water, Dimethicone, Glycerin, Methyl Trimethicone, Butylene Glycol, Ceresin, Cyclopentasiloxane, Ozokerite, Parachlorella Beijerinckii Exopolysaccharides, Chlorella Protothecoides, Algin, Hydrolyzed FFucoidan, Tripleurospermum Maritimum Extract, Camellia Sinensis Leaf Extract, Palmitoyl Hexapeptide52, Passiflora Incarnata Extract, Ribose, Collagen, Bidens Pilosa Extract, Linum Usitatissimum Seed Oil, Adenosine, Elaeis Guineensis Oil, Gossypium Herbaceum Seed Oil, Tocopherol, Biosaccharide Gum4, AlphaGlucan Oligosaccharide, BHT, Citric Acid, Leuconostoc, Dimethicone, Dimethicone, Dipropylene Glycol, Sodium Chloride, Lauryl PEG9 Polydimethylsiloxyethyl Dimethicone, Propanediol, Sodium Citrate, Caprylyl Glycol, Chlorphenesin, Potassium Sorbate, Sodium Benzoate, Benzyl Alcohol, Dehydroacetic Acid, Phenoxyethanol, Fragrance, Butylphenyl Methylpropional, Hexyl Cinnamal",182,8595,2.0,0.0,https://www.sephora.com/product/power-recharging-night-pressed-serum-P416552?icid2=products%20grid:p416552,2.0,47.5
Hope In A Jar,philosophy,moisturizing-cream-oils-mists,39.0,"Cocos Nucifera  Water, Dimethicone, Glycerin, Methyl Trimethicone, Butylene Glycol, Ceresin, Cyclopentasiloxane, Ozokerite, Parachlorella Beijerinckii Exopolysaccharides, Chlorella Protothecoides, Algin, Hydrolyzed FFucoidan, Tripleurospermum Maritimum Extract, Camellia Sinensis Leaf Extract, Palmitoyl Hexapeptide52, Passiflora Incarnata Extract, Ribose, Collagen, Bidens Pilosa Extract, Linum Usitatissimum Seed Oil, Adenosine, Elaeis Guineensis Oil, Gossypium Herbaceum Seed Oil, Tocopherol, Biosaccharide Gum4, AlphaGlucan Oligosaccharide, BHT, Citric Acid, Leuconostoc, Dimethicone, Dimethicone, Dipropylene Glycol, Sodium Chloride, Lauryl PEG9 Polydimethylsiloxyethyl Dimethicone, Propanediol, Sodium Citrate, Caprylyl Glycol, Chlorphenesin, Potassium Sorbate, Sodium Benzoate, Benzyl Alcohol, Dehydroacetic Acid, Phenoxyethanol, Fragrance, Butylphenyl Methylpropional, Hexyl Cinnamal",6000,34190,0.0,2.0,https://www.sephora.com/product/hope-in-a-jar-P4633?icid2=products%20grid:p4633,2.0,19.5
Umbrian Clay Oil-Free Lotion,Fresh,moisturizing-cream-oils-mists,38.0,"Cocos Nucifera  Water, Dimethicone, Glycerin, Methyl Trimethicone, Butylene Glycol, Ceresin, Cyclopentasiloxane, Ozokerite, Parachlorella Beijerinckii Exopolysaccharides, Chlorella Protothecoides, Algin, Hydrolyzed FFucoidan, Tripleurospermum Maritimum Extract, Camellia Sinensis Leaf Extract, Palmitoyl Hexapeptide52, Passiflora Incarnata Extract, Ribose, Collagen, Bidens Pilosa Extract, Linum Usitatissimum Seed Oil, Adenosine, Elaeis Guineensis Oil, Gossypium Herbaceum Seed Oil, Tocopherol, Biosaccharide Gum4, AlphaGlucan Oligosaccharide, BHT, Citric Acid, Leuconostoc, Dimethicone, Dimethicone, Dipropylene Glycol, Sodium Chloride, Lauryl PEG9 Polydimethylsiloxyethyl Dimethicone, Propanediol, Sodium Citrate, Caprylyl Glycol, Chlorphenesin, Potassium Sorbate, Sodium Benzoate, Benzyl Alcohol, Dehydroacetic Acid, Phenoxyethanol, Fragrance, Butylphenyl Methylpropional, Hexyl Cinnamal",307,11145,1.7,0.0,https://www.sephora.com/product/umbrian-clay-oil-free-lotion-P185408?icid2=products%20grid:p185408,1.7,22.35294117647059
Blue Orchid Face Treatment Oil,Clarins,moisturizing-cream-oils-mists,60.0,"Cocos Nucifera  Water, Dimethicone, Glycerin, Methyl Trimethicone, Butylene Glycol, Ceresin, Cyclopentasiloxane, Ozokerite, Parachlorella Beijerinckii Exopolysaccharides, Chlorella Protothecoides, Algin, Hydrolyzed FFucoidan, Tripleurospermum Maritimum Extract, Camellia Sinensis Leaf Extract, Palmitoyl Hexapeptide52, Passiflora Incarnata Extract, Ribose, Collagen, Bidens Pilosa Extract, Linum Usitatissimum Seed Oil, Adenosine, Elaeis Guineensis Oil, Gossypium Herbaceum Seed Oil, Tocopherol, Biosaccharide Gum4, AlphaGlucan Oligosaccharide, BHT, Citric Acid, Leuconostoc, Dimethicone, Dimethicone, Dipropylene Glycol, Sodium Chloride, Lauryl PEG9 Polydimethylsiloxyethyl Dimethicone, Propanediol, Sodium Citrate, Caprylyl Glycol, Chlorphenesin, Potassium Sorbate, Sodium Benzoate, Benzyl Alcohol, Dehydroacetic Acid, Phenoxyethanol, Fragrance, Butylphenyl Methylpropional, Hexyl Cinnamal",70,6830,1.0,0.0,https://www.sephora.com/product/blue-orchid-face-treatment-oil-P392004?icid2=products%20grid:p392004,1.0,60.0
Rose Hibiscus Hydrating Mist,Herbivore,moisturizing-cream-oils-mists,32.0,"Aloe Barbadensis Leaf Rosa Damascena Flower Leuconostoc, Glycerin, Sodium Hyaluronate, Sodium Phytate, Cocos Nucifera Fruit Powder, Hibiscus Sabdariffa Flower Extract, Melia Azadirachta Leaf Extract, Melia Azadirachta Flower Extract, Coccinia Indica Fruit Extract",20,2152,4.0,0.0,https://www.sephora.com/product/rose-hibiscus-hydrating-mist-P452004?icid2=products%20grid:p452004,4.0,8.0
Brumisateur® Natural Mineral Water Facial Spray,Evian,moisturizing-cream-oils-mists,13.5,"Pure, Natural evian® Mineral Water: Propelled by safe nitrogen with a neutral 72 ph",353,21717,0.0,5.0,https://www.sephora.com/product/mineral-water-spray-P2043?icid2=products%20grid:p2043,5.0,2.7
Calming Sleeping Mask with Melatonin & Wild Dandelion,alpyn beauty,moisturizing-cream-oils-mists,68.0,"Pure, Natural evian® Mineral Water: Propelled by safe nitrogen with a neutral 72 ph",33,660,2.0,0.0,https://www.sephora.com/product/alpyn-beauty-calming-sleeping-mask-with-melatonin-wild-dandelion-P455615?icid2=products%20grid:p455615,2.0,34.0
Armani Prima Color Control Glow Moisturizer,Armani Beauty,moisturizing-cream-oils-mists,55.0,"Pure, Natural evian® Mineral Water: Propelled by safe nitrogen with a neutral 72 ph",15,4088,1.0,0.0,https://www.sephora.com/product/armani-prima-color-control-glow-moisturizer-P446863?skuId=2078574&icid2=products%20grid:p446863,1.0,55.0
V-Cense™ Revitalising Night Cream,REN Clean Skincare,moisturizing-cream-oils-mists,58.0,"Pure, Natural evian® Mineral Water: Propelled by safe nitrogen with a neutral 72 ph",275,6612,1.7,0.0,https://www.sephora.com/product/v-cense-revitalising-night-cream-P174631?icid2=products%20grid:p174631,1.7,34.117647058823536
Moisture Surge Face Spray,CLINIQUE,moisturizing-cream-oils-mists,26.0,"Dipropylene Glycol, Butylene Glycol, Glycerin, Aloe Barbadensis Leaf Centella Asiatica Extract, Saccharomyces Lysate Extract, Yeast Extract, Caffeine, Anthemis Nobilis, Trehalose, Tocopheryl Acetate, Sucrose, Sorbitol, Disodium Edta, Potassium Sorbate, Chlorphenesin, Phenoxyethanol",257,19985,4.2,0.0,https://www.sephora.com/product/moisture-surge-face-spray-P378866?icid2=products%20grid:p378866,4.2,6.19047619047619
Hydra Zen Anti-Stress Moisturizing Face Cream,Lancôme,moisturizing-cream-oils-mists,48.0,"Aqua, Dimethicone, Isononyl Isononanoate, Butylene Glycol, Cetyl Alcohol, Stearyl Dimethicone, Glyceryl Stearate, Stearic Acid, Stearyl Alcohol, Peg8 Stearate, Synthetic Wax, Ci 14700, Sodium Dextran Sulfate, Sodium Hydroxide, Phenoxyethanol, Theobroma Cacao Extract, Paeonia Suffruticosa Extract, Peg100 Stearate, Eugenol, Ophiopogon Japonicus Root Extract, Ethylparaben, Palmitic Acid, Silica, Ammonium Polyacryldimethyltauramide, Dimethiconol, Limonene, Benzyl Alcohol, Benzyl Benzoate, Caprylyl Glycol, AlphaIsomethyl Ionone, Moringa Pterygosperma Seed Extract, Disodium Edta, Jasminum Officinale Extract, Rosa Gallica Extract, Methylparaben, Citronellol, Alteromonas Ferment Extract, Parfum, Ethylhexylglycerin",63,2222,1.7,0.0,https://www.sephora.com/product/hydra-zen-anti-stress-moisturizing-face-cream-P422428?icid2=products%20grid:p422428,1.7,28.235294117647058
Extra-Firming Wrinkle Control Regenerating Night Cream,Clarins,moisturizing-cream-oils-mists,93.0,"Caprylic, Cetearyl Isononanoate, Glycerin, Dicaprylyl Carbonate, Cetearyl Alcohol, Hydrogenated CocoGlycerides, Butyrospermum Parkii Butter, Glyceryl Stearate, Peg100 Stearate, Propanediol, Hydroxyethyl Acrylate, Cetearyl Glucoside, Phenoxyethanol, Caprylyl Glycol, Parfum, Disodium Edta, Ethylhexylglycerin, Tocopheryl Acetate, Caprylhydroxamic Acid, Anigozanthos Flavidus Extract, Betaine, Sorbitol, Butylene Glycol, Diospyros Mespiliformis Leaf Extract, Maltodextrin, Tromethamine, Sanicula Europaea Extract, Kalanchoe Pinnata Leaf Extract, Balanites Roxburghii Seed Oil, Mitracarpus Scaber Extract, Sodium Benzoate, Citric Acid, Hydrated Silica, Lapsana Communis Flower, Furcellaria Lumbricalis Extract, Potassium Sorbate, Maris Sal",5,2308,1.6,0.0,https://www.sephora.com/product/extra-firming-night-P429504?icid2=products%20grid:p429504,1.6,58.125
Epic Moisture™ MP10™ Nourishing Oil,Jack Black,moisturizing-cream-oils-mists,35.0,Certified organic,123,4664,2.0,0.0,https://www.sephora.com/product/epic-moisture-mp10-nourishing-oil-P379573?icid2=products%20grid:p379573,2.0,17.5
Max Sheer All Day Moisture Defense Lotion SPF 30 Sunscreen Lotion,Peter Thomas Roth,moisturizing-cream-oils-mists,42.0,"Propylene Glycol, Glyceryl Stearate, Peg100 Stearate, C1215 Alkyl Benzoate, Caprylic, Palmitic Acid, Phenoxyethanol, Stearic Acid, Triethanolamine, Bentonite, Carbomer, Dimethicone, Allantoin, Peg8 Dimethicone, Aloe Barbadensis Leaf Juice, Cetyl Alcohol, Panthenol, Aluminum Starch Octenylsuccinate, Tetrasodium Edta, Myristic Acid, Potassium Sorbate, Sodium Benzoate, Arachidic Acid, Lauric Acid, Ascorbic Acid, Octyldodecanol, Retinyl Palmitate, Silica, Sodium Propoxyhydroxypropyl Thiosulfate Silica, Tocopheryl Acetate, Ceramide Np, Butylene Glycol, Ginkgo Biloba Leaf Extract, Butyl Acetate",510,7220,1.7,0.0,https://www.sephora.com/product/max-sheer-all-day-moisture-defense-lotion-spf-30-sunscreen-lotion-P6563?icid2=products%20grid:p6563,1.7,24.705882352941174
Repairwear Laser Focus Night Line Smoothing Cream for Very Dry to Dry Combination Skin,CLINIQUE,moisturizing-cream-oils-mists,53.0,"Pentaerythrityl Tetraethylhexanoate, Butylene Glycol, Hexyldecyl Stearate, Simmondsia Chinensis Seed Oil, Glyceryl Stearate, Glycerin, Peg100 Stearate, Hydrogenated Lecithin, Cetearyl Alcohol, Dimethicone, Behenyl Alcohol, Cetyl Ricinoleate, Aspalathus Linearis Leaf Extract, Camellia Sinensis Leaf Extract, Camellia Sinensis Leaf Extract, Scutellaria Baicalensis Root Extract, Betula Alba Bark Extract, Centella Asiatica Extract, Morus Bombycis Root Extract, Sodium Dna, Saccharomyces Lysate Extract, Astrocaryum Murumuru Seed Butter, Micrococcus Lysate, Polygonum Cuspidatum Root Extract, Hydrolyzed Rice Extract, Coffea Robusta Seed Extract, Triticum Vulgare Germ Extract, Padina Pavonica Thallus Extract, Rosmarinus Officinalis Leaf Extract, Sigesbeckia Orientalis Extract, Hordeum Vulgare Extract, Algae Extract, Acetyl Hexapeptide8, Betaine, Creatine, Trehalose, Caffeine, Cholesterol, Squalane, Arginine, Decarboxy Carnosine Hcl, Artemia Extract, Adenosine Phosphate, Hydroxyproline, Disodium Nadh, Ethylhexyl Stearate, Sucrose, Proline, Phytosphingosine, Propylene Glycol Dicaprate, Ethylhexyl Palmitate, Laurdimonium Hydroxypropyl Hydrolyzed Soy Protein, Acrylates Copolymer, Petrolatum, Caprylyl Glycol, Sorbitol, Acrylamide, Sodium Rna, Cetearyl Glucoside, Isohexadecane, Acrylates, Linoleic Acid, Tocopheryl Acetate, Tromethamine, Dipalmitoyl Hydroxyproline, Sodium Hyaluronate, Yeast Extract, Polysorbate 80, Coleus Barbatus Extract, Glycine Soja Protein, Lecithin, Glycine, Aminopropyl Ascorbyl Phosphate, Carbomer, Nordihydroguaiaretic Acid, Ascorbyl Tocopheryl Maleate, Xanthan Gum, Citric Acid, Hexylene Glycol, Potassium Sulfate, Potassium Sorbate, Disodium Edta, Phenoxyethanol",16,3971,1.7,0.0,https://www.sephora.com/product/repairwear-laser-focus-night-line-smoothing-cream-for-very-dry-to-dry-combination-skin-P404327?icid2=products%20grid:p404327,1.7,31.176470588235286
Resilience Multi-Effect Night Tri-Peptide Face and Neck Creme,Estée Lauder,moisturizing-cream-oils-mists,98.0,"Water\Aqua\Eau, Caprylic, Petrolatum, Hexyldecyl Stearate, Butylene Glycol, Dimethicone, Glycereth26, Peg100 Stearate, Cetearyl Alcohol, Glyceryl Stearate, Propanediol, Narcissus Tazetta Bulb Extract, Cucumis Sativus Fruit Extract, Mimosa Tenuiflora Bark Extract, Hordeum Vulgare Extract\Extrait D'Orge, Cucumis Melo Fruit Extract, Persea Gratissima Oil, Whey Protein\Lactis Protein\Proteine Du PetitLait, Caffeine, Thermus Thermophillus Ferment, Algae Extract, Laminaria Digitata Extract, Artemia Extract, Acetyl Hexapeptide8, Polygonum Cuspidatum Root Extract, Ergothioneine, Trifluoroacetyl Tripeptide2, Trehalose, Sorbitol, Glycerin, Decarboxy Carnosine Hcl, Cholesterol, Isohexadecane, Acetyl Glucosamine, Myristyl Myristate, Cetearyl Glucoside, Tetradecyl Aminobutyroylvalylaminobutyric Urea Trifluoroacetate, Propylene Glycol Dicaprylate, Aminopropyl Ascorbyl Phosphate, Caprylyl Glycol, Acrylates, Caprylic, Tocopheryl Acetate, Linoleic Acid, Polysorbate 80, Yeast Extract\Faex\Extrait De Levure, Propylene Glycol Dicaprate, Zinc Pca, Helianthus Annuus Seedcake, Hexylene Glycol, Acrylamide, Sodium Hyaluronate, Myristyl Alcohol, Tromethamine, Stearic Acid, Potassium Sulfate, Pentaerythrityl TetraDiTButyl Hydroxyhydrocinnamate, Citric Acid, Maltodextrin, Aluminum Hydroxide, Fragrance, Potassium Sorbate, Dextran, Disodium Edta, Bht, Phenoxyethanol, Blue 1, Red 33, Titanium Dioxide",15,2126,1.7,0.0,https://www.sephora.com/product/resilience-lift-night-lifting-firming-fack-neck-creme-P422649?icid2=products%20grid:p422649,1.7,57.647058823529406
Barrier+ Triple Lipid-Peptide Lotion,Skinfix,moisturizing-cream-oils-mists,38.0,"Dicaprylyl Carbonate, Caprylic, Glycerin, Propanediol, Caprylyl Caprylate, Jojoba Oil, Behenyl Alcohol, Glyceryl Stearate, Butyrospermum Parkii Butter, Lecithin, Stearyl Alcohol, Nylon11, Dicaprylyl Ether, Sodium Hyaluronate, Oryza Sativa Bran Extract, Glycine Soja Seed Extract, Squalene, Hydrolyzed Rice Protein, Hydrogenated Vegetable Oil, Glycine Soja Sterols, Phytosteryl Canola Glycerides, Chondrus Crispus Extract, Phytosteryl Macadamiate, Phytosterols, Aloe Barbadensis Leaf Juice, Rosmarinus Officinalis Leaf Extract, Helianthus Annuus Extract, Ethylhexylglycerin, Tocopherol, Dilinoleic Acid, Pentylene Glycol, Trisodium Ethylenediamine Disuccinate, Gluconolactone, Sodium Benzoate, Xanthan Gum, Phenoxyethanol, Potassium Sorbate, Citric Acid",18,2489,1.7,0.0,https://www.sephora.com/product/barrier-lipid-peptide-lotion-P442839?icid2=products%20grid:p442839,1.7,22.35294117647059
Facial Fuel Sunscreen Broad Spectrum SPF 20,Kiehl's Since 1851,moisturizing-cream-oils-mists,35.0,"Glycerin, Dimethicone, Alcohol Denat, Tocopherol, Aloe Barbadensis Leaf Juice, Phenoxyethanol, Sodium Hydroxide, Caprylyl Glycol, Sodium Polyacrylate, Fragrance, Acrylates, Ascorbyl Glucoside, Caffeine, SodiumHyaluronate, Xanthan Gum, Menthyl Lactate, Disodium Edta, Limonene, Ceramide Np, Castanea Sativa Seed Extract, Pentylene Glycol, Hydrolyzed Soy Protein, Linalool, Citric Acid, Potassium Sorbate, Citral, Sodium Benzoate, Ethylhexylglycerin",4,528,0.0,4.2,https://www.sephora.com/product/facial-fuel-daily-energizing-moisture-treatment-sunscreen-broad-spectrum-spf-15-P439414?icid2=products%20grid:p439414,4.2,8.333333333333332
Ultra Repair BarriAIR Cream,First Aid Beauty,moisturizing-cream-oils-mists,30.0,"Glycerin, Propanediol, Cetyl Ethylhexanoate, Caprylic, Polymethyl Methacrylate, Oxygen, Ceramide NG, Linoleic Acid, Linolenic Acid, Glycyrrhiza Glabra Root Extract, Chrysanthemum Parthenium Extract, Camellia Sinensis Leaf Extract, Sodium Hyaluronate, Tocopherol, Colloidal Oatmeal, Caprylyl Glycol, Hydrolyzed Yeast Extract, Cetyl Hydroxyethylcellulose, Cholesterol, Polyglucuronic Acid, Cetyl Alcohol, Sodium Polyacrylate Starch, Stearic Acid, Dipropylene Glycol, Sodium Acrylate, Glyceryl Stearate, Sodium Polyacrylate, Polypropylene, Polysorbate 80, Steareth30, Lecithin, Ethylhexylglycerin, Leuconostoc, Phenoxyethanol, Perfluorohexane, Chlorphenesin, Perfluoromethylcyclopentane, Sodium Benzoate, Potassium Sorbate",345,13976,1.7,0.0,https://www.sephora.com/product/ultra-repair-barriair-cream-P437995?icid2=products%20grid:p437995,1.7,17.647058823529417
Hydrating Hyaluronic Acid Floral Essence,Tata Harper,moisturizing-cream-oils-mists,72.0,"Glycerin, Propanediol, Cetyl Ethylhexanoate, Caprylic, Polymethyl Methacrylate, Oxygen, Ceramide NG, Linoleic Acid, Linolenic Acid, Glycyrrhiza Glabra Root Extract, Chrysanthemum Parthenium Extract, Camellia Sinensis Leaf Extract, Sodium Hyaluronate, Tocopherol, Colloidal Oatmeal, Caprylyl Glycol, Hydrolyzed Yeast Extract, Cetyl Hydroxyethylcellulose, Cholesterol, Polyglucuronic Acid, Cetyl Alcohol, Sodium Polyacrylate Starch, Stearic Acid, Dipropylene Glycol, Sodium Acrylate, Glyceryl Stearate, Sodium Polyacrylate, Polypropylene, Polysorbate 80, Steareth30, Lecithin, Ethylhexylglycerin, Leuconostoc, Phenoxyethanol, Perfluorohexane, Chlorphenesin, Perfluoromethylcyclopentane, Sodium Benzoate, Potassium Sorbate",77,8872,0.0,1.7,https://www.sephora.com/product/hydrating-floral-essence-P379705?icid2=products%20grid:p379705,1.7,42.352941176470594
Perfect Cleansing Oil,Shiseido,moisturizing-cream-oils-mists,35.0,"Mineral Oil, Peg8 Glyceryl Isostearate, Cetyl Ethylhexanoate, Isododecane, Isostearic Acid, Glycerin, Alcohol Denat, Fragrance, Vitis Vinifera Seed Oil, Bht, Tocopherol",98,10205,0.0,6.0,https://www.sephora.com/product/perfect-cleansing-oil-P388545?icid2=products%20grid:p388545,6.0,5.833333333333332
Clinique iD™:  Moisturizer + Concentrate for Uneven Skin Tone,CLINIQUE,moisturizing-cream-oils-mists,39.0,"BisPeg18 Methyl Ether Dimethyl Silane, Butylene Glycol, Glycerin, Cucumis Sativus Fruit Extract, Hypnea Musciformis Extract, Gelidiella Acerosa Extract, Hordeum Vulgare Extract, Padina Pavonica Thallus Extract, Helianthus Annuus Seedcake, Sucrose, Caffeine, Sodium Hyaluronate, Hydroxyethyl Urea, Hydrolyzed Rice Extract, Sorbitol, Sodium Polyaspartate, Ppg6Decyltetradeceth30, Ethylhexylglycerin, Propylene Glycol Dicaprate, Caprylyl Glycol, Trehalose, Polysorbate 80, Carbomer, Sodium Hydroxide, Hexylene Glycol, Citric Acid, Sodium Citrate, Disodium EDTA, Phenoxyethanol",7,516,4.2,0.0,https://www.sephora.com/product/clinique-id-your-custom-blend-hydrator-for-uneven-skintone-P439647?icid2=products%20grid:p439647,4.2,9.285714285714283
Age Arrest Anti-Wrinkle Cream,Kate Somerville,moisturizing-cream-oils-mists,90.0,"BisPeg18 Methyl Ether Dimethyl Silane, Butylene Glycol, Glycerin, Cucumis Sativus Fruit Extract, Hypnea Musciformis Extract, Gelidiella Acerosa Extract, Hordeum Vulgare Extract, Padina Pavonica Thallus Extract, Helianthus Annuus Seedcake, Sucrose, Caffeine, Sodium Hyaluronate, Hydroxyethyl Urea, Hydrolyzed Rice Extract, Sorbitol, Sodium Polyaspartate, Ppg6Decyltetradeceth30, Ethylhexylglycerin, Propylene Glycol Dicaprate, Caprylyl Glycol, Trehalose, Polysorbate 80, Carbomer, Sodium Hydroxide, Hexylene Glycol, Citric Acid, Sodium Citrate, Disodium EDTA, Phenoxyethanol",73,3620,1.7,0.0,https://www.sephora.com/product/age-arrest-anti-wrinkle-cream-P382356?icid2=products%20grid:p382356,1.7,52.941176470588246
Renewed Hope in A Jar Night Moisturizer,philosophy,moisturizing-cream-oils-mists,49.0,Myramaze,116,9659,2.0,0.0,https://www.sephora.com/product/renewed-hope-in-jar-overnight-recharging-refining-moisturizer-P404424?icid2=products%20grid:p404424,2.0,24.5
Multi-Purpose Oil,SEPHORA COLLECTION,moisturizing-cream-oils-mists,8.0,"Vitis Vinifera Seed Oil, Cocos Nucifera Oil, Cetearyl Isononanoate, Ricinus Communis Seed Oil, Diisopropyl Adipate, Neopentyl Glycol Diheptanoate, Tridecyl Trimellitate, Isopropyl Myristate, Oryza Sativa Bran Oil, Parfum, Adansonia Digitata Seed Oil, Diethylhexyl Syringylidenemalonate, Caprylic, Limonene",50,9151,3.38,0.0,https://www.sephora.com/product/multi-purpose-oil-P445446?icid2=products%20grid:p445446,3.38,2.366863905325444
Advanced Time Zone Night Age Reversing Line/Wrinkle Crème,Estée Lauder,moisturizing-cream-oils-mists,85.0,"Vitis Vinifera Seed Oil, Cocos Nucifera Oil, Cetearyl Isononanoate, Ricinus Communis Seed Oil, Diisopropyl Adipate, Neopentyl Glycol Diheptanoate, Tridecyl Trimellitate, Isopropyl Myristate, Oryza Sativa Bran Oil, Parfum, Adansonia Digitata Seed Oil, Diethylhexyl Syringylidenemalonate, Caprylic, Limonene",29,6842,1.7,0.0,https://www.sephora.com/product/advanced-time-zone-night-age-reversing-line-wrinkle-creme-P380007?icid2=products%20grid:p380007,1.7,50.0
Dr. Andrew Weil for Origins™ Mega-Mushroom Relief & Resilience Soothing Cream,Origins,moisturizing-cream-oils-mists,69.0,Essential Oil,7,855,1.7,0.0,https://www.sephora.com/product/dr-andrew-weil-for-origins-mega-mushroom-relief-resilience-soothing-cream-P443549?icid2=products%20grid:p443549,1.7,40.588235294117645
Multi-Vitamin Infusion Oil,Murad,moisturizing-cream-oils-mists,73.0,"Coconut Alkanes, Simmondsia Chinensis Seed Oil, Cocos Nucifera Oil, Moringa Oleifera Seed Oil, CocoCaprylate, Ethylene, Tocopheryl Acetate, Tetrahexyldecyl Ascorbate, Cannabis Sativa Seed Oil, Rosa Canina Seed Oil, Retinyl Propionate, Linoleic Acid, Linolenic Acid, Tocopherol, Panthenyl Triacetate, Hexylresorcinol, 7Dehydrocholesterol, Salicylic Acid, Punica Granatum Sterols, Rosmarinus Officinalis Leaf Extract, Oryza Sativa Bran Extract, Helianthus Annuus Extract, Zea Mays Oil, Butylene, Fragrance, Citral, Linalool, Limonene",87,3641,1.0,0.0,https://www.sephora.com/product/multi-vitamin-infusion-oil-P429526?icid2=products%20grid:p429526,1.0,73.0
100% Organic Virgin Chia Seed Oil,The Ordinary,moisturizing-cream-oils-mists,7.7,Salvia Hispanica Seed Oil,19,6310,1.0,0.0,https://www.sephora.com/product/100-organic-virgin-chia-seed-oil-P447597?icid2=products%20grid:p447597,1.0,7.7
Resveratrol Lift Face Lifting Soft Cream,Caudalie,moisturizing-cream-oils-mists,76.0,"CocoCaprylate, Caprylic, Octyldodecyl Myristate, Glycerin, Butyrospermum Parkii Butter Extract, Butylene Glycol, Cetearyl Alcohol, C1216 Alcohols, Methyl Methacrylate Crosspolymer, Vitis Vinifera Seed Oil, Polymethyl Methacrylate, Cetearyl Glucoside, Polyacrylate Crosspolymer6, Ci 77891, Hydrogenated Lecithin, Palmitic Acid, Fragrance, Potassium Cetyl Phosphate, Palmitoyl Grapevine Shoot Extract, Caprylyl Glycol, Ci 77019, Tocopherol, Helianthus Annuus Seed Oil, Sorbitan Laurate, Xanthan Gum, Hydrolyzed Hyaluronic Acid, Hydroxyethylcellulose, Acetyl Dipeptide1 Cetyl Ester, Hyaluronic Acid, Sodium Phytate, Dehydroacetic Acid, Silica, Sodium Hydroxide, , Tin Oxide, Alcohol, Citric Acid, Benzyl Alcohol, Butylphenyl Methylpropional, Coumarin, Limonene, Linalool Plant Origin",122,8895,1.7,0.0,https://www.sephora.com/product/resveratrol-lift-face-lifting-soft-cream-P411863?icid2=products%20grid:p411863,1.7,44.70588235294118
Mineral Sun Defense Moisturizer Broad Spectrum Sunscreen SPF 30,Naturally Serious,moisturizing-cream-oils-mists,34.0,"Caprylic, Glycerin, Pentylene Glycol, Cetearyl Alcohol, Argania Spinosa Kernel Oil, Tocopheryl Acetate, Polyhydroxystearic Acid, Fragrance, Ceteareth20, C1314 Alkane, Propanediol, Ethylhexyl Olivate, Sodium PCA, Limonene, Sorbitol, Polyglyceryl2 Stearate, Xanthan Gum, Stearic Acid, Bisabolol, Alumina, Phenethyl Alcohol, Sodium Phytate, Squalane, Linalool, Citral, Citric Acid, Citronellol, Geraniol, Farnesol, Coumarin, Iron Oxides",23,2562,2.0,0.0,https://www.sephora.com/product/mineral-sun-defense-moisturizer-broad-spectrum-sunscreen-spf-30-P444985?icid2=products%20grid:p444985,2.0,17.0
Fermented Soybean Firming Energy Essence,innisfree,moisturizing-cream-oils-mists,39.0,"Propanediol, Bacillus, Arbutin, Polyglycerin3, 12Hexanediol, Ppg13Decyltetradeceth24, Betaine, Sodium Polyacrylate, Avena Sativa Kernel Extract, Ethylhexylglycerin, Disodium Edta, Adenosine, Hydroxypropyl Cyclodextrin, Phenoxyethanol",21,5258,5.07,0.0,https://www.sephora.com/product/fermented-soybean-firming-energy-essence-P449862?icid2=products%20grid:p449862,5.07,7.6923076923076925
Featherweight Daily Moisturizing Cream,Saturday Skin,moisturizing-cream-oils-mists,49.0,"Propanediol, Bacillus, Arbutin, Polyglycerin3, 12Hexanediol, Ppg13Decyltetradeceth24, Betaine, Sodium Polyacrylate, Avena Sativa Kernel Extract, Ethylhexylglycerin, Disodium Edta, Adenosine, Hydroxypropyl Cyclodextrin, Phenoxyethanol",896,14048,1.69,0.0,https://www.sephora.com/product/featherweight-daily-moisturizing-cream-P423682?icid2=products%20grid:p423682,1.69,28.994082840236693
Ultra Rich Face Cream,L'Occitane,moisturizing-cream-oils-mists,34.0,"Propanediol, Bacillus, Arbutin, Polyglycerin3, 12Hexanediol, Ppg13Decyltetradeceth24, Betaine, Sodium Polyacrylate, Avena Sativa Kernel Extract, Ethylhexylglycerin, Disodium Edta, Adenosine, Hydroxypropyl Cyclodextrin, Phenoxyethanol",306,5706,1.7,0.0,https://www.sephora.com/product/ultra-rich-face-cream-P96804?icid2=products%20grid:p96804,1.7,20.0
Argan Moonstone Drops Makeup Priming and Highlighting Oil,Josie Maran,moisturizing-cream-oils-mists,48.0,"Propanediol, Bacillus, Arbutin, Polyglycerin3, 12Hexanediol, Ppg13Decyltetradeceth24, Betaine, Sodium Polyacrylate, Avena Sativa Kernel Extract, Ethylhexylglycerin, Disodium Edta, Adenosine, Hydroxypropyl Cyclodextrin, Phenoxyethanol",215,11925,1.7,0.0,https://www.sephora.com/product/argan-moonstone-drops-makeup-priming-highlighting-oil-P422538?icid2=products%20grid:p422538,1.7,28.235294117647058
Extra Illuminating Moisture Balm,Bobbi Brown,moisturizing-cream-oils-mists,69.0,"Propanediol, Bacillus, Arbutin, Polyglycerin3, 12Hexanediol, Ppg13Decyltetradeceth24, Betaine, Sodium Polyacrylate, Avena Sativa Kernel Extract, Ethylhexylglycerin, Disodium Edta, Adenosine, Hydroxypropyl Cyclodextrin, Phenoxyethanol",142,7513,1.0,0.0,https://www.sephora.com/product/illuminating-moisture-balm-P392648?icid2=products%20grid:p392648,1.0,69.0
The Moisturizing Matte Lotion,La Mer,moisturizing-cream-oils-mists,285.0,"Water\Aqua\Eau, Algae Extract, Propanediol, Squalane, Propylene Glycol Dicaprylate, Methyl Methacrylate Crosspolymer, Hydrogenated Lecithin, Butylene Glycol, Octyldodecyl Neopentanoate, Glyceryl Stearate Se, Sesamum Indicum Seed Oil, Medicago Sativa Seed Powder, Helianthus Annuus Seedcake, Prunus Amygdalus Dulcis Seed Meal, Eucalyptus Globulus Leaf Oil, Sodium Gluconate, Copper Gluconate, Calcium Gluconate, Magnesium Gluconate, Zinc Gluconate, Tocopheryl Succinate, Niacin, Sesamum Indicum Seed Powder, Citrus Aurantifolia Peel Extract, Nylon12, Sucrose, Salicornia Herbacea Extract, Hydrolyzed Rice Extract, Sea Salt\Maris Sal\Sel Marin, Laminaria Saccharina Extract, Crithmum Maritimum Extract, Chlorella Vulgaris Extract, Padina Pavonica Thallus Extract, Macrocystis Pyrifera Extract, Spirulina Platensis Powder, Plankton Extract, Hydrolyzed Algin, Sigesbeckia Orientalis Extract, Glycerin, Laminaria Digitata Extract, Sodium Hyaluronate, Glucose Oxidase, Lactoperoxidase, Acetyl Hexapeptide8, Dipalmitoyl Hydroxyproline, Caffeine, Glucose, Caprylic, Behenyl Alcohol, Dimethicone, Tocopheryl Acetate, Acrylamide, Tetrahexyldecyl Ascorbate, Polyacrylate Crosspolymer6, Isohexadecane, Lecithin, Potassium Stearate, Hydrogenated Vegetable Oil, Kaolin, Polysorbate 80, Fragrance, Xanthan Gum, Alcohol Denat, Disodium Edta, BHT, Limonene, Linalool, Citral, Hydroxycitronellal, Citronellol, Geraniol, Benzyl Salicylate, Benzyl Benzoate, Phenoxyethanol",12,3301,1.7,0.0,https://www.sephora.com/product/the-moisturizing-matte-lotion-P421249?icid2=products%20grid:p421249,1.7,167.64705882352942
Rejuvenating Night Cream,Omorovicza,moisturizing-cream-oils-mists,235.0,"Hungarian Thermal Glycerin, Butyrospermum Parkii, Simmondsia Chinensis Seed Oil, Squalane, Caprylic, Cetearyl Ethylhexanoate, Cetearyl Olivate, Stearyl Heptanoate, Sorbitan Olivate, Cetearyl Alcohol, Hydrolyzed Hazelnut Protein, Cera Alba, Phenoxyethanol, Mannitol, Sodium Lactate, Malpighia Punicifolia Fruit Extract, Prunus Armeniaca Kernel Oil, Xanthan Gum, Disodium EDTA, Helianthus Annuus Seed Oil, Tocopherol, Ethylhexylglycerin, Fragrance, Chlorella Vulgaris, Yeast Extract, Linalool, Geraniol, Potassium Sorbate, BetaCarotene, Daucus Carota Sativa Root Extract, Daucus Carota Sativa Seed Oil, Cinnamyl Alcohol, Ascorbyl Palmitate",21,2712,1.7,0.0,https://www.sephora.com/product/rejuvenating-night-cream-P309215?icid2=products%20grid:p309215,1.7,138.23529411764707
Resurgence Age-Balancing Night Cream,Murad,moisturizing-cream-oils-mists,77.0,"Butylene Glycol, Cetyl Ethylhexanoate, Diglycerin, Shea Butter, Avocado Oil, Isononyl Isononanoate, Oleyl Alcohol, Glycerin, Stearic Acid, Glyceryl Stearate, PEG100 Stearate, Clover Flower Extract, Cetyl Phosphate, Urea, Yeast Amino Acids, Trehalose, Inositol, Taurine, Betaine, Soybean Sterols, Larrea Divaricata Extract, Dioscorea Villosa Root Extract, Soybean Protein, Avena Sativa Kernel Extract, Lecithin, Menhaden Oil, Retinol, Caprylic, Serenoa Serrulata Fruit Extract, Borago Officinalis Seed Oil, Evening Primrose Oil, Sodium Ascorbyl Phosphate, Tocopheryl Acetate, Sodium PCA, Panthenol, Tocopherol, Ascorbyl Palmitate, Carbomer, Aminomethyl Propanol, Disodium EDTA, Phenoxyethanol, Methylparaben, Propylparaben, Limonene, Linalool, Citrus Aurantium Dulcis Peel Oil, Lime Oil, Tangerine Peel Oil, Bitter Almond Kernel Oil, Barosma Betulina Leaf Oil, Soybean Oil",83,3061,1.7,0.0,https://www.sephora.com/product/resurgence-age-balancing-night-cream-P38215?icid2=products%20grid:p38215,1.7,45.29411764705882
Queen of Hungary Mist,Omorovicza,moisturizing-cream-oils-mists,50.0,"Hungarian Thermal Glycerin, Polysorbate 20, Phenoxyethanol, Pyrus Malus Fruit Extract, Saccharomyces Ferment Extract, Disodium EDTA, Ethylhexylglycerin, Mannitol, Malpighia Punicifolia Fruit Extract, Chlorella Vulgaris, Pectin, Rosa Damascena Flower Citrus Aurantium Dulcis Flower Salvia Officinalis Leaf Phospholipids, Yeast Extract, Linalool, Geraniol, Citronellol",100,17147,0.0,1.7,https://www.sephora.com/product/queen-of-hungary-mist-P309207?icid2=products%20grid:p309207,1.7,29.411764705882355
Aglow™ Face Mist,lilah b.,moisturizing-cream-oils-mists,48.0,"Hungarian Thermal Glycerin, Polysorbate 20, Phenoxyethanol, Pyrus Malus Fruit Extract, Saccharomyces Ferment Extract, Disodium EDTA, Ethylhexylglycerin, Mannitol, Malpighia Punicifolia Fruit Extract, Chlorella Vulgaris, Pectin, Rosa Damascena Flower Citrus Aurantium Dulcis Flower Salvia Officinalis Leaf Phospholipids, Yeast Extract, Linalool, Geraniol, Citronellol",65,13968,0.0,1.0,https://www.sephora.com/product/aglow-face-mist-P421441?icid2=products%20grid:p421441,1.0,48.0
Retinoic Nutrient Face Oil With Vitamin A,Tata Harper,moisturizing-cream-oils-mists,132.0,"Rose Hip Seed Oil, Olive Fruit Oil, Jojoba Oil, Apricot Kernel Oil, Elder Flower Extract, Calendula Extract, Borage Leaf Extract, Alfalfa Extract, Arnica Extract, Linden Flower Extract, Essential Oil Blend for Scent, Benzyl Alcohol, Citral, Citronellol, Geraniol, Limonene, Linalool",58,8356,0.0,1.0,https://www.sephora.com/product/retinoic-nutrient-face-oil-P379704?skuId=2002731&icid2=products%20grid:p379704,1.0,132.0
Superdefense SPF 20 Daily Defense Moisturizer Combination Oily to Oily,CLINIQUE,moisturizing-cream-oils-mists,48.0,"Rose Hip Seed Oil, Olive Fruit Oil, Jojoba Oil, Apricot Kernel Oil, Elder Flower Extract, Calendula Extract, Borage Leaf Extract, Alfalfa Extract, Arnica Extract, Linden Flower Extract, Essential Oil Blend for Scent, Benzyl Alcohol, Citral, Citronellol, Geraniol, Limonene, Linalool",174,2456,1.7,0.0,https://www.sephora.com/product/superdefense-spf-20-age-defense-moisturizer-combination-oily-to-oily-P223705?icid2=products%20grid:p223705,1.7,28.235294117647058
Hydra Zen Anti-Stress Glow Liquid Moisturizer,Lancôme,moisturizing-cream-oils-mists,45.0,"Rose Hip Seed Oil, Olive Fruit Oil, Jojoba Oil, Apricot Kernel Oil, Elder Flower Extract, Calendula Extract, Borage Leaf Extract, Alfalfa Extract, Arnica Extract, Linden Flower Extract, Essential Oil Blend for Scent, Benzyl Alcohol, Citral, Citronellol, Geraniol, Limonene, Linalool",1000,1045,0.0,0.0,https://www.sephora.com/product/lancome-hydra-zen-anti-stress-glow-liquid-moisturizer-P453825?icid2=products%20grid:p453825,2.0629276649746324,21.81365869682753
City Skin Overnight Detox Moisturizer,Murad,moisturizing-cream-oils-mists,72.0,"Glycerin, Shea Butter Ethyl Esters, Dicaprylyl Carbonate, Isodecyl Neopentanoate, Jojoba Esters, Glyceryl Stearate Citrate, Synthetic Beeswax, Dimethicone, Hydrogenated Palm Kernel Glycerides, Ectoin, Marrubium Vulgare Extract, Allantoin, Zingiber Officinale Root Extract, Brassica Campestris Sterols, Hydrolyzed Jojoba Esters, Tetrahexyldecyl Ascorbate, Hordeum Vulgare Extract, Cucumis Sativus Fruit Extract, Helianthus Annuus Seed Extract, Urea, Yeast Amino Acids, Trehalose, Inositol, Taurine, Betaine, Bisabolol, Hydroxyphenyl Propamidobenzoic Acid, Hydrogenated Palm Glycerides, Xanthan Gum, Propylene Glycol Dicaprate, Acrylates, Hexyldecanol, Pentylene Glycol, 4tButylcyclohexanol, Cetylhydroxyproline Palmitamide, Stearic Acid, Disodium Carboxyethyl Siliconate, Aminomethyl Propanol, Disodium EDTA, Ethylhexylglycerin, Phenoxyethanol, Fragrance, Limonene, Linalool, Benzyl Salicylate, Titanium Dioxide",75,4434,1.7,0.0,https://www.sephora.com/product/city-skin-overnight-detox-moisturizer-P415703?icid2=products%20grid:p415703,1.7,42.352941176470594
Memory Gel Sleeping Mask,Erno Laszlo,moisturizing-cream-oils-mists,108.0,"Dimethicone, Glycerin, Butylene Glycol, PEG240, Caprylic, Phenoxyethanol, Dimethicone, Polyglyceryl3 Methylglucose Distearate, Dimethiconol, Chlorphenesin, Ethylhexylglycerin, Sodium Polyacrylate, Hydrogenated Polydecene, Disodium EDTA, Parfum, Alaria Esculenta Extract, Citric Acid, Trideceth6, Potassium Laurate, Tocopherol, Artemisia Absinthium Extract, Artemisia Vulgaris Extract, Solanum Lycopersicum Leaf Cell Culture Extract, CI 16035, Opuntia FicusIndica Stem Extract, Rubus Idaeus Leaf Extract, Opuntia FicusIndica Leaf Cell Extract",65,5181,1.35,0.0,https://www.sephora.com/product/hydra-therapy-memory-sleep-mask-P402714?icid2=products%20grid:p402714,1.35,80.0
Buttermilk Moisturizer,Mario Badescu,moisturizing-cream-oils-mists,18.0,"Dimethicone, Glycerin, Butylene Glycol, PEG240, Caprylic, Phenoxyethanol, Dimethicone, Polyglyceryl3 Methylglucose Distearate, Dimethiconol, Chlorphenesin, Ethylhexylglycerin, Sodium Polyacrylate, Hydrogenated Polydecene, Disodium EDTA, Parfum, Alaria Esculenta Extract, Citric Acid, Trideceth6, Potassium Laurate, Tocopherol, Artemisia Absinthium Extract, Artemisia Vulgaris Extract, Solanum Lycopersicum Leaf Cell Culture Extract, CI 16035, Opuntia FicusIndica Stem Extract, Rubus Idaeus Leaf Extract, Opuntia FicusIndica Leaf Cell Extract",20,4114,2.0,0.0,https://www.sephora.com/product/mario-badescu-buttermilk-moisturizer-P440492?icid2=products%20grid:p440492,2.0,9.0
High Potency Classics: Hyaluronic Intensive Moisturizer,Perricone MD,moisturizing-cream-oils-mists,69.0,"Dimethicone, Glycerin, Butylene Glycol, PEG240, Caprylic, Phenoxyethanol, Dimethicone, Polyglyceryl3 Methylglucose Distearate, Dimethiconol, Chlorphenesin, Ethylhexylglycerin, Sodium Polyacrylate, Hydrogenated Polydecene, Disodium EDTA, Parfum, Alaria Esculenta Extract, Citric Acid, Trideceth6, Potassium Laurate, Tocopherol, Artemisia Absinthium Extract, Artemisia Vulgaris Extract, Solanum Lycopersicum Leaf Cell Culture Extract, CI 16035, Opuntia FicusIndica Stem Extract, Rubus Idaeus Leaf Extract, Opuntia FicusIndica Leaf Cell Extract",272,5693,1.0,0.0,https://www.sephora.com/product/hyalo-plasma-hyaluronic-intensive-moisturizer-P388974?icid2=products%20grid:p388974,1.0,69.0
Essential Energy Moisturizing Gel Cream,Shiseido,moisturizing-cream-oils-mists,48.0,"Dipropylene Glycol, Glycerin, Betaine, Alcohol Denat, Dimethicone, Isodecyl Neopentanoate, PPG3 Dipivalate, Xylitol, Phytosteryl, Phenoxyethanol, HDI, Ammonium Acryloyldimethyltaurate, Carbomer, Alcohol, Potassium Hydroxide, Erythritol, PEG, PEG, Tocopheryl Acetate, Fragrance, Butylene Glycol, Xanthan Gum, Disodium EDTA, Acrylates, Aminopropyl Dimethicone, Caffeine, Tremella Fuciformis Polysaccharide, Silica, Sodium Metaphosphate, Hexyl Cinnamal, Tocopherol, Limonene, Linalool, Sodium Metabisulfite, Citronellol, Scutellaria Baicalensis Root Extract, Angelica Keiskei Leaf, Geraniol, Camellia Sinensis Leaf Extract, Sodium Acetylated Hyaluronate, Iron Oxides, Citrus Unshiu Peel Extract, Zingiber Aromaticus Extract, Hydrolyzed Conchiolin Protein, Cinnamomum Cassia Bark Extract, Pyrola Incarnata Extract, Panax Ginseng Root Extract",41,2852,1.7,0.0,https://www.sephora.com/product/essential-energy-moisturizing-gel-cream-P428090?icid2=products%20grid:p428090,1.7,28.235294117647058
H2 Elemental Energy Hydrating Cloud Cream,Perricone MD,moisturizing-cream-oils-mists,59.0,"Glycerin, Caprylic, Dimethicone, Dicaprylyl Carbonate, Aluminum Starch Octenylsuccinate, Porphyridium Polysaccharide, Sodium PCA, Sodium Lactate, Sodium Hyaluronate, Arachidyl Alcohol, Sodium Polyacrylate Starch, Cetearyl Alcohol, Behenyl Alcohol, Cetyl Alcohol, Caprylyl Glycol, Butyrospermum Parkii, Phosphatidylcholine, PCA, Sodium Borohydride, Arginine, Dimethyl MEA, Aspartic Acid, Arachidyl Glucoside, Carbomer, Cetearyl Glucoside, Pullulan, Disodium EDTA, Glycine, Alanine, Serine, Valine, Isoleucine, Proline, Threonine, Histidine, Phenylalanine, Ethylhexylglycerin, Phenoxyethanol",72,2778,1.7,0.0,https://www.sephora.com/product/h2-elemental-energy-hydrating-cloud-cream-P418318?icid2=products%20grid:p418318,1.7,34.70588235294117
Moisture Bound Skin Energy Hydration Mist,AMOREPACIFIC,moisturizing-cream-oils-mists,35.0,"Phyllostachis Bambusoides Juice, Alcohol, Glycerin, Betaine, Opuntia Coccinellifera Fruit Extract, Glycine Soja Seed Extract, Hydrolyzed Phyllostachis Bambusoides, Hydrolyzed Camellia Sinensis Leaf, Nelumbo Nucifera Flower Extract, Niacinamide, Dimethicone, Butylene Glycol, Bht, Stearic Acid, Ethylhexylglycerin, Tromethamine, Palmitic Acid, Potassium Hydroxide, Peg5 Rapeseed Sterol, Peg60 Hydrogenated Castor Oil, Peg75, Peg, Hydrogenated Lecithin, Hydrogenated Poly, Disodium Edta, Phenoxyethanol, Fragrance",270,9713,2.7,0.0,https://www.sephora.com/product/moisture-bound-skin-energy-hydration-delivery-system-P232929?icid2=products%20grid:p232929,2.7,12.962962962962964
Set + Refresh Perfecting Makeup Mist,Estée Lauder,moisturizing-cream-oils-mists,38.0,"Phyllostachis Bambusoides Juice, Alcohol, Glycerin, Betaine, Opuntia Coccinellifera Fruit Extract, Glycine Soja Seed Extract, Hydrolyzed Phyllostachis Bambusoides, Hydrolyzed Camellia Sinensis Leaf, Nelumbo Nucifera Flower Extract, Niacinamide, Dimethicone, Butylene Glycol, Bht, Stearic Acid, Ethylhexylglycerin, Tromethamine, Palmitic Acid, Potassium Hydroxide, Peg5 Rapeseed Sterol, Peg60 Hydrogenated Castor Oil, Peg75, Peg, Hydrogenated Lecithin, Hydrogenated Poly, Disodium Edta, Phenoxyethanol, Fragrance",18,6532,3.9,0.0,https://www.sephora.com/product/set-refresh-perfecting-makeup-mist-P422334?icid2=products%20grid:p422334,3.9,9.743589743589745
Dramatically Different Moisturizing Cream,CLINIQUE,moisturizing-cream-oils-mists,28.0,"Glycerin, Dimethicone, Petrolatum, Tridecyl Stearate, Tridecyl Trimellitate, Polyglyceryl10 Pentastearate, Behenyl Alcohol, Dipentaerythrityl Hexacaprylate, Cucumis Sativus Fruit Extract, Hordeum Vulgare Extract, Sodium Stearoyl Lactylate, Caprylyl Glycol, Propylene Glycol Dicaprate, Helianthus Annuus Seedcake, Peg100 Stearate, Sodium Hyaluronate, Cetyl Alcohol, Butylene Glycol, Tromethamine, Carbomer, Phenoxyethanol, Yellow 5, Yellow 6, Red 33",159,7694,0.0,1.7,https://www.sephora.com/product/dramatically-different-moisturizing-cream-P398717?icid2=products%20grid:p398717,1.7,16.47058823529412
Multi-Active Day Cream SPF 20 - All Skin Types,Clarins,moisturizing-cream-oils-mists,55.0,"Glycerin, Butyloctyl Salicylate, Dimethicone, C1215 Alkyl Benzoate, Cetearyl, Alcohol, Propanediol, Potassium Cetyl Phosphate, Parfum, Cellulose, Cetearyl Glucoside, Dipsacus Sylvestris Extract, Phenoxyethanol, Acrylates, Caprylyl Glycol, Ci 77891, Tromethamine, Synthetic Fluorphlogopite, Disodium Edta, Tocopheryl Acetate, Xanthan Gum, Sodium Hyaluronate, Dimethiconol, Tocopherol, Butylene Glycol, Diospyros Mespiliformis Leaf Extract, Maltodextrin, Sanicula Europaea Extract, Myrothamnus Flabellifolia Extract, Citric Acid, Lapsana Communis Flower, Furcellaria Lumbricalis Extract, Sodium Citrate, Potassium Sorbate, Ascorbic Acid, Glycolic Acid, Lactic Acid, Maris Sal",65,2944,1.7,0.0,https://www.sephora.com/product/multi-active-day-cream-spf-20-all-skin-types-P406941?icid2=products%20grid:p406941,1.7,32.35294117647059
Hydrating Moisturizer for Dry Skin,KORA Organics,moisturizing-cream-oils-mists,48.0,From essential oils,21,2793,1.69,0.0,https://www.sephora.com/product/hydrating-moisturizer-for-dry-skin-P423740?icid2=products%20grid:p423740,1.69,28.402366863905325
Visionnaire Advanced Multi-Correcting Cream,Lancôme,moisturizing-cream-oils-mists,90.0,"Glycerin, Dicaprylyl Ether, Cyclohexasiloxane, Butylene Glycol, Isopropyl Isostearate, Sodium Tetrahydrojasmonate, Dimethicone, Cetyl Alcohol, Dipropylene Glycol, Behenyl Alcohol, Silica, Arachidyl Alcohol, Secale Cereale Extract, Sodium Hydroxide, Sodium Hyaluronate, Stearic Acid, Phenoxyethanol, Stearyl Alcohol, Adenosine, Peg10 Dimethicone, Peg100 Stearate, Polysilicone11, Palmitic Acid, Poloxamer 338, Ammonium Polyacryldimethyltauramide, Limonene, Pentylene Glycol, Linalool, Caprylyl Glycol, Carbomer, Acrylonitrile, Disodium Edta, Cetearyl Alcohol, Methyldihydrojasmonate, Cetearyl Glucoside, Citronellol, Fragrance",30,3939,1.7,0.0,https://www.sephora.com/product/visionnaire-advanced-multi-correcting-cream-P404065?icid2=products%20grid:p404065,1.7,52.941176470588246
Clarifying Moisturizer,Tata Harper,moisturizing-cream-oils-mists,116.0,"Glycerin, Dicaprylyl Ether, Cyclohexasiloxane, Butylene Glycol, Isopropyl Isostearate, Sodium Tetrahydrojasmonate, Dimethicone, Cetyl Alcohol, Dipropylene Glycol, Behenyl Alcohol, Silica, Arachidyl Alcohol, Secale Cereale Extract, Sodium Hydroxide, Sodium Hyaluronate, Stearic Acid, Phenoxyethanol, Stearyl Alcohol, Adenosine, Peg10 Dimethicone, Peg100 Stearate, Polysilicone11, Palmitic Acid, Poloxamer 338, Ammonium Polyacryldimethyltauramide, Limonene, Pentylene Glycol, Linalool, Caprylyl Glycol, Carbomer, Acrylonitrile, Disodium Edta, Cetearyl Alcohol, Methyldihydrojasmonate, Cetearyl Glucoside, Citronellol, Fragrance",68,4059,1.7,0.0,https://www.sephora.com/product/clarifying-moisturizer-P412407?icid2=products%20grid:p412407,1.7,68.23529411764707
Pure Vitality Skin Renewing Cream,Kiehl's Since 1851,moisturizing-cream-oils-mists,65.0,"Aqua, Propanediol, Dicaprylyl Ether, Glyceryl Stearate, Lauroyl Lysine, Butyrospermum Parkii Butter, Undecane, Cetearyl Alcohol, Arginine, Hydrogenated Lecithin, Tridecane, Mel Extract, Mica, Panax Ginseng Root Extract, Cera Alba, Capryloyl Glycine, Tocopherol, Citric Acid, Sclerotium Gum, Xanthan Gum, Salicylic Acid, Potassium Sorbate, Cedrus Atlantica Bark Oil, Leuconostoc, Glycine Soja Oil, Adenosine, Caramel, Cananga Odorata Flower Oil, Vanilla Planifolia Fruit Extract, Bulnesia Sarmientoi Wood Oil, Citrus Aurantium Dulcis Peel Oil, Pelargonium Graveolens Flower Oil, Limonene, Benzyl Benzoate, Farnesol, Helianthus Annuus Seed Oil",184,1276,1.7,0.0,https://www.sephora.com/product/kiehls-pure-vitality-skin-renewing-cream-P449541?icid2=products%20grid:p449541,1.7,38.23529411764706
White Lucent Day Emulsion Broad Spectrum SPF 23,Shiseido,moisturizing-cream-oils-mists,70.0,"Aqua, Propanediol, Dicaprylyl Ether, Glyceryl Stearate, Lauroyl Lysine, Butyrospermum Parkii Butter, Undecane, Cetearyl Alcohol, Arginine, Hydrogenated Lecithin, Tridecane, Mel Extract, Mica, Panax Ginseng Root Extract, Cera Alba, Capryloyl Glycine, Tocopherol, Citric Acid, Sclerotium Gum, Xanthan Gum, Salicylic Acid, Potassium Sorbate, Cedrus Atlantica Bark Oil, Leuconostoc, Glycine Soja Oil, Adenosine, Caramel, Cananga Odorata Flower Oil, Vanilla Planifolia Fruit Extract, Bulnesia Sarmientoi Wood Oil, Citrus Aurantium Dulcis Peel Oil, Pelargonium Graveolens Flower Oil, Limonene, Benzyl Benzoate, Farnesol, Helianthus Annuus Seed Oil",6,1228,1.7,0.0,https://www.sephora.com/product/white-lucent-day-emulsion-broad-spectrum-spf-23-P443377?icid2=products%20grid:p443377,1.7,41.1764705882353
Eye Duty Triple Remedy Overnight Balm,First Aid Beauty,moisturizing-cream-oils-mists,38.0,"Glycerin, Butyrospermum Parkii Butter, Caprylic, Dimethicone, C1018 Triglycerides, Ethylhexyl Palmitate, Cetyl Alcohol, Aluminum Starch Octenylsuccinate, Glyceryl Stearate, Niacinamide, Chrysanthemum Parthenium Extract, Spilanthes Acmella Flower Extract, Acacia Decurrens Flower Wax, Camellia Sinensis Leaf Extract, Glycyrrhiza Glabra Root Extract, Jojoba Esters, Palmitoyl Hexapeptide12, Palmitoyl Tetrapeptide7, Algae Extract, Carbomer, Hyaluronic Acid, Helianthus Annuus Seed Wax, PEG75 Stearate, Caprylyl Glycol, Ceteth20, Steareth20, Acrylates, Xanthan Gum, Butylene Glycol, Leuconostoc, Polyglycerin3, Sodium Lactate, Polysorbate 20, Palmitic Acid, Sodium Hydroxide, Tetrasodium EDTA, EDTA, Citric Acid, Phenoxyethanol",184,12082,0.5,0.0,https://www.sephora.com/product/eye-duty-triple-remedy-overnight-balm-P393601?icid2=products%20grid:p393601,0.5,76.0
Nutritious Super-Pomegranate Radiant Energy Night Crème/Mask,Estée Lauder,moisturizing-cream-oils-mists,72.0,"Glycerin, Butyrospermum Parkii Butter, Caprylic, Dimethicone, C1018 Triglycerides, Ethylhexyl Palmitate, Cetyl Alcohol, Aluminum Starch Octenylsuccinate, Glyceryl Stearate, Niacinamide, Chrysanthemum Parthenium Extract, Spilanthes Acmella Flower Extract, Acacia Decurrens Flower Wax, Camellia Sinensis Leaf Extract, Glycyrrhiza Glabra Root Extract, Jojoba Esters, Palmitoyl Hexapeptide12, Palmitoyl Tetrapeptide7, Algae Extract, Carbomer, Hyaluronic Acid, Helianthus Annuus Seed Wax, PEG75 Stearate, Caprylyl Glycol, Ceteth20, Steareth20, Acrylates, Xanthan Gum, Butylene Glycol, Leuconostoc, Polyglycerin3, Sodium Lactate, Polysorbate 20, Palmitic Acid, Sodium Hydroxide, Tetrasodium EDTA, EDTA, Citric Acid, Phenoxyethanol",13,5936,0.0,0.0,https://www.sephora.com/product/nutritious-vitality8-night-creme-mask-P392891?icid2=products%20grid:p392891,2.0629276649746324,34.90185391492405
Micro Essence Skin Activating Treatment Lotion Mini,Estée Lauder,moisturizing-cream-oils-mists,65.0,"Glycerin, Butyrospermum Parkii Butter, Caprylic, Dimethicone, C1018 Triglycerides, Ethylhexyl Palmitate, Cetyl Alcohol, Aluminum Starch Octenylsuccinate, Glyceryl Stearate, Niacinamide, Chrysanthemum Parthenium Extract, Spilanthes Acmella Flower Extract, Acacia Decurrens Flower Wax, Camellia Sinensis Leaf Extract, Glycyrrhiza Glabra Root Extract, Jojoba Esters, Palmitoyl Hexapeptide12, Palmitoyl Tetrapeptide7, Algae Extract, Carbomer, Hyaluronic Acid, Helianthus Annuus Seed Wax, PEG75 Stearate, Caprylyl Glycol, Ceteth20, Steareth20, Acrylates, Xanthan Gum, Butylene Glycol, Leuconostoc, Polyglycerin3, Sodium Lactate, Polysorbate 20, Palmitic Acid, Sodium Hydroxide, Tetrasodium EDTA, EDTA, Citric Acid, Phenoxyethanol",6,4682,0.0,2.5,https://www.sephora.com/product/micro-essence-skin-activating-treatment-lotion-mini-P425870?icid2=products%20grid:p425870,2.5,26.0
Instant Radiance Sun Defense Sunscreen Broad Spectrum SPF 40,Dr. Dennis Gross Skincare,moisturizing-cream-oils-mists,42.0,"Glycerin, Butylene Glycol, Isononyl Isononanoate, Pentylene Glycol, Carthamus Tinctorius Seed Oil, Olea Europaea Fruit Oil, C1215 Alkyl Benzoate, Coconut Alkanes, Hydroxyethyl Acrylate, Ascorbyl Glucoside, Melatonin, Tetrahexyldecyl Ascorbate, Tocopherol, Tocopheryl Acetate, Nordihydroguaiaretic Acid, Sodium Hyaluronate, Palmitoyl Tripeptide38, Echium Plantagineum Seed Oil, Oenothera Biennis Oil, Boerhavia Diffusa Root Extract, Phospholipids, Sphingolipids, Saccharide Isomerate, Citrus Aurantium Dulcis Flower Extract, Glycolic Acid, Sodium PCA, Oleanolic Acid, PEG60 Almond Glycerides, Hydrogenated Lecithin, Acrylates, BisEthylhexyl Hydroxydimethoxy Benzylmalonate, CocoCaprylate, Aluminum Hydroxide, Xanthan Gum, Citric Acid, Disodium EDTA, Hydroxypropyl Cyclodextrin, Sodium Citrate, Caprylyl Glycol, Isohexadecane, Polyhydroxystearic Acid, Sodium Hydroxide, Tromethamine, BHT, Polysorbate 60, Carbomer, Isopropyl Titanium Triisostearate, Sorbitan Isostearate, Stearic Acid, Benzyl Alcohol, Phenoxyethanol, Potassium Sorbate, Sodium Benzoate, Citrus Aurantium Dulcis Oil, ",51,3833,1.7,0.0,https://www.sephora.com/product/instant-radiance-sun-defense-sunscreen-broad-spectrum-spf-40-P409706?icid2=products%20grid:p409706,1.7,24.705882352941174
Good in Bed™ Passionfruit Softening Night Cream,GLAMGLOW,moisturizing-cream-oils-mists,54.0,"Simmondsia Chinensis Seed Oil, Glycolic Acid, Butylene Glycol, Persea Gratissima Oil, Glycerin, Cetearyl Alcohol, Butyrospermum Parkii Oil, Peg150 Distearate, Polyquaternium37, Sodium Hydroxide, Passiflora Edulis Seed Oil, Citric Acid, Tartaric Acid, Lactic Acid, Salicylic Acid, Sodium Hyaluronate, Squalane, Hordeum Vulgare Extract\Extrait D'orge, Triticum Vulgare Germ Extract, Aloe Barbadensis Leaf Juice, Algae Extract, Tocopheryl Acetate, Caffeine, Sucrose, Biosaccharide Gum 1, Pantethine, Xanthan Gum, Fragrance, Limonene, Linalool, Phenoxyethanol, Yellow 5, Yellow 6",541,20752,1.5,0.0,https://www.sephora.com/product/good-in-bed-passionfruit-softening-night-cream-P439423?icid2=products%20grid:p439423,1.5,36.0
Nourishing Makeup Removing Oil Cleanser,Tata Harper,moisturizing-cream-oils-mists,82.0,"Helianthus Annuus Seed Oil, Olea Europaea Oil, Camellia Sinensis Seed Oil, Caprylic, Polyglyceryl2 Sesquioleate, Shea Butter Ethyl Esters, Polyglyceryl2 Caprate, Simmondsia Chinensis Seed Oil, Isopropyl Shea Butterate, Camellia Oleifera Seed Oil, Ricinus Communis Seed Oil, Aroma, Sambucus Nigra Fruit Extract, Tocopherol, Squalane, Plukenetia Volubilis Seed Oil, Arnica Montana Extract, Borago Officinalis Leaf Extract, Calendula Officinalis Flower Extract, Medicago Sativa Extract, Spiraea Ulmaria Extract, Silybum Marianum Ethyl Ester, Persea Gratissima Oil, Prunus Armeniaca Kernel Oil, Vitis Vinifera Seed Oil, Limonene, Citronellol, Geraniol, Linalool Ingredients from organic farming Clinical grade essential oils blend",82,6775,4.1,0.0,https://www.sephora.com/product/nourishing-oil-cleanser-P392142?icid2=products%20grid:p392142,4.1,20.0
Dry Erase® Ultra-Calming Face Cream,Jack Black,moisturizing-cream-oils-mists,38.0,"Aloe Barbadensis Leaf Juice, Caprylic, Oryza Sativa Bran Extract, Simmondsia Chinensis Seed Oil, Glycerin, Glycereth26, Persea Gratissima Oil, Butyrospermum Parkii Butter, Cetearyl Olivate, Cetearyl Alcohol, Sorbitan Olivate, Dimethicone, Ammonium Acryloydimethyltaurate, Hydrolyzed Caesalpinia Spinosa Gum, Cetyl Palmitate, Ceteth10 Phosphate, Dicetyl Phosphate, Sorbitan Palmitate, Cucumis Sativus Fruit Extract, Caesalpinia Spinosa Gum, Arginine, Panthenol, Tetrahexyldecyl Ascorbate, Tocopheryl Acetate, Bisabolol, Zingiber Officinale Root Extract, Camellia Sinensis Leaf Extract, Spirulina Maxima Extract, Tetrapeptide21, Ethylhexylglycerin, Hexylene Glycol, Caprylyl Glycol, Phenoxyethanol Certified Organic",9,1623,2.5,0.0,https://www.sephora.com/product/dry-erase-ultra-calming-face-cream-P397665?icid2=products%20grid:p397665,2.5,15.2
Plantscription™ Powerful Lifting Overnight Mask,Origins,moisturizing-cream-oils-mists,65.0,"Aloe Barbadensis Leaf Juice, Caprylic, Oryza Sativa Bran Extract, Simmondsia Chinensis Seed Oil, Glycerin, Glycereth26, Persea Gratissima Oil, Butyrospermum Parkii Butter, Cetearyl Olivate, Cetearyl Alcohol, Sorbitan Olivate, Dimethicone, Ammonium Acryloydimethyltaurate, Hydrolyzed Caesalpinia Spinosa Gum, Cetyl Palmitate, Ceteth10 Phosphate, Dicetyl Phosphate, Sorbitan Palmitate, Cucumis Sativus Fruit Extract, Caesalpinia Spinosa Gum, Arginine, Panthenol, Tetrahexyldecyl Ascorbate, Tocopheryl Acetate, Bisabolol, Zingiber Officinale Root Extract, Camellia Sinensis Leaf Extract, Spirulina Maxima Extract, Tetrapeptide21, Ethylhexylglycerin, Hexylene Glycol, Caprylyl Glycol, Phenoxyethanol Certified Organic",14,4974,2.5,0.0,https://www.sephora.com/product/plantscription-tm-powerful-lifting-overnight-mask-P405013?icid2=products%20grid:p405013,2.5,26.0
Beautifying Brightening Face Oil with Vitamin C,Tata Harper,moisturizing-cream-oils-mists,98.0,"Squalane, Jojoba Esters, Olea Europaea Oil, Argania Spinosa Kernel oil, Plukenetia Volubilis Seed Oil, Camellia Oleifera Seed Oil, Sambucus Nigra Fruit Extract, Arnica Montana Extract, Borago Officinalis Leaf Extract, Calendula Officinalis Flower Extract, Medicago Sativa Extract, Spiraea Ulmaria Extract, Caprylic, Alaria Esculenta Extract, Tocopherol, Aroma, Citral, Geraniol, Limonene, Linalool Ingredients from organic farming Clinical grade essential oils blend",25,3316,0.0,0.0,https://www.sephora.com/product/beautifying-face-oil-P417942?icid2=products%20grid:p417942,2.0629276649746324,47.505301161979965
Skin Dope Argan + Hemp Oil,Josie Maran,moisturizing-cream-oils-mists,65.0,"Argania Spinosa Kernel Oil, Cannabis Sativa Seed Oil NaturallyDerived",71,5272,0.0,0.0,https://www.sephora.com/product/skin-dope-argan-hemp-oil-P441057?icid2=products%20grid:p441057,2.0629276649746324,31.50861811763977
Hydra Life Hydration Rescue Intense Sorbet Creme,Dior,moisturizing-cream-oils-mists,69.0,"Argania Spinosa Kernel Oil, Cannabis Sativa Seed Oil NaturallyDerived",23,1885,1.7,0.0,https://www.sephora.com/product/hydra-life-hydration-rescue-intense-sorbet-creme-P430150?icid2=products%20grid:p430150,1.7,40.588235294117645
Freeze Frame Beauty Essence,Saturday Skin,moisturizing-cream-oils-mists,47.0,"Argania Spinosa Kernel Oil, Cannabis Sativa Seed Oil NaturallyDerived",78,12273,1.69,0.0,https://www.sephora.com/product/freeze-frame-beauty-essence-P423680?icid2=products%20grid:p423680,1.69,27.810650887573967
Dry Skin Saver,Kate Somerville,moisturizing-cream-oils-mists,48.0,"Caprylic, Petrolatum, Glycerin, Caprylyl Caprylate, Stearyl Alcohol, Polyglyceryl2 Stearate, Glyceryl Stearate, Meadowfoam Estolide, Avena Sativa Kernel Flour, Dimethicone, Squalane, Helianthus Annuus Seed Oil Unsaponifiables, Ribes Nigrum Seed Oil, Centipeda Cunninghamii Extract, Sea Whip Extract, Cardiospermum Halicacabum Flower, Helianthus Annuus Seed Oil, Rosmarinus Officinalis Leaf Extract, Undaria Pinnatifida Extract, Tocopherol, Ethyl Linoleate, Phenoxyethanol, Octyldodecanol, Xanthan Gum, Butylene Glycol, Ethylhexylglycerin, Disodium EDTA, Lecithin, BHT, Sodium Metabisulfite",68,7412,4.0,0.0,https://www.sephora.com/product/dry-skin-saver-P412117?icid2=products%20grid:p412117,4.0,12.0
Seaweed Night Cream,Mario Badescu,moisturizing-cream-oils-mists,22.0,"Glycerin, Isopropyl Myristate, Stearic Acid, Propylene Glycol, Cetyl Alcohol, Fucus Vesiculosus Extract, Hydrolyzed Elastin, Collagen, Sodium Hyaluronate, Glyceryl Acrylate, Carbomer, Fragrance, Sodium Chloride, Phenoxyethanol, Potassium Sorbate, Methylparaben, Propylparaben, Sodium Benzoate, Triethanolamine, Diazolidinyl Urea, Mica, CI 77891, CI 19140, CI 42090, CI 77288",28,3677,1.0,0.0,https://www.sephora.com/product/mario-badescu-seaweed-night-cream-P440501?icid2=products%20grid:p440501,1.0,22.0
Volcanic Elixir Polynesian Beauty Oil,FARSÁLI,moisturizing-cream-oils-mists,39.0,Calophyllum Tacamahaca Seed oil,676,25166,0.0,1.0,https://www.sephora.com/product/volcanic-elixir-P430714?icid2=products%20grid:p430714,1.0,39.0
GLOWSETTER™ Makeup Setting Spray,GLAMGLOW,moisturizing-cream-oils-mists,32.0,"Butylene Glycol, Glycerin, Camellia Sinensis Leaf Extract, Aspalathus Linearis Leaf Extract, Camellia Sinensis Leaf Extract, Camellia Sinensis Leaf Extract, Caffeine, Dipotassium Glycyrrhizate, Sucrose, Disodium Phosphate, Saccharomyces Lysate Extract, Polysorbate 20, Fragrance, Limonene, Disodium Edta, Phenoxyethanol",282,33137,0.0,3.7,https://www.sephora.com/product/glowsetter-makeup-setting-spray-P417865?icid2=products%20grid:p417865,3.7,8.648648648648647
Rosewater Mist with Witch Hazel,boscia,moisturizing-cream-oils-mists,24.0,"Glycerin, Rosa Damascena Flower Caprylyl Glycol, 12Hexanediol, Rose Flower Oil, Cymbopogon Martini Oil, Ocimum Basilicum Oil, Eugenia Caryophyllus Leaf Oil, Chamomile Recutita Flower Oil, Pelargonium Graveolens Flower Oil, Aloe Barbadensis Leaf Juice Powder, Hamamelis Virginiana Bark, Leuconostoc, Butylene Glycol, Simmondsia Chinensis Seed Extract, Epilobium Angustifolium Flower",65,8342,4.73,0.0,https://www.sephora.com/product/rosewater-mist-with-witch-hazel-P434359?icid2=products%20grid:p434359,4.73,5.073995771670191
Sound Sleep Cocoon Night Gel-Cream,Dermalogica,moisturizing-cream-oils-mists,82.0,"Glycerin, Rosa Damascena Flower Caprylyl Glycol, 12Hexanediol, Rose Flower Oil, Cymbopogon Martini Oil, Ocimum Basilicum Oil, Eugenia Caryophyllus Leaf Oil, Chamomile Recutita Flower Oil, Pelargonium Graveolens Flower Oil, Aloe Barbadensis Leaf Juice Powder, Hamamelis Virginiana Bark, Leuconostoc, Butylene Glycol, Simmondsia Chinensis Seed Extract, Epilobium Angustifolium Flower",124,2331,1.7,0.0,https://www.sephora.com/product/sound-sleep-cocoon-P443369?icid2=products%20grid:p443369,1.7,48.235294117647065
Photo Finish Primer Oil,Smashbox,moisturizing-cream-oils-mists,42.0,"Glycerin, Rosa Damascena Flower Caprylyl Glycol, 12Hexanediol, Rose Flower Oil, Cymbopogon Martini Oil, Ocimum Basilicum Oil, Eugenia Caryophyllus Leaf Oil, Chamomile Recutita Flower Oil, Pelargonium Graveolens Flower Oil, Aloe Barbadensis Leaf Juice Powder, Hamamelis Virginiana Bark, Leuconostoc, Butylene Glycol, Simmondsia Chinensis Seed Extract, Epilobium Angustifolium Flower",470,24558,1.0,0.0,https://www.sephora.com/product/photo-finish-primer-oil-P404235?icid2=products%20grid:p404235,1.0,42.0
Super Matte Moisturizer,SEPHORA COLLECTION,moisturizing-cream-oils-mists,17.0,"Aqua, Glycerin : Humectant, Polymethyl Methacrylate, Squalane, Sodium Polyacrylate, PEG7 Glyceryl cocoate, Hydroxyacetophenone, 12Hexanediol, Caprylyl Glycol, Acrylates, Sodium Hyaluronate, Parfum, Sodium Hydroxide, Citric Acid",52,4003,1.69,0.0,https://www.sephora.com/product/super-matte-moisturizer-P445444?icid2=products%20grid:p445444,1.69,10.059171597633137
Bio Retinoid™ Anti-Ageing Cream,REN Clean Skincare,moisturizing-cream-oils-mists,69.0,"Rosa Damascena Flower Rosa Rubiginosa Seed Oil, Cetearyl Alcohol, Glycerin, Caprylic, Oryza Sativa Germ Oil, Oleyl Alcohol, Myristyl Myristate, Cetearyl Glucoside, Gossypium Harbaceum Seed Oil, Dipalmitoyl Hydroxyproline, Triheptanoin, Lauryl Laurate, Phenoxyethanol, Hydroxypropyl Methylcellulose, Bidens Pilosa Extract, Bakuchiol, Oryzanol, Linum Usitatissimum Seed Oil, Pullulan, Kappaphycus Alvarezii Extract, Levan, Olea Europaea Leaf Extract, Tocopherol, Sodium Hyaluronate, Xanthan Gum, Ethylhexylglycerin, Parfum, Decyl Glucoside, Porphyridium Cruentum Extract, Sodium Hydroxide, Zizyphus Jujuba Fruit Extract, Helianthus Annuus Seed Oil, Linalool, Phenethyl Alcohol, BetaCarotene, Daucus Carota Sativa Root Extract, Daucus Carota Sativa Seed Oil, Ascorbyl Palmitate",58,5389,1.7,0.0,https://www.sephora.com/product/bio-retinoid-anti-ageing-cream-P380810?icid2=products%20grid:p380810,1.7,40.588235294117645
White Lucent Brightening Gel Cream,Shiseido,moisturizing-cream-oils-mists,70.0,"Butylene Glycol, Glycerin, Dimethicone, Sd Alcohol 40B, Triethylhexanoin, Peg, Hydrogenated Polydecene, Behenyl Alcohol, Stearyl Alcohol, Myristyl Myristate, Glyceryl Stearate Se, Trehalose, Potassium Methoxysalicylate, Phytosteryl Macadamiate, Methyl Methacrylate Crosspolymer, Polysorbate 60, Peg40 Stearate, Phenoxyethanol, Dimethylacrylamide, Hydrogenated Palm Oil, Elaeis Guineensis Kernel Oil, Elaeis Guineensis Oil, Sorbitan Tristearate, Trisodium Edta, Erythritol, Peg, Sodium Citrate, Fragrance, Dipotassium Glycyrrhizate, 2OEthyl Ascorbic Acid, Alcohol, Silica, Xanthan Gum, Caffeine, Linalool, Citric Acid, Sodium Metaphosphate, Ppg3 Dipivalate, Hdi, Tocopherol, Citronellol, Sodium Metabisulfite, Geraniol, Angelica Keiskei Leaf, Limonene, Paeonia Albiflora Root Extract, Crataegus Monogyna Flower Extract, Acrylates, Fructose, Rehmannia Chinensis Root Extract, Iron Oxides, Prunus Yedoensis Leaf Extract, Ziziphus Jujuba Fruit Extract, Pyrola Incarnata Extract, Potentilla Erecta Root Extract, Polyquaternium51, Benzoic Acid",16,2299,1.7,0.0,https://www.sephora.com/product/white-lucent-brightening-gel-cream-P443375?icid2=products%20grid:p443375,1.7,41.1764705882353
Plant Stem Cell Day Cream SPF 30,SOBEL SKIN Rx,moisturizing-cream-oils-mists,75.0,"Purified Dimethicone, Hexyl Laurate, Stearic Acid, Malus Domestica Fruit Cell Culture Extract, Leontopodium Alapinum Callus Culture Extract, PEG10 Dimethicone, Polyhydroxystearic Acid, Cyclopentasiloxane, Squalane, Cetyl PEG, PEG, Tocopheryl Acetate, Polymethylsilsesquioxane, Triemthylsiloxysilicate, Isododecane, Disteardimonium, Hectorite, Propylene Carbonate, Butylene Glycol, Phenoxyethanol, Caprylyl Glycol, Potassium Sorbate, Hexylene Glycol, Polysorbate 20, Panthenol, Decyl Glucoside, Glycerin, Xanthan Gum, Lecithin, Hydrogenated, Phosphatidylcholine, Caprylic, Pentylene Glycol, Shea Butter, Ceramide III, Helianthus Annuus Seed Oil, Persea Gratissima Oil, Macadamia Ternifolia Seed Oil, Rosa, Moschata Seed Oil, Rosmarinus Officinalis Leaf Extract",2,181,1.7,0.0,https://www.sephora.com/product/sobel-skin-rx-plant-stem-cell-day-cream-spf-30-P451747?icid2=products%20grid:p451747,1.7,44.11764705882353
DermalQuench Liquid Lift™ Advanced Wrinkle Treatment ,Kate Somerville,moisturizing-cream-oils-mists,95.0,"Purified Dimethicone, Hexyl Laurate, Stearic Acid, Malus Domestica Fruit Cell Culture Extract, Leontopodium Alapinum Callus Culture Extract, PEG10 Dimethicone, Polyhydroxystearic Acid, Cyclopentasiloxane, Squalane, Cetyl PEG, PEG, Tocopheryl Acetate, Polymethylsilsesquioxane, Triemthylsiloxysilicate, Isododecane, Disteardimonium, Hectorite, Propylene Carbonate, Butylene Glycol, Phenoxyethanol, Caprylyl Glycol, Potassium Sorbate, Hexylene Glycol, Polysorbate 20, Panthenol, Decyl Glucoside, Glycerin, Xanthan Gum, Lecithin, Hydrogenated, Phosphatidylcholine, Caprylic, Pentylene Glycol, Shea Butter, Ceramide III, Helianthus Annuus Seed Oil, Persea Gratissima Oil, Macadamia Ternifolia Seed Oil, Rosa, Moschata Seed Oil, Rosmarinus Officinalis Leaf Extract",121,6615,0.0,2.5,https://www.sephora.com/product/dermal-quench-liquid-lift-advanced-wrinkle-treatment-P306941?icid2=products%20grid:p306941,2.5,38.0
Multi-Biotic Balancing Moisturizer ,The INKEY List,moisturizing-cream-oils-mists,12.99,"Inulin, Glycerin, Isoamyl Laurate, Propanediol, Squalane, Cetearyl Olivate, Sorbitan Olivate, Avena Sativa Kernel Oil, Phenoxyethanol, Yogurt Powder, Sodium Caproyl Prolinate, Carbomer, Isoamyl Cocoate, Benzyl Alcohol, Sodium Hyaluronate, Sodium Stearoyl Glutamate, Ethylhexylglycerin, Diglucosyl Gallic Acid, Trisodium Ethylenediamine Disuccinate, Dehydroacetic Acid Polysorbate 60, Dehydroacetic Acid, Citric Acid, Heptapeptide7, Lecithin, Potassium Sorbate, Propanediol, Sodium Benzoate, Xanthan Gum, Sorbitan Isostearate",109,3632,1.0,0.0,https://www.sephora.com/product/multi-biotic-moisturizer-P443832?icid2=products%20grid:p443832,1.0,12.99
Powerful Wrinkle Reducing Cream,Kiehl's Since 1851,moisturizing-cream-oils-mists,60.0,"Cyclohexasiloxane, Glycerin, Apricot Kernel Oil, Cetyl Alcohol, Dimethicone, Corn Starch, Petrolatum, Glyceryl Stearate, Potassium Cetyl Phosphate, Peg40 Stearate, Sorbitan Tristearate, Beeswax, Butylene Glycol, Phenoxyethanol, Dimethiconol, Caprylyl Glycol, Palmitoyl Hydrolyzed Wheat Protein, Stearyl Alcohol, Myristyl Alcohol, Arginine PCA, Tocopherol, Calcium PCA, Ginkgo Biloba Leaf Extract, Adenosine, Hydrolyzed Soy Protein, Copper PCA, Alteromonas Ferment Extract, Corallina Officinalis Extract",11,1934,0.0,1.7,https://www.sephora.com/product/powerful-wrinkle-reducing-cream-P422262?icid2=products%20grid:p422262,1.7,35.29411764705883
Hyaluronic Facial Cream,Dr. Brandt Skincare,moisturizing-cream-oils-mists,72.0,"Cyclohexasiloxane, Glycerin, Apricot Kernel Oil, Cetyl Alcohol, Dimethicone, Corn Starch, Petrolatum, Glyceryl Stearate, Potassium Cetyl Phosphate, Peg40 Stearate, Sorbitan Tristearate, Beeswax, Butylene Glycol, Phenoxyethanol, Dimethiconol, Caprylyl Glycol, Palmitoyl Hydrolyzed Wheat Protein, Stearyl Alcohol, Myristyl Alcohol, Arginine PCA, Tocopherol, Calcium PCA, Ginkgo Biloba Leaf Extract, Adenosine, Hydrolyzed Soy Protein, Copper PCA, Alteromonas Ferment Extract, Corallina Officinalis Extract",14,1239,1.7,0.0,https://www.sephora.com/product/hyaluronic-facial-cream-P442001?icid2=products%20grid:p442001,1.7,42.352941176470594
Face Cream Rich,Dr. Barbara Sturm,moisturizing-cream-oils-mists,230.0,"Water, Octyldodecanol, Urea, Glycerin, Butyrospermum Parkii Butter, Decyl Oleate, Zea Mays Germ Oil, C12­15 Alkyl Benzoate, Cetearyl Alcohol, Hydrogenated Vegetable Glycerides, Vitis Vinifera Seed Oil, Lactobacillus, Persea Gratissima Oil, Sorbitol, Propanediol, Potassium Cetyl Phosphate, Tocopheryl Acetate, Dimethicone, Phytosterols, Phenoxyethanol, Hydrogenated Palm Glycerides, Panthenol, Olea Europaea Fruit Oil, Carbomer, Xanthan Gum, Ethylhexylglycerin, Potassium Sorbate, Alcohol, Leuconostoc, Caprylic, Baicalin, Ascorbyl Palmitate, Pantolactone, Citric Acid, Ascorbic Acid",2,586,1.69,0.0,https://www.sephora.com/product/dr-barbara-sturm-face-cream-rich-P448553?icid2=products%20grid:p448553,1.69,136.09467455621302
Chia Seed Moisture Cream,boscia,moisturizing-cream-oils-mists,38.0,"Glycerin, Butyrospermum Parkii Butter, Cetyl Alcohol, Simmondsia Chinensis Seed Oil, C1018 Triglycerides, Glyceryl Stearate Citrate, C1519 Alkane, Salvia Hispanica Seed Oil, Sambucus Nigra Fruit Juice, Sodium PCA, Sodium Hyaluronate, Simmondsia Chinensis Seed Extract, Epilobium Angustifolium Flower, 12Hexanediol, Caprylyl Glycol, Hydroxyacetophenone, Hydrogenated Lecithin, Lecithin, Butylene Glycol, Xanthan Gum, Carbomer, Ethanol, Polyglyceryl3 Stearate, Sodium Hy",20,2181,1.61,0.0,https://www.sephora.com/product/chia-seed-moisture-cream-P449170?icid2=products%20grid:p449170,1.61,23.60248447204969
Repairwear Uplifting Firming Cream Broad Spectrum SPF 15,CLINIQUE,moisturizing-cream-oils-mists,66.0,"Octinoxate 750%, Octisalate 350%, Titanium Dioxide 170% Neopentyl Glycol Diheptanoate, Simmondsia Chinensis Butter, Glycerin, Petrolatum, Octyldodecyl Neopentanoate, DiC1215 Alkyl Fumarate, Dimethicone, Hydrogenated Lecithin, Butylene Glycol, Hydrogenated Polyisobutene, Hexyldecyl Stearate, Sigesbeckia Orientalis Extract, Whey Protein, Salvia Sclarea Extract, Chlorella Vulgaris Extract, Commiphora Mukul Resin Extract, Litchi Chinensis Seed Extract, Laminaria Digitata Extract, Cladosiphon Okamuranus Extract, Plankton Extract, Astrocaryum Murumuru Seed Butter, Acetyl Hexapeptide8, Lecithin, Polyethylene, Pentylene Glycol, Potato Starch Modified, Ergothioneine, Glyceryl Stearate, Caffeine, Sorbitol, Behenyl Alcohol, Sodium Hyaluronate, Methicone, Tocopheryl Acetate, Peg100 Stearate, Pentaerythrityl Tetraethylhexanoate, Caprylyl Glycol, C1216 Alcohols, Cholesterol, Caprylic, Polysilicone11, Dextrin, Palmitic Acid, Tetrahexyldecyl Ascorbate, Hexylene Glycol, Citric Acid, Xanthan Gum, Alumina, Ammonium Acryloyldimethyltaurate, Sodium Hydroxide, Disodium Edta, Potassium Sorbate, Phenoxyethanol, Red 4, Yellow 5, Titanium Dioxide, Mica",13,797,1.7,0.0,https://www.sephora.com/product/repairwear-uplifting-firming-cream-broad-spectrum-spf-15-P376946?icid2=products%20grid:p376946,1.7,38.82352941176471
Hemp Oil Moisturizer,The INKEY List,moisturizing-cream-oils-mists,12.99,"Glycerin, Cannabis Sativa Seed Oil, Isoamyl Laurate, Cocos Nucifera Oil, Betaine, Pentaerythrityl Distearate, Propanediol, Camellia Sinensis Leaf Extract, Polyacrylate Crosspolymer6, Phenoxyethanol, Sodium Levulinate, Sodium Benzoate, Potassium Sorbate, Sodium Anisate, Sodium Stearoyl Glutamate, Xanthan Gum, Ethylhexylglycerin, Trisodium Ethylenediamine Disuccinate, Sodium Hydroxide, tButyl Alcohol",20,4022,1.0,0.0,https://www.sephora.com/product/hemp-moisturizer-P443836?icid2=products%20grid:p443836,1.0,12.99
Orchid Youth-Enriched Cream,innisfree,moisturizing-cream-oils-mists,29.0,"Cyclopentasiloxane, Propanediol, Glycerin, Cyclohexasiloxane, Peg10 Dimethicone, Squalane, Niacinamide, Diphenylsiloxy Phenyl Trimethicone, Disteardimonium Hectorite, Sodium Chloride, 12Hexanediol, Lauryl Peg9 Polydimethylsiloxyethyl Dimethicone, Dimethicone, Polysilicone11, Fragrance, Dimethicone, Ethylhexylglycerin, Adenosine, Kaolin, Disodium EDTA, Hyaluronic Acid, Betaine, Glucose, Orchid Extract, Tocopherol, Arginine",508,2209,1.69,0.0,https://www.sephora.com/product/orchid-youth-enriched-cream-P449855?icid2=products%20grid:p449855,1.69,17.159763313609467
Seaberry Skin Nutrition Booster,Fresh,moisturizing-cream-oils-mists,47.0,"Camellia Oleifera Seed Oil, Prunus Armeniaca Kernel Oil, Hippophae Rhamnoides Oil, Solanum Lycopersicum Fruit, Bixa Orellana Seed Extract, Helianthus Annuus Seed Oil, Rosmarinus Officinalis Leaf Extract, Ascorbyl Tetraisopalmitate, Tocopherol, Caprylic, Bht",115,14171,0.5,0.0,https://www.sephora.com/product/seaberry-skin-nutrition-booster-P394924?icid2=products%20grid:p394924,0.5,94.0
WASO: Color-Smart Day Moisturizer SPF 30 Sunscreen,Shiseido,moisturizing-cream-oils-mists,38.0,"Dimethicone, Glycerin, Sd Alcohol 40B, Pentaerythrityl Tetraethylhexanoate, PEG9 Polydimethylsiloxyethyl Dimethicone, Triisostearin, Methyl Methacrylate Crosspolymer, Hydrogenated Polydecene, Dipropylene Glycol, Disteardimonium Hectorite, Erythritol, Silica, Trehalose, PEG6, PEG32, Caffeine, Betaine, PEG, Dipeptide15, Phytosteryl, Paeonia Albiflora Root Extract, Lamium Album Flower, Daucus Carota Sativa Root Protoplasts, Citrus Junos Seed Extract, Ppg17, Aluminum Hydroxide, Stearic Acid, Isostearic Acid, Trisodium Edta, Butylene Glycol, Polyester1, Alcohol, Silica Dimethyl Silylate, BHT, Alumina, Triethoxycaprylylsilane, Sodium Metabisulfite, Tocopherol, Phenoxyethanol, Benzoic Acid, Fragrance, Titanium Dioxide, Iron Oxides, Mica",48,4745,1.8,0.0,https://www.sephora.com/product/waso-color-smart-day-moisturizer-broad-spectrum-spf-30-P421770?icid2=products%20grid:p421770,1.8,21.11111111111111
"DayWear Advanced Multi-Protection Anti-Oxidant Creme, Normal/Combination",Estée Lauder,moisturizing-cream-oils-mists,34.0,"Dimethicone, Glycerin, Sd Alcohol 40B, Pentaerythrityl Tetraethylhexanoate, PEG9 Polydimethylsiloxyethyl Dimethicone, Triisostearin, Methyl Methacrylate Crosspolymer, Hydrogenated Polydecene, Dipropylene Glycol, Disteardimonium Hectorite, Erythritol, Silica, Trehalose, PEG6, PEG32, Caffeine, Betaine, PEG, Dipeptide15, Phytosteryl, Paeonia Albiflora Root Extract, Lamium Album Flower, Daucus Carota Sativa Root Protoplasts, Citrus Junos Seed Extract, Ppg17, Aluminum Hydroxide, Stearic Acid, Isostearic Acid, Trisodium Edta, Butylene Glycol, Polyester1, Alcohol, Silica Dimethyl Silylate, BHT, Alumina, Triethoxycaprylylsilane, Sodium Metabisulfite, Tocopherol, Phenoxyethanol, Benzoic Acid, Fragrance, Titanium Dioxide, Iron Oxides, Mica",46,3459,0.0,1.0,https://www.sephora.com/product/daywear-advanced-multi-protection-anti-oxidant-creme-broad-spectrum-spf-15-normal-combination-P380000?skuId=1468164&icid2=products%20grid:p380000,1.0,34.0
SEA Radiance Drops,tarte,moisturizing-cream-oils-mists,32.0,"Neopentyl Glycol Diheptanoate, Isododecane, Jojoba Esters, Mica, Glyceryl Caprylate, Fragrance, Passiflora Edulis Seed Oil, Jojoba Oil, Limonene, Squalene, Tocopherol, Cocos Nucifera Oil, Phytosteryl Macadamiate, Phytosterols, Algae Extract, Gardenia Taitensis Flower, Titanium Dioxide, Iron Oxides, Carmine",322,46997,1.0,0.0,https://www.sephora.com/product/sea-radiance-drops-P420412?icid2=products%20grid:p420412,1.0,32.0
Firming Day Cream - Firm + Illuminate,SEPHORA COLLECTION,moisturizing-cream-oils-mists,17.0,"Aqua, Glycerin, Dicaprylyl Ether, Neopentyl Glycol Dicaprylate, Caprylic, Polyglyceryl, Methylglucose Distearate, Myristyl Myristate, 12Hexanediol, Polyacrylate Crosspolymer6, Silica, Vaccinium Myrtillus Fruit Extract, Lauroyl Lysine, Sclerotium Gum, C1422 Alcohols, Sodium Acrylates Copolymer, Potassium Sorbate, Saccharum Officinarum, Extract, Hydrolyzed Vegetable Protein, Parfum, Sodium Hyaluronate, OCymen5Ol, C1220 Alkyl =, Glucoside, Lecithin, Citrus Aurantium Dulcis Fruit Extract, Citrus Limon Fruit Extract, Sodium Hydroxide, CI 77891, , Panthenol, Synthetic Fluorphlogopite, Acer Saccharum Extract, Sodium Benzoate, Tocopherol, Ascorbyl Glucoside, Helianthus Annuus Seed Oil, Tin Oxide",5,909,1.69,0.0,https://www.sephora.com/product/sephora-collection-firming-day-cream-firm-illuminate-P455216?icid2=products%20grid:p455216,1.69,10.059171597633137
Turmeric Brightening Moisturizer ,The INKEY List,moisturizing-cream-oils-mists,12.99,"Squalane, Cocos Nucifera Oil, C1216 Alcohols, Avena Sativa Kernel Flour, Curcuma Longa Root Root Extract, Avena Sativa Kernel Oil, Palmitic Acid, Tocopheryl Acetate, Phenoxyethanol, Lecithin, Glycerin, Xanthan Gum, Sodium Levulinate, Sodium Anisate, Ethylhexylglycerin, Sodium Stearoyl Glutamate, Trisodium Ethylenediamine Disuccinate, Tocopherol",116,3997,1.0,0.0,https://www.sephora.com/product/turmeric-moisturizer-P443835?icid2=products%20grid:p443835,1.0,12.99
Mini Magic Night 15ml Travel Size,Charlotte Tilbury,moisturizing-cream-oils-mists,45.0,"Glycerin, Ricinus Communis Seed Oil, Caprylic, Sucrose Stearate, Ethylhexyl Stearate, Olus, Dipentaerythrityl Hexacaprylate, Hydroxystearic, C2040 Alcohols, Isodecyl Neopentanoate, Butylene Glycol, Phenoxyethanol, Microcrystalline Cellulose, Cera Alba, Polysorbate 20, Ethylhexylglycerin, Chlorphenesin, Cellulose Gum, Fragrance, Titanium Dioxide, Xanthan Gum, Hydroxypropyl Cyclodextrin, Chondrus Crispus Extract, Squalane, Helianthus Annuus Seed Oil, Hexyl Cinnamal, Benzyl Benzoate, Peg8, Caramel, Tocopherol, Retinol, Linalool, Hydroxycitronellal, Cinnamyl Alcohol, Daphne Odora Callus Extract, Eugenol, Ascorbyl Palmitate, Nicotiana Sylvestris Leaf Cell Culture, Plumeria Rubra Flower Extract, Ubiquinone, Lecithin, Ascorbic Acid, Citric Acid, Ascorbyl Tetraisopalmitate, Benzoic Acid, Red 33, Yellow 6, Yellow 5",0,870,0.5,0.0,https://www.sephora.com/product/mini-magic-night-15ml-travel-size-P451727?icid2=products%20grid:p451727,0.5,90.0
Hyaluronic Acid Gel Moisturizer,Tata Harper,moisturizing-cream-oils-mists,116.0,"Glycerin, Ricinus Communis Seed Oil, Caprylic, Sucrose Stearate, Ethylhexyl Stearate, Olus, Dipentaerythrityl Hexacaprylate, Hydroxystearic, C2040 Alcohols, Isodecyl Neopentanoate, Butylene Glycol, Phenoxyethanol, Microcrystalline Cellulose, Cera Alba, Polysorbate 20, Ethylhexylglycerin, Chlorphenesin, Cellulose Gum, Fragrance, Titanium Dioxide, Xanthan Gum, Hydroxypropyl Cyclodextrin, Chondrus Crispus Extract, Squalane, Helianthus Annuus Seed Oil, Hexyl Cinnamal, Benzyl Benzoate, Peg8, Caramel, Tocopherol, Retinol, Linalool, Hydroxycitronellal, Cinnamyl Alcohol, Daphne Odora Callus Extract, Eugenol, Ascorbyl Palmitate, Nicotiana Sylvestris Leaf Cell Culture, Plumeria Rubra Flower Extract, Ubiquinone, Lecithin, Ascorbic Acid, Citric Acid, Ascorbyl Tetraisopalmitate, Benzoic Acid, Red 33, Yellow 6, Yellow 5",12,1315,1.7,0.0,https://www.sephora.com/product/hyaluronic-acid-gel-moisturizer-P446919?icid2=products%20grid:p446919,1.7,68.23529411764707
Peptide 21™ Lift & Firm Moisturizer,Peter Thomas Roth,moisturizing-cream-oils-mists,78.0,"Glycerin, Ricinus Communis Seed Oil, Caprylic, Sucrose Stearate, Ethylhexyl Stearate, Olus, Dipentaerythrityl Hexacaprylate, Hydroxystearic, C2040 Alcohols, Isodecyl Neopentanoate, Butylene Glycol, Phenoxyethanol, Microcrystalline Cellulose, Cera Alba, Polysorbate 20, Ethylhexylglycerin, Chlorphenesin, Cellulose Gum, Fragrance, Titanium Dioxide, Xanthan Gum, Hydroxypropyl Cyclodextrin, Chondrus Crispus Extract, Squalane, Helianthus Annuus Seed Oil, Hexyl Cinnamal, Benzyl Benzoate, Peg8, Caramel, Tocopherol, Retinol, Linalool, Hydroxycitronellal, Cinnamyl Alcohol, Daphne Odora Callus Extract, Eugenol, Ascorbyl Palmitate, Nicotiana Sylvestris Leaf Cell Culture, Plumeria Rubra Flower Extract, Ubiquinone, Lecithin, Ascorbic Acid, Citric Acid, Ascorbyl Tetraisopalmitate, Benzoic Acid, Red 33, Yellow 6, Yellow 5",481,2714,3.4,0.0,https://www.sephora.com/product/peptide-21-lift-firm-moisturizer-P442743?icid2=products%20grid:p442743,3.4,22.94117647058824
Multi Active Day Cream - All Skin Types,Clarins,moisturizing-cream-oils-mists,55.0,"Caprylic, Propanediol, Glycerin, Cetearyl Isononanoate, Cellulose, Hydroxyethyl Acrylate, Phenoxyethanol, Fragrance, Dipsacus Sylvestris Extract, Acrylates, Ci 77891, Synthetic Fluorphlogopite, Ethylhexylglycerin, Ppg5Ceteth20, Tocopheryl Acetate, Tromethamine, Sodium Hyaluronate, Citric Acid, Butylene Glycol, Diospyros Mespiliformis Leaf Extract, Maltodextrin, Disodium Edta, Sanicula Europaea Extract, Myrothamnus Flabellifolia Extract, Lapsanacommunis Flower, Furcellaria Lumbricalis Extract, Sodium Citrate, Potassium Sorbate, Ascorbic Acid, Ci 14700, Glycolic Acid, Lactic Acid, Maris Sal, Polyvinyl Alcohol, Ci 17200, Copper Palmitoyl Heptapeptide14, Heptapeptide15 Palmitate",18,2942,1.6,0.0,https://www.sephora.com/product/multi-active-jour-P406943?icid2=products%20grid:p406943,1.6,34.375
MOISTURETRIP™ Omega-Rich Face Moisturizer,GLAMGLOW,moisturizing-cream-oils-mists,54.0,"Caprylic, Dicaprylyl Carbonate, Cannabis Sativa Seed Oil, Glycerin, Glyceryl Stearate, Pentylene Glycol, Cetearyl Alcohol, Peg100 Stearate, Fuscoporia Obliqua Sclerotium Extract, Butyrospermum Parkii Butter, Sodium Hyaluronate, Cetearyl Olivate, Sorbitan Olivate, Zingiber Officianle Root Extract, Linoleic Acid, Tocopheryl Acetate, Bisabolol, Ethylhexylglycerin, Ishoexadecane, Octyldodecanol, Cellulose, Polysorbate 80, Butylene Glycol, Caprylyl Glycol, Hexylene Glycol, Sodium Acrylate, BHT, Disodium EDTA, Phenoxythanol, Potassium Sorbate, Blue 1",71,5592,1.7,0.0,https://www.sephora.com/product/moisturetrip-omega-rich-cannabis-sativa-seed-moisturizer-P446114?icid2=products%20grid:p446114,1.7,31.764705882352942
Radiance Face Oil,Eve Lom,moisturizing-cream-oils-mists,80.0,"Caprylic, Dicaprylyl Carbonate, Cannabis Sativa Seed Oil, Glycerin, Glyceryl Stearate, Pentylene Glycol, Cetearyl Alcohol, Peg100 Stearate, Fuscoporia Obliqua Sclerotium Extract, Butyrospermum Parkii Butter, Sodium Hyaluronate, Cetearyl Olivate, Sorbitan Olivate, Zingiber Officianle Root Extract, Linoleic Acid, Tocopheryl Acetate, Bisabolol, Ethylhexylglycerin, Ishoexadecane, Octyldodecanol, Cellulose, Polysorbate 80, Butylene Glycol, Caprylyl Glycol, Hexylene Glycol, Sodium Acrylate, BHT, Disodium EDTA, Phenoxythanol, Potassium Sorbate, Blue 1",7,1757,1.0,0.0,https://www.sephora.com/product/radiance-face-oil-P428419?icid2=products%20grid:p428419,1.0,80.0
Omega Hydrating Oil,LANCER Skincare,moisturizing-cream-oils-mists,80.0,"Caprylic, Dicaprylyl Carbonate, Cannabis Sativa Seed Oil, Glycerin, Glyceryl Stearate, Pentylene Glycol, Cetearyl Alcohol, Peg100 Stearate, Fuscoporia Obliqua Sclerotium Extract, Butyrospermum Parkii Butter, Sodium Hyaluronate, Cetearyl Olivate, Sorbitan Olivate, Zingiber Officianle Root Extract, Linoleic Acid, Tocopheryl Acetate, Bisabolol, Ethylhexylglycerin, Ishoexadecane, Octyldodecanol, Cellulose, Polysorbate 80, Butylene Glycol, Caprylyl Glycol, Hexylene Glycol, Sodium Acrylate, BHT, Disodium EDTA, Phenoxythanol, Potassium Sorbate, Blue 1",327,3288,1.0,0.0,https://www.sephora.com/product/omega-hydrating-oil-P429666?icid2=products%20grid:p429666,1.0,80.0
Advanced Anti-Aging Repairing Oil,Algenist,moisturizing-cream-oils-mists,82.0,"Chlorella Protothecoides Oil, Cetearyl Ethylhexanoate, Isopropyl Isostearate, Caprylic, Ceramide 3, Alaria Esculenta Extract, Retinyl Palmitate, Tocopherol, Rosmarinus Officinalis Leaf Extract, Helianthus Annuus Seed Oil, Cymbopogon Martini Oil, Geraniol",230,7840,1.0,0.0,https://www.sephora.com/product/advanced-anti-aging-repairing-oil-P379907?icid2=products%20grid:p379907,1.0,82.0
A Perfect World™ Antioxidant Moisturizer with White Tea,Origins,moisturizing-cream-oils-mists,47.0,"Caprylic, Dimethicone, Diethylhexyl Succinate, Cetyl Ethylhexanoate, Butylene Glycol, Glycerin, Peg100 Stearate, Simmondsia Chinensis Seed Oil, Cetearyl Alcohol, Glyceryl Stearate, Citrus Aurantium Bergamia Fruit Oil, Citrus Limon Peel Oil, Citrus Aurantium Dulcis Oil, Cinnamomum Camphora Bark Oil, Mentha Viridis Leaf Oil, Magnolia Acuminata Flower Extract, Iris Pallida Root Extract, Rosa Damascena Extract, Citral, Linalool, Limonene, Behenyl Alcohol, Tribehenin, Pentylene Glycol, Camellia Sinensis Leaf Extract, Vaccinium Angustifolium Fruit Extract, Vaccinium Macrocarpon Fruit Extract, Solanum Tuberosum Pulp Extract, Lycium Chinense Fruit Extract, Eriobotrya Japonica Leaf Extract, Betula Alba Bark Extract, Leontopodium Alpinum Extract, Passiflora Incarnata Flower Extract, Lythrum Salicaria Extract, Thermus Thermophillus Ferment, Sigesbeckia Orientalis Extract, Boswellia Serrata Extract, Saccharomyces Lysate Extract, Sodium Hyaluronate, Yeast Extract, Tocopheryl Acetate, Sorbitol, Trehalose, Oryzanol, Algae Extract, Ergothioneine, Urea, Lecithin, Polysilicone11, Cetearyl Glucoside, Caprylyl Glycol, Sodium Pca, Magnesium Ascorbyl Phosphate, Potassium Hydroxide, Xanthan Gum, Carbomer, Hexylene Glycol, Polyquaternium51, Pentaerythrityl TetraDiTButyl Hydroxyhydrocinnamate, Disodium Edta, Bht, Potassium Sorbate, Phenoxyethanol Essential Oil",19,2959,1.7,0.0,https://www.sephora.com/product/a-perfect-world-antioxidant-moisturizer-with-white-tea-P417306?icid2=products%20grid:p417306,1.7,27.64705882352941
+Retinol Vitamin C Moisturizer,Kate Somerville,moisturizing-cream-oils-mists,90.0,"Neopentyl Glycol Diheptanoate, Caprylic, Propanediol, Cetearyl Alcohol, Cocoglycerides, Cetyl Esters, Parfum, Stearyl Alcohol, Glyceryl Stearate, Dimethicone, Tridecyl Neopentanoate, Ppg26Buteth26, Glycerin, BisStearyl Dimethicone, Retinol, Ascorbic Acid, Tocopheryl Acetate, Panthenol, Physalis Angulata Extract, Volcanic Soil, Tocopherol, Adenosine, Hyaluronic Acid, Ethylhexylglycerin, Amylopectin, Peg40 Stearate, Peg40 Hydrogenated Castor Oil, 12Hexanediol, Polyacrylate Crosspolymer6, Polysorbate 20, Ceteareth20, Polysilicone11, Caprylhydroxamic Acid, Arachidyl Alcohol, TButyl Alcohol, Bha, Citric Acid, Disodium Edta, Cetyl Alcohol, Bht, Linalool, Limonene",128,2519,1.7,0.0,https://www.sephora.com/product/retinol-vitamin-c-moisturizer-P448932?icid2=products%20grid:p448932,1.7,52.941176470588246
Kinetin+ Hydrating Cream,Obagi Clinical,moisturizing-cream-oils-mists,55.0,"Glyceryl Stearate, Propylene Glycol, Octyldodecyl Myristate, Stearic Acid, Cetyl Alcohol, PEG12 Glyceryl Dimyristate, Stearyl Alcohol, Lactobacillus Ferment, Glycine Soja Sterols, Phenoxyethanol, Laureth23, Dimethicone, Carbomer, Tocopheryl Acetate, Ethoxydiglycol, Sodium Hydroxide, Ethylhexylglycerin, Kinetin, Zeatin, Pentaerythrityl TetraDiTButyl Hydroxyhydrocinnamate, Disodium EDTA, Panthenol, Citric Acid, Ascorbic Acid, Hydrolyzed Elastin, Soluble Collagen, Aloe Barbadensis Leaf Juice, Hydrochloric Acid",125,1464,1.7,0.0,https://www.sephora.com/product/kinetin-hydrating-cream-P442751?icid2=products%20grid:p442751,1.7,32.35294117647059
Multi-Miracle Glow Cleansing Balm,Charlotte Tilbury,moisturizing-cream-oils-mists,60.0,"Glycerin, Caprylic, Cyclopentasiloxane, Sucrose Stearate, Phenyl Trimethicone, Phenoxyethanol, Microcrystalline Cellulose, Ethylhexylglycerin, Chlorphenesin, Cellulose Gum, Xanthan Gum, Fragrance, Camellia Oleifera Seed Oil, Rosa Canina Fruit Oil, Peg8, Helianthus Annuus Seed Oil, Tocopherol, Ascorbyl Tetraisopalmitate, Rubus Chamaemorus Seed Oil, Tocopheryl Acetate, Vaccinium Macrocarpon Seed Oil, Retinyl Palmitate, Ascorbyl Palmitate, Ascorbic Acid, Citric Acid, Bht, Plumeria Rubra Flower Extract, Rosmarinus Officinalis Leaf Extract, Hexyl Cinnamal, Benzyl Benzoate, Linalool, Hydroxycitronellal, Cinnamyl Alcohol, Red 40",29,4404,3.4,0.0,https://www.sephora.com/product/multi-miracle-glow-P433524?icid2=products%20grid:p433524,3.4,17.647058823529417
"Black Pine 3D Antiaging, Firming and Lifting Sleeping Facial",KORRES,moisturizing-cream-oils-mists,68.0,"Caprylic, Propanediol, Caprylic, Glycerin, Cetearyl Alcohol, Glyceryl Stearate Citrate, Isoamyl Laurate, Cetyl Palmitate, Crambe Abyssinica Seed Oil, Olus Oil, Passiflora Incarnata Seed Oil, Squalane, Sinorhizobium Meliloti Ferment Filtrate, Ethyl Linoleate, Behenyl Alcohol, AlphaIsomethyl Ionone, Ascorbyl Palmitate, Avena Strigosa Seed Extract, Benzyl Alcohol, Benzyl Salicylate, Butylene Glycol, Cetyl Hydroxyethylcellulose, Citric Acid, Citronellol, Coumarin, Dimethyl Isosorbide, Epigallocatechin Gallate, Epigallocatechin Gallatyl Glucoside, Ethyl Linolenate, Ethyl Oleate, Ethyl Palmitate, Ethyl Stearate, Glyceryl Caprylate, Helianthus Annuus Seed Oil, Hexapeptide11, Hexyl Cinnamal, Lactic Acid, Lecithin, Linalool, Lonicera Caprifolium Flower Extract, Lonicera Japonica Flower Extract, Parfum, Pentylene Glycol, Peucedanum Graveolens Extract, Phenoxyethanol, Pinus Nigra Bud, Potassium Sorbate, Salicylic Acid, Sesamum Indicum Seed Extract, Sodium Benzoate, Sodium Carboxymethyl BetaGlucan, Sodium Citrate, Sorbic Acid, Spilanthes Acmella Flower Extract, Tetrasodium Glutamate Diacetate, Tocopherol, Tocopheryl Acetate, Xanthan Gum",33,2316,1.35,0.0,https://www.sephora.com/product/black-pine-antiaging-firming-lifting-sleeping-facial-P428252?icid2=products%20grid:p428252,1.35,50.37037037037037
Dr. Andrew Weil For Origins™ Mega-Mushroom Relief & Resilience Soothing Treatment Lotion,Origins,moisturizing-cream-oils-mists,20.0,"Caprylic, Propanediol, Caprylic, Glycerin, Cetearyl Alcohol, Glyceryl Stearate Citrate, Isoamyl Laurate, Cetyl Palmitate, Crambe Abyssinica Seed Oil, Olus Oil, Passiflora Incarnata Seed Oil, Squalane, Sinorhizobium Meliloti Ferment Filtrate, Ethyl Linoleate, Behenyl Alcohol, AlphaIsomethyl Ionone, Ascorbyl Palmitate, Avena Strigosa Seed Extract, Benzyl Alcohol, Benzyl Salicylate, Butylene Glycol, Cetyl Hydroxyethylcellulose, Citric Acid, Citronellol, Coumarin, Dimethyl Isosorbide, Epigallocatechin Gallate, Epigallocatechin Gallatyl Glucoside, Ethyl Linolenate, Ethyl Oleate, Ethyl Palmitate, Ethyl Stearate, Glyceryl Caprylate, Helianthus Annuus Seed Oil, Hexapeptide11, Hexyl Cinnamal, Lactic Acid, Lecithin, Linalool, Lonicera Caprifolium Flower Extract, Lonicera Japonica Flower Extract, Parfum, Pentylene Glycol, Peucedanum Graveolens Extract, Phenoxyethanol, Pinus Nigra Bud, Potassium Sorbate, Salicylic Acid, Sesamum Indicum Seed Extract, Sodium Benzoate, Sodium Carboxymethyl BetaGlucan, Sodium Citrate, Sorbic Acid, Spilanthes Acmella Flower Extract, Tetrasodium Glutamate Diacetate, Tocopherol, Tocopheryl Acetate, Xanthan Gum",63,5396,0.0,3.4,https://www.sephora.com/product/dr-andrew-weil-for-origins-tm-mega-mushroom-relief-resilience-soothing-treatment-lotion-P431524?icid2=products%20grid:p431524,3.4,5.882352941176472
Dark Spot Sun Defense Broad Spectrum SPF 50,Dr. Dennis Gross Skincare,moisturizing-cream-oils-mists,42.0,"Acrylates, Aluminum Hydroxide, Ascorbyl Glucoside, Benzyl Alcohol, BHT, Bisethylhexyl Hydroxydimethoxy Benzylmalonate, Boerhavia Diffusa Root Extract, Butylene Glycol, C1215 Alkyl Benzoate, Caprylyl Glycol, Carbomer, Carthamus Tinctorius Seed Oil, Citric Acid, Citrus Aurantium Dulcis Oil, Citrus Aurantium Dulcis Peel Extract, CocoCaprylate, Coconut Alkanes, Disodium EDTA, Echium Plantagineum Seed Oil, Glycerin, Glycolic Acid, Hydrogenated Lecithin, Hydroxyethyl Acrylate, Hydroxypropyl Cyclodextrin, Isohexadecane, Isononyl Isononanoate, Isopropyl Titanium Triisostearate, Magnesium Ascorbyl Phosphate, Melatonin, Nordihydroguaiaretic Acid, Oenothera Biennis Oil, Olea Europaea Fruit Oil, Oleanolic Acid, Oryza Sativa Extract, Palmitoyl Tripeptide38, PEG60 Almond Glycerides, Pentylene Glycol, Phenoxyethanol, Phospholipids, Polyhydroxystearic Acid, Polysorbate 60, Potassium Sorbate, Propanediol, Saccharide Isomerate, Sodium Benzoate, Sodium Citrate, Sodium Hyaluronate, Sodium PCA, Sphingolipids, Stearic Acid, Tetrahexyldecyl Ascorbate, Tocopherol, Xanthan Gum, Zinc PCA",107,6024,1.7,0.0,https://www.sephora.com/product/dark-spot-sun-defense-broad-spectrum-spf-50-P394353?icid2=products%20grid:p394353,1.7,24.705882352941174
Rose Milk Re-Hydrating Mist,Lancôme,moisturizing-cream-oils-mists,29.0,"Glycerin, Dimethicone, Caprylic, Microcrystalline Cellulose, Polyglyceryl6 Distearate, Rosa Damascena Flower Cetearyl Alcohol, Phenoxyethanol, Jojoba Esters, Chlorphenesin, Hydroxyacetophenone, Cellulose Gum, Cetearyl Glucoside, Polyglyceryl3 Beeswax, Cetyl Alcohol, Honey, Potassium Cetyl Phosphate, Sweet Almond Oil, Tocopherol, Propanediol, Sodium Citrate, Hexyl Cinnamal, Citric Acid, AlphaIsomethyl Ionone, Arginine, Carob Gum, Xanthan Gum, Geraniol, Farnesol, Salicylic Acid, Sodium Hyaluronate, Fragrance",7,2676,3.38,0.0,https://www.sephora.com/product/rose-milk-re-hydrating-mist-P447607?icid2=products%20grid:p447607,3.38,8.579881656804734
Abeille Royale Day Cream,Guerlain,moisturizing-cream-oils-mists,154.0,"Aqua, Glycerin, Propanediol, C1519 Alkane, Isononyl Isononanoate, Mel, Jojoba Esters, Glyceryl Stearate, Peg100 Stearate, Cellulose, Ammonium Acryloyldimethyltaurate, Cetyl Alcohol, Dimethicone, Stearyl Alcohol, Royal Jelly, Phenoxyethanol, Ascorbyl Glucoside, Caprylyl Glycol, Steareth21, Parfum, Butyrospermum Parkii Butter, Acrylates, Avena Sativa Kernel Extract, Tocopheryl Acetate, Xanthan Gum, Sodium Hydroxide, Tetrasodium Edta, Glyceryl Polymethacrylate, Centella Asiatica Leaf Extract, Sodium Hyaluronate, Glycyrrhiza Glabra Root Extract, Peg8, Tocopherol, Sodium Benzoate, Hyaluronic Acid, Butylene Glycol, Sodium Lactate, Zingiber Officinale Root Extract, Bht, Palmitoyl Hexapeptide12, Citric Acid",3,402,1.6,0.0,https://www.sephora.com/product/abeille-royale-day-cream-P450934?icid2=products%20grid:p450934,1.6,96.25
Time Freeze Sleeping Mask,LANEIGE,moisturizing-cream-oils-mists,39.0,"Aqua, Glycerin, Propanediol, C1519 Alkane, Isononyl Isononanoate, Mel, Jojoba Esters, Glyceryl Stearate, Peg100 Stearate, Cellulose, Ammonium Acryloyldimethyltaurate, Cetyl Alcohol, Dimethicone, Stearyl Alcohol, Royal Jelly, Phenoxyethanol, Ascorbyl Glucoside, Caprylyl Glycol, Steareth21, Parfum, Butyrospermum Parkii Butter, Acrylates, Avena Sativa Kernel Extract, Tocopheryl Acetate, Xanthan Gum, Sodium Hydroxide, Tetrasodium Edta, Glyceryl Polymethacrylate, Centella Asiatica Leaf Extract, Sodium Hyaluronate, Glycyrrhiza Glabra Root Extract, Peg8, Tocopherol, Sodium Benzoate, Hyaluronic Acid, Butylene Glycol, Sodium Lactate, Zingiber Officinale Root Extract, Bht, Palmitoyl Hexapeptide12, Citric Acid",65,16676,2.0,0.0,https://www.sephora.com/product/time-freeze-sleeping-mask-P420653?icid2=products%20grid:p420653,2.0,19.5
The Moisturizing Cool Gel Cream Mini,La Mer,moisturizing-cream-oils-mists,90.0,"Water\Aqua\Eau, Cyclopentasiloxane, Algae Extract, Glycerin, Cyclohexasiloxane, Butylene Glycol, Dimethicone, Ammonium Acryloyldimethyltaurate, Citrus Aurantifolia Peel Extract, Octyldodecyl Stearoyl Stearate, Limnanthes Alba Seed Oil, Sesamum Indicum Seed Oil, Medicago Sativa Seed Powder, Helianthus Annuus Seedcake, Prunus Amygdalus Dulcis Seed Meal, Eucalyptus Globulus Leaf Oil, Sodium Gluconate, Copper Gluconate, Calcium Gluconate, Magnesium Gluconate, Zinc Gluconate, Tocopheryl Succinate, Niacin, Sesamum Indicum Seed Powder, Hypnea Musciformis Extract, Sigesbeckia Orientalis Extract, Acetyl Hexapeptide8, Sorbitol, Palmitoyl Hexapeptide12, Gellidiella Acerosa Extract, Chondrus Crispus Extract, Niacinamide, Sucrose, Laminaria Digitata Extract, Peg8, Sodium Hyaluronate, Squalane, Trehalose, Saccharide Isomerate, Oleth10, Tocopheryl Acetate, Caffeine, Glyceryl Polymethacrylate, Alcohol Denat, Hydrogenated Lecithin, Fragrance, Disodium Edta, Bht, Linalool, Hydroxycitronellal, Citronellol, Geraniol, Limonene, Potassium Sorbate, Phenoxyethanol",6,783,0.0,0.5,https://www.sephora.com/product/the-moisturizing-cool-gel-cream-mini-P430405?icid2=products%20grid:p430405,0.5,180.0
WHITE Brightening Cream,Eve Lom,moisturizing-cream-oils-mists,110.0,"Dimethicone, Propanediol, Caprylic, Polyglyceryl6 Distearate, Crambe Abyssinica Seed Oil, Glycerin, Divinyldimethicone, Betaine, Phenoxyethanol, Cetearyl Olivate, Jojoba Esters, Astragalus Membranaceus Root Extract, Bupleurum Falcatum Root Extract, Sorbitan Olivate, Atractyloides Macrocephala Root Extract, Butyrospermum Parkii, Glyceryl Stearate SE, Allantoin, Cetyl Alcohol, Polyglyceryl3 Beeswax, Sodium Acrylate, Glyceryl Dibehenate, Carbomer, Tribehenin, Sodium Hyaluronate, Isohexadecane, Ethylhexylglycerin, Tocopherol, Glyceryl Behenate, Sodium Hydroxide, Aloe Barbadensis Leaf Juice, Acrylates, Disodium EDTA, C1213 Pareth23, C1213 Pareth3, Polysorbate 80, Rosa Damascena Flower Oil, Citronellol, Methyl Undecenoyl Leucinate, Geraniol, Linalool, Eugenol",15,2893,1.7,0.0,https://www.sephora.com/product/white-brightening-cream-P416531?icid2=products%20grid:p416531,1.7,64.70588235294117
Confidence in a Neck Cream,IT Cosmetics,moisturizing-cream-oils-mists,52.0,"Glycerin, Mica, Dimethicone, Caprylic, Methylpropanediol, Glyceryl Stearate, Butyrospermum Parkii Butter, 12Hexanediol, Pvp, Polyglyceryl3 Methylglucose Distearate, Peg100 Stearate, Stearic Acid, Hydrogenated Polyisobutene, Palmitic Acid, Sorbitan Olivate, Cetearyl Olivate, Aloe Barbadensis Leaf Extract, Cocos Nucifera Oil, Isopropyl Myristate, Citrus Aurantium Dulcis Peel Oil, Polyimide1, Butylene Glycol, Ammonium Acryloyldimethyltaurate, Menthone Glycerin Acetal, Menthyl Lactate, Ci 77891, Hydrogenated Lecithin, Xanthan Gum, Allantoin, Portulaca Oleracea Extract, Citrus Paradisi Peel Oil, Myristic Acid, Ethylhexylglycerin, Tocopheryl Acetate, Buteth3, Disodium Edta, Sodium Benzotriazolyl Butylphenol Sulfonate, Ci 15985, Sodium Hyaluronate, Niacinamide, Phenoxyethanol, Citral, TButyl Alcohol, Tin Oxide, Tributyl Citrate, Hydrolyzed Collagen, Lactobacillus, Ceramide Np, Copper Tripeptide1, Citrus Sinensis Peel Oil Expressed, Colloidal Oatmeal, Laminaria Digitata Extract, Tocopherol, Polysorbate 20, Carbomer, Panax Ginseng Callus Culture Extract, Rosa Damascena Callus Culture Extract, Daucus Carota Sativa Callus Culture Extract, Camellia Sinensis Callus Culture Extract, Leuconostoc, Palmitoyl Pentapeptide4, Magnesium Pca, Asparagine, Aspartic Acid, Ceramide Ap, Ceramide Eop, Calcium Chloride, Leucine, Glucosamine Hcl, Glycine, 1Methylhydantoin2Imide, Threonine, Methionine, Arginine, Valine, Serine, Maris Sal, Lysine, Isoleucine, Proline, Formic Acid, Alanine, Phenylalanine, Magnesium Chloride, Magnesium Citrate, Dipotassium Phosphate, Tyrosine, Tryptophan, Sucrose, Hydrolyzed Elastin, Citrulline, Taurine, Cysteine, Histidine, Glutamic Acid, Glutamine, Usnea Barbata Extract, Pulsatilla Koreana Extract, Zanthoxylum Piperitum Fruit Extract, Astaxanthin, Lecithin",0,171,2.6,0.0,https://www.sephora.com/product/it-cosmetics-confidence-in-neck-cream-P455610?icid2=products%20grid:p455610,2.6,20.0
Renergie Lift Multi-Action Ultra Firming and Dark Spot Correcting Moisturizer SPF 30,Lancôme,moisturizing-cream-oils-mists,109.0,"Glycerin, Dimethicone, Silica, Peg100 Stearate, Glyceryl Stearate, Glycolic Acid, Guanosine, Cyathea Medullaris Leaf Extract, TButyl Alcohol, Dicaprylyl Carbonate, Mica, Tocopherol, Ascorbyl Glucoside, Sodium Hydroxide, Sodium Hyaluronate, Hydrolyzed Linseed Extract, Sodium Benzoate, Sodium Levulinate, Stearic Acid, Phenoxyethanol, Steareth100, Phenylethyl Resorcinol, Palmitic Acid, Ammonium Polyacryloyldimethyl Taurate, Dimethicone, Limonene, Xanthan Gum, Pentaerythrityl TetraDiTButyl Hydroxyhydrocinnamate, Benzyl Alcohol, Tin Oxide, Cinnamic Acid, Leontopodium Alpinum Extract, Caprylyl Glycol, Myristic Acid, Geraniol, Disodium EDTA, Titanium Dioxide, Retinyl Palmitate, Citric Acid, Potassium Sorbate, Levulinic Acid, Glyceryl Caprylate, Fragrance",635,2491,1.7,0.0,https://www.sephora.com/product/renergie-lift-multi-action-ultra-firming-dark-spot-correcting-moisturizer-spf-30-P427428?icid2=products%20grid:p427428,1.7,64.11764705882354
Extra Repair Moisture Cream,Bobbi Brown,moisturizing-cream-oils-mists,102.0,"Glycerin, Dimethicone, Silica, Peg100 Stearate, Glyceryl Stearate, Glycolic Acid, Guanosine, Cyathea Medullaris Leaf Extract, TButyl Alcohol, Dicaprylyl Carbonate, Mica, Tocopherol, Ascorbyl Glucoside, Sodium Hydroxide, Sodium Hyaluronate, Hydrolyzed Linseed Extract, Sodium Benzoate, Sodium Levulinate, Stearic Acid, Phenoxyethanol, Steareth100, Phenylethyl Resorcinol, Palmitic Acid, Ammonium Polyacryloyldimethyl Taurate, Dimethicone, Limonene, Xanthan Gum, Pentaerythrityl TetraDiTButyl Hydroxyhydrocinnamate, Benzyl Alcohol, Tin Oxide, Cinnamic Acid, Leontopodium Alpinum Extract, Caprylyl Glycol, Myristic Acid, Geraniol, Disodium EDTA, Titanium Dioxide, Retinyl Palmitate, Citric Acid, Potassium Sorbate, Levulinic Acid, Glyceryl Caprylate, Fragrance",21,2285,1.7,0.0,https://www.sephora.com/product/extra-repair-moisture-cream-P395507?icid2=products%20grid:p395507,1.7,60.0
Orchid Youth-Enriched Gel Cream,innisfree,moisturizing-cream-oils-mists,29.0,"Water, Glycerin, Cyclopentasiloxane, Niacinamide, Cyclohexasiloxane, Squalane, Cetearyl Alcohol, Peg240, Vinyl Dimethicone, Propanediol, Hydroxyethyl Acrylate, Dimethicone Crosspolymer, Glyceryl Stearate, Cetearyl Glucoside, Stearic Acid, Hydrogenated Lecithin, Glyceryl Caprylate, Ethylhexylglycerin, Fragrance, Polyglyceryl3 Methylglucose Distearate, Disodium EDTA, Adenosine, Kaolin, Sorbitan Isostearate, Hyaluronic Acid, BetaGlucan, Glucose, Betaine, Orchid Extract, Tocopherol",6,2004,1.69,0.0,https://www.sephora.com/product/orchid-youth-enriched-gel-cream-P449856?icid2=products%20grid:p449856,1.69,17.159763313609467
Problem Solution Moisturizer,belif,moisturizing-cream-oils-mists,38.0,"Water, Glycerin, Cyclopentasiloxane, Niacinamide, Cyclohexasiloxane, Squalane, Cetearyl Alcohol, Peg240, Vinyl Dimethicone, Propanediol, Hydroxyethyl Acrylate, Dimethicone Crosspolymer, Glyceryl Stearate, Cetearyl Glucoside, Stearic Acid, Hydrogenated Lecithin, Glyceryl Caprylate, Ethylhexylglycerin, Fragrance, Polyglyceryl3 Methylglucose Distearate, Disodium EDTA, Adenosine, Kaolin, Sorbitan Isostearate, Hyaluronic Acid, BetaGlucan, Glucose, Betaine, Orchid Extract, Tocopherol",55,5985,4.22,0.0,https://www.sephora.com/product/problem-solution-moisturizer-P410818?icid2=products%20grid:p410818,4.22,9.00473933649289
Coconut Face Cream,Kopari,moisturizing-cream-oils-mists,38.0,"Water, Glycerin, Cyclopentasiloxane, Niacinamide, Cyclohexasiloxane, Squalane, Cetearyl Alcohol, Peg240, Vinyl Dimethicone, Propanediol, Hydroxyethyl Acrylate, Dimethicone Crosspolymer, Glyceryl Stearate, Cetearyl Glucoside, Stearic Acid, Hydrogenated Lecithin, Glyceryl Caprylate, Ethylhexylglycerin, Fragrance, Polyglyceryl3 Methylglucose Distearate, Disodium EDTA, Adenosine, Kaolin, Sorbitan Isostearate, Hyaluronic Acid, BetaGlucan, Glucose, Betaine, Orchid Extract, Tocopherol",98,7147,2.5,0.0,https://www.sephora.com/product/coconut-face-cream-P416143?icid2=products%20grid:p416143,2.5,15.2
Lotus Youth Preserve Radiance Lotion,Fresh,moisturizing-cream-oils-mists,33.0,"Water, Glycerin, Cyclopentasiloxane, Niacinamide, Cyclohexasiloxane, Squalane, Cetearyl Alcohol, Peg240, Vinyl Dimethicone, Propanediol, Hydroxyethyl Acrylate, Dimethicone Crosspolymer, Glyceryl Stearate, Cetearyl Glucoside, Stearic Acid, Hydrogenated Lecithin, Glyceryl Caprylate, Ethylhexylglycerin, Fragrance, Polyglyceryl3 Methylglucose Distearate, Disodium EDTA, Adenosine, Kaolin, Sorbitan Isostearate, Hyaluronic Acid, BetaGlucan, Glucose, Betaine, Orchid Extract, Tocopherol",120,9348,1.0,0.0,https://www.sephora.com/product/lotus-youth-preserve-radiance-lotion-P385043?icid2=products%20grid:p385043,1.0,33.0
Beauty Oil,rms beauty,moisturizing-cream-oils-mists,78.0,Certified,69,10605,1.0,0.0,https://www.sephora.com/product/beauty-oil-P408968?icid2=products%20grid:p408968,1.0,78.0
Facial Treatment Cleansing Oil,SK-II,moisturizing-cream-oils-mists,70.0,"Sodium Lauroyl Glutamate, Propylene Glycol, PEG150 Stearate, Galactomyces Ferment Filtrate, Sodium PCA, Glycol Stearate, Butylene Glycol, Cocamide MEA, Rosa Canina Fruit Oil, Stearamide AMP, Pentylene Glycol, Salix Alba Bark Extract, Dipotassium Glycyrrhizate, Hydroxyphenyl Propamidobenzoic Acid, Ascorbyl Palmitate, BHT, Phenethyl Alcohol, Methylparaben, Propylparaben",98,4903,8.4,0.0,https://www.sephora.com/product/facial-treatment-cleansing-oil-P375851?icid2=products%20grid:p375851,8.4,8.333333333333332
Oil Free Moisturizer Broad Spectrum SPF 30,Mario Badescu,moisturizing-cream-oils-mists,28.0,"Glycerin, Aluminum Starch Octenylsuccinate, Dimethicone, Cetearyl Alcohol, Ethylhexyl Methoxycrylene, PPG2 Myristyl Ether Propionate, C1215 Alkyl Benzoate, Ceteareth20, Sorbitan Oleate, Aloe Barbadensis Leaf Juice, Camellia Oleifera Leaf Extract, Hypericum Perforatum Extract, Ethylhexylglycerin, Tetrasodium Glutamate Diacetate, PEG100 Stearate, Caprylyl Glycol, Carbomer, Fragrance, Phenoxyethanol, Sodium Hydroxide",14,2817,2.0,0.0,https://www.sephora.com/product/mario-badescu-oil-free-moisturizer-broad-spectrum-spf-30-P440493?icid2=products%20grid:p440493,2.0,14.0
Glow Formula Skin Hydrator,Kiehl's Since 1851,moisturizing-cream-oils-mists,38.0,"Dicaprylyl Carbonate, Octyldodecanol, Glycerin, Caprylic, Squalane, Glyceryl Stearate, Propanediol, Salix Alba Bark Extract, Mica, Arachidyl Alcohol, CI 77891, Cetearyl Alcohol, Tocopherol, Behenyl Alcohol, Parfum, Citric Acid, Sodium Hydroxide, Arachidyl Glucoside, Limonene, Caprylyl Glycol, XanthanGum, CI 77491, Potassium Sorbate, MalusDomestica Fruit Cell Culture Extract, Glycine SojaOil, Phytic Acid, Citral, Sodium Benzoate, Linalool, Punica Granatum Fruit Extract, MalpighiaPunicifolia Fruit Extract",86,9707,1.7,0.0,https://www.sephora.com/product/glow-formula-skin-hydrator-P431731?icid2=products%20grid:p431731,1.7,22.35294117647059
Clearing Defense SPF 30 Moisturizer,Dermalogica,moisturizing-cream-oils-mists,28.0,"Dicaprylyl Carbonate, Octyldodecanol, Glycerin, Caprylic, Squalane, Glyceryl Stearate, Propanediol, Salix Alba Bark Extract, Mica, Arachidyl Alcohol, CI 77891, Cetearyl Alcohol, Tocopherol, Behenyl Alcohol, Parfum, Citric Acid, Sodium Hydroxide, Arachidyl Glucoside, Limonene, Caprylyl Glycol, XanthanGum, CI 77491, Potassium Sorbate, MalusDomestica Fruit Cell Culture Extract, Glycine SojaOil, Phytic Acid, Citral, Sodium Benzoate, Linalool, Punica Granatum Fruit Extract, MalpighiaPunicifolia Fruit Extract",440,1808,2.0,0.0,https://www.sephora.com/product/clearing-defense-spf-30-moisturizer-P443371?icid2=products%20grid:p443371,2.0,14.0
Dramatically Different™ Moisturizing BB-gel,CLINIQUE,moisturizing-cream-oils-mists,14.5,"Water\Aqua\Eau, Dimethicone, Isododecane, Butylene Glycol, BisPeg18 Methyl Ether Dimethyl Silane, Glycerin, Saccharomyces Lysate Extract, Laminaria Saccharina Extract, Polygonum Cuspidatum Root Extract, Lactobacillus Ferment, Cucumis Sativus Fruit Extract, Oleth10, Helianthus Annuus Seedcake, Hordeum Vulgare Extract\Extrait D'orge, Polysilicone11, Tocopheryl Acetate, Sodium Hyaluronate, Caffeine, Trehalose, Ammonium Acryloyldimethyltaurate, Acrylates, Propylene Glycol Dicaprate, Tromethamine, Propylene Glycol Stearate, Hexylene Glycol, Magnesium Stearate, Laureth23, Carbomer, Laureth4, Silica, Caprylyl Glycol, Cellulose Acetate, Disodium Edta, Bht, Sodium Benzoate, Phenoxyethanol, Iron Oxides, Iron Oxides, Iron Oxides, Titanium Dioxide",16,2089,1.7,0.0,https://www.sephora.com/product/clinique-dramatically-different-moisturizing-bb-gel-P454398?icid2=products%20grid:p454398,1.7,8.529411764705884
Super Multi-Corrective Cream Sunscreen Broad Spectrum SPF 30,Kiehl's Since 1851,moisturizing-cream-oils-mists,85.0,"Avobenzone 3%, Homosalate 5%, Octisalate 5%, Octocrylene 7%: Sunscreens",8,1419,0.0,2.5,https://www.sephora.com/product/super-multi-corrective-cream-sunscreen-broad-spectrum-spf-30-P422260?icid2=products%20grid:p422260,2.5,34.0
Future Solution LX Universal Defense Broad Spectrum SPF 50+,Shiseido,moisturizing-cream-oils-mists,100.0,"Avobenzone 3%, Homosalate 5%, Octisalate 5%, Octocrylene 7%: Sunscreens",0,140,1.7,0.0,https://www.sephora.com/product/shiseido-future-solution-lx-universal-defense-broad-spectrum-spf-50-P455231?icid2=products%20grid:p455231,1.7,58.82352941176471
Prisma Protect SPF 30 Moisturizer,Dermalogica,moisturizing-cream-oils-mists,65.0,"Homosalate, Octocrylene, Silica, Butylene Glycol, Ethylhexyl Salicylate, Butyl Methoxydibenzoylmethane, Coconut Alkanes, Dimethicone, Glycerin, Dimethyl Capramide, Polyglyceryl2 Stearate, VP, Chlorella Vulgaris Extract, Palmitoyl Oligopeptide, Saccharide Isomerate, Zingiber Officinale Root Oil, Sclareolide, Tocopherol, Camellia Sinensis Leaf Extract, TocopherylAcetate, CocoCaprylate, Glyceryl Stearate SE, PEG100 Stearate, Potassium Cetyl Phosphate, Arachidyl Alcohol, Dimethicone Crosspolymer, Behenyl Alcohol, Benzyl Alcohol, Caprylic, Xanthan Gum, Acrylates, Arachidyl Glucoside, Ethylhexylglycerin, Methicone, Sodium Hydroxide, Trisodium Ethylenediamine Disuccinate, Citric Acid, Sodium Citrate, CaprylylGlycol, Propanediol, Geraniol, Limonene, Citral, Polyvinyl Alcohol, Sodium Benzoate, Potassium Sorbate, 12Hexanediol, Phenoxyethanol",116,2839,1.7,0.0,https://www.sephora.com/product/prisma-protect-spf-30-moisturizer-P443366?icid2=products%20grid:p443366,1.7,38.23529411764706
Revitalizing Supreme+ Night Intensive Restorative Crème,Estée Lauder,moisturizing-cream-oils-mists,88.0,"Glycine Soja Oil, Caprylic, Glycerin, Prunus Amygdalus Dulcis Oil, Dimethicone, Stearyl Alcohol, Butylene Glycol, Steareth2, Cocos Nucifera Oil, Vitis Vinifera Seed Oil, Glyceryl Stearate, Niacinamide, Propanediol, Steareth21, Moringa Oleifera Seed Extract, Limonium Vulgare Flower, Sodium Hyaluronate, Acetyl Hexapeptide8, Laminaria Digitata Extract, Whey Protein\Lactis Protein\Proteine Du PetitLait, Acetyl Glucosamine, Opuntia Tuna Extract, Tocopheryl Acetate, Citrullus Lanatus Fruit Extract, Persea Gratissima Oil, Mangifera Indica Seed Oil, Aminopropyl Ascorbyl Phosphate, Algae Extract, Caffeine, Cucumis Sativus Fruit Extract, Pyrus Malus Fruit Extract, Narcissus Tazetta Bulb Extract, Sigesbeckia Orientalis Extract, Butyrospermum Parkii, Lens Esculenta Fruit Extract, Silybum Marianum Seed Oil, Limnanthes Alba Seed Oil, Hordeum Vulgare Extract\Extrait D'Orge, Simmondsia Chinensis Seed Oil, Macadamia Integrifolia Seed Oil, Olea Europaea Fruit Oil, Dextrin Palmitate, Sodium Hydroxide, Carbomer, Behenyl Alcohol, Caprylyl Glycol, Hydroxyethyl Urea, Propylene Glycol Dicaprate, Cholesterol, Isoceteth20, Lactoperoxidase, Helianthus Annuus Seedcake, Sodium Polyaspartate, Sorbitol, Glucose, Cetyl Alcohol, Myristyl Alcohol, Sodium Lactate, Citric Acid, Sodium Pca, Glucose Oxidase, Potassium Phosphate, Sodium Chloride, Fragrance, Disodium Edta, Bht, Potassium Sorbate, Sodium Benzoate, Phenoxyethanol, Yellow 5, Red 4, Iron Oxides, Iron Oxides",5,839,1.7,0.0,https://www.sephora.com/product/revitalizing-supreme-night-intensive-restorative-creme-P448175?icid2=products%20grid:p448175,1.7,51.764705882352935
Hydrating Oil Stick,MILK MAKEUP,moisturizing-cream-oils-mists,26.0,"VC1215 Alkyl Benzoate, Octyldodecanol, Phenyl Trimethicone, Simmondsia Chinensis Seed Oil, Dibutyl Lauroyl Glutamide, Dibutyl Ethylhexanoyl Glutamide, Vitis Vinifera Seed Oil, Persea Gratissima Oil, Prunus Armeniaca Kernel Oil, Citrus Aurantium Dulcis Peel Oil, Citrus Limon Peel Oil, Tocopheryl Acetate",204,28274,1.0,0.0,https://www.sephora.com/product/hydrating-oil-P404794?icid2=products%20grid:p404794,1.0,26.0
Skin Perfecting BB Cream Broad Spectrum SPF 30,boscia,moisturizing-cream-oils-mists,38.0,"VC1215 Alkyl Benzoate, Octyldodecanol, Phenyl Trimethicone, Simmondsia Chinensis Seed Oil, Dibutyl Lauroyl Glutamide, Dibutyl Ethylhexanoyl Glutamide, Vitis Vinifera Seed Oil, Persea Gratissima Oil, Prunus Armeniaca Kernel Oil, Citrus Aurantium Dulcis Peel Oil, Citrus Limon Peel Oil, Tocopheryl Acetate",97,3749,1.7,0.0,https://www.sephora.com/product/skin-perfecting-bb-cream-broad-spectrum-spf-30-P443379?icid2=products%20grid:p443379,1.7,22.35294117647059
Cicapair™ Tiger Grass Calming Mist,Dr. Jart+,moisturizing-cream-oils-mists,23.0,"VC1215 Alkyl Benzoate, Octyldodecanol, Phenyl Trimethicone, Simmondsia Chinensis Seed Oil, Dibutyl Lauroyl Glutamide, Dibutyl Ethylhexanoyl Glutamide, Vitis Vinifera Seed Oil, Persea Gratissima Oil, Prunus Armeniaca Kernel Oil, Citrus Aurantium Dulcis Peel Oil, Citrus Limon Peel Oil, Tocopheryl Acetate",485,4536,1.69,0.0,https://www.sephora.com/product/cicapair-tiger-grass-calming-mist-P448184?icid2=products%20grid:p448184,1.69,13.609467455621305
Intensive Night Treatment with Hylaplex® and Marula Oil,LANCER Skincare,moisturizing-cream-oils-mists,155.0,"Caprylic, Octyldodecanol, Butyrospermum Parkii Butter, Glycerin, Pentylene Glycol, Squalane, Cetearyl Alcohol, Sorbitan Stearate, Glyceryl Stearate, PEG100 Stearate, Tropaeolum Majus Extract, Glycine Soja Extract, Yeast Amino Acids, Orbignya Oleifera Seed Oil, Sclerocarya Birrea Seed Oil, Hexapeptide48 HCl, Taurine, Trehalose, Urea, Sodium Hyaluronate, Sodium Hyaluronate Crosspolymer, Acrylates, Raspberry Seed Oil, Polyglyceryl4 Diisostearate, Sodium Isostearate, Ethylhexyl Stearate, Betaine, Inositol, Disodium EDTA, Aminomethyl Propanol, Chlorphenesin, Caprylyl Glycol, Ethylhexylglycerin, Phenoxyethanol, Potassium Sorbate, Fragrance, Citronellol, Geraniol, Hexyl Cinnamal, Limonene, Linalool, Benzyl Salicylate, Benzyl Benzoate, Butylphenyl Methylpropional",7,1527,1.7,0.0,https://www.sephora.com/product/intensive-night-treatment-hylaplex-marula-oil-P399747?icid2=products%20grid:p399747,1.7,91.17647058823529
Do Not Age with Dr. Brandt Time Reversing Cream,Dr. Brandt Skincare,moisturizing-cream-oils-mists,132.0,"Caprylic, Octyldodecanol, Butyrospermum Parkii Butter, Glycerin, Pentylene Glycol, Squalane, Cetearyl Alcohol, Sorbitan Stearate, Glyceryl Stearate, PEG100 Stearate, Tropaeolum Majus Extract, Glycine Soja Extract, Yeast Amino Acids, Orbignya Oleifera Seed Oil, Sclerocarya Birrea Seed Oil, Hexapeptide48 HCl, Taurine, Trehalose, Urea, Sodium Hyaluronate, Sodium Hyaluronate Crosspolymer, Acrylates, Raspberry Seed Oil, Polyglyceryl4 Diisostearate, Sodium Isostearate, Ethylhexyl Stearate, Betaine, Inositol, Disodium EDTA, Aminomethyl Propanol, Chlorphenesin, Caprylyl Glycol, Ethylhexylglycerin, Phenoxyethanol, Potassium Sorbate, Fragrance, Citronellol, Geraniol, Hexyl Cinnamal, Limonene, Linalool, Benzyl Salicylate, Benzyl Benzoate, Butylphenyl Methylpropional",73,2087,1.7,0.0,https://www.sephora.com/product/do-not-age-with-dr-brandt-time-reversing-cream-P383051?icid2=products%20grid:p383051,1.7,77.64705882352942
Repairing Tint & Radiance Moisturizer SPF 30,Algenist,moisturizing-cream-oils-mists,42.0,"Neopentyl Glycol Dicaprate, Butylene Glycol, Butyloctyl Salicylate, C2040 Pareth3, Zea Mays Starch, Steareth21, Stearyl Alcohol, Stearic Acid, Dipropylene Glycol, Caprylyl Methicone, Polymethyl Methacrylate, Algae Exopolysaccharides, Glycerin, PEG8 Dimethicone, Chlorella Protothecoides Oil, Haematococcus Pluvialis Extract, Potassium Cetyl Phosphate, Hydroxyethyl Acrylate, Dimethicone, Caprylyl Glycol, Hydrolyzed Wheat Protein, VP, Tocopherol, Isohexadecane, Decylene Glycol, ChlorophyllinCopper Complex, BetaCarotene, PEG10 Dimethicone, Steareth2, Tocopheryl Acetate, Polyhydroxystearic Acid, Silica, Alumina, Allantoin, Xanthan Gum, Disodium EDTA, Polysorbate 60, Cetyl Alcohol, Sodium Chloride, Dipotassium Glycyrrhizate, Sorbitan Isostearate, Ethylhexylglycerin, Glycine Soja Oil, Arachidyl Alcohol, Soluble Collagen, EDTA, Potassium Sorbate, Aminomethyl Propanol, Ammonium Polyacrylate, BHT, Raphanus Sativus Root Extract, Capric Acid, Caprylic, Polyglyceryl10 Oleate, Sodium Hyaluronate, Polyglyceryl10 Stearate, Lysolecithin, Daucus Carota Sativa Root Extract, Phenoxyethanol, Fragrance, Coumarin, Iron Oxides, Titanium Dioxide",108,3994,0.0,0.0,https://www.sephora.com/product/repairing-tint-radiance-moisturizer-spf-30-P395382?icid2=products%20grid:p395382,2.0629276649746324,20.35941478370569
Green Tea Hydrating Sleeping Mask,innisfree,moisturizing-cream-oils-mists,20.0,"Water, Butylene Glycol, Propanediol, Glycerin, Dimethicone, Betaine, Trisiloxane, Hydrogenated Poly, 12Hexanediol, Ammonium Acryloyldimethyltaurate, Acrylates, Glyceryl Caprylate, Fragrance, Trehalose, Ethylhexylglycerin, Disodium Edta, Camellia Sinensis Leaf Extract, Lactobacillus Ferment Lysate",4,2125,2.7,0.0,https://www.sephora.com/product/green-tea-hydrating-sleeping-mask-P449847?icid2=products%20grid:p449847,2.7,7.4074074074074066
Capture Dreamskin Fresh & Perfect Cushion Broad Spectrum SPF 50 Refill,Dior,moisturizing-cream-oils-mists,42.0,"Water, Butylene Glycol, Propanediol, Glycerin, Dimethicone, Betaine, Trisiloxane, Hydrogenated Poly, 12Hexanediol, Ammonium Acryloyldimethyltaurate, Acrylates, Glyceryl Caprylate, Fragrance, Trehalose, Ethylhexylglycerin, Disodium Edta, Camellia Sinensis Leaf Extract, Lactobacillus Ferment Lysate",23,4647,0.5,0.0,https://www.sephora.com/product/capture-dreamskin-fresh-perfect-cushion-broad-spectrum-spf-50-refill-P435807?skuId=2145381&icid2=products%20grid:p435807,0.5,84.0
Premieres Vendanges Moisturizing Cream,Caudalie,moisturizing-cream-oils-mists,35.0,"Water, Butylene Glycol, Propanediol, Glycerin, Dimethicone, Betaine, Trisiloxane, Hydrogenated Poly, 12Hexanediol, Ammonium Acryloyldimethyltaurate, Acrylates, Glyceryl Caprylate, Fragrance, Trehalose, Ethylhexylglycerin, Disodium Edta, Camellia Sinensis Leaf Extract, Lactobacillus Ferment Lysate",230,5844,1.35,0.0,https://www.sephora.com/product/premieres-vendanges-moisturizing-cream-P6022?icid2=products%20grid:p6022,1.35,25.925925925925927
Milky Hydra Balancing Moisturizer ,belif,moisturizing-cream-oils-mists,38.0,"Dipropylene Glycol, Glycerin, Triethylhexanoin, Hexyldecyl Ethylhexanoate, Pentaerythrityl Tetraethylhexanoate, 12Hexanediol, Glyceryl Stearate, Cyclopentasiloxane, PEG100 Stearate, Salvia Officinalis Leaf Extract, Avena Sativa Kernel Extract, Calendula Officinalis Flower Extract, Nepeta Cataria Extract, Rubus Idaeus Leaf Extract, Baptisia Tinctoria Root Extract, Stellaria Media Extract, Alchemilla Vulgaris Leaf Extract, Viola Tricolor Extract, Rosa Damascena Flower Extract, Spiraea Ulmaria Flower Extract, Althaea Officinalis Root Extract, Corchorus Oiltorius Leaf Extract, Monarda Didyma Leaf Extract, C1422 Alcohols, C1220 Alkyl Glucoside, Cetearyl Alcohol, Dimethicone, Panthenol, PEG5 Glyceryl Stearate, Carbomer, Tromethamine, Mica, Titanium Dioxide, Iron Oxides, Xanthan Gum, Trisodium EDTA, Fragrance, Citronellol, Limonene Napiers Original Formula Napiers Moisture Formula Fragrances of Natural Origin",62,5716,4.22,0.0,https://www.sephora.com/product/milky-hydra-balancing-moisturizer-P394637?icid2=products%20grid:p394637,4.22,9.00473933649289
Original Skin™ Essence Lotion with Dual Ferment Complex,Origins,moisturizing-cream-oils-mists,31.0,"Dipropylene Glycol, Glycerin, Triethylhexanoin, Hexyldecyl Ethylhexanoate, Pentaerythrityl Tetraethylhexanoate, 12Hexanediol, Glyceryl Stearate, Cyclopentasiloxane, PEG100 Stearate, Salvia Officinalis Leaf Extract, Avena Sativa Kernel Extract, Calendula Officinalis Flower Extract, Nepeta Cataria Extract, Rubus Idaeus Leaf Extract, Baptisia Tinctoria Root Extract, Stellaria Media Extract, Alchemilla Vulgaris Leaf Extract, Viola Tricolor Extract, Rosa Damascena Flower Extract, Spiraea Ulmaria Flower Extract, Althaea Officinalis Root Extract, Corchorus Oiltorius Leaf Extract, Monarda Didyma Leaf Extract, C1422 Alcohols, C1220 Alkyl Glucoside, Cetearyl Alcohol, Dimethicone, Panthenol, PEG5 Glyceryl Stearate, Carbomer, Tromethamine, Mica, Titanium Dioxide, Iron Oxides, Xanthan Gum, Trisodium EDTA, Fragrance, Citronellol, Limonene Napiers Original Formula Napiers Moisture Formula Fragrances of Natural Origin",112,8573,5.0,0.0,https://www.sephora.com/product/original-skin-essence-lotion-with-dual-ferment-complex-P409770?icid2=products%20grid:p409770,5.0,6.2
Green Tea Moisturizer,Proactiv,moisturizing-cream-oils-mists,40.0,"Glycerin, Butylene Glycol, Dimethicone, Sodium Polyacrylate, Iris Florentina Root Extract, Macadamia Ternifolia Seed Oil, Epigallocatechin Gallate, Hydrogenated Polydecene, Trideceth6, Zinc Sulfate, Retinyl Palmitate, Sodium Hyaluronate, Squalane, Caprylic, Ethylhexyl Palmitate, PPG2 Myristyl Ether Propionate, Alcohol, Allantoin, Propanediol, C1215 Alkyl Lactate, Polyquaternium11, Disodium EDTA, Ethylparaben, Methylparaben, Propylparaben, Phenoxyethanol, Fragrance, AlphaIsomethyl Ionone, Butylphenyl Methylpropional, Citronellol, Hexyl Cinnamal, Hydroxycitronellal, Linalool, Geraniol",46,1010,3.0,0.0,https://www.sephora.com/product/green-tea-moisturizer-P440056?icid2=products%20grid:p440056,3.0,13.333333333333336
Green Releaf Therapeutic Sleep Cream,Peter Thomas Roth,moisturizing-cream-oils-mists,65.0,"Propanediol, Glycerin, C912 Alkane, Butylene Glycol, Hydrogenated Polyisobutene, Melatonin, Dicaprylyl Ether, Dimethyl Isosorbide, Behenyl Alcohol, Stearic Acid, Polyglyceryl2 Stearate, Caprylic, Phenoxyethanol, Polyglyceryl6 Distearate, Octyldodecyl Oleate, Glyceryl Stearate, Stearyl Alcohol, Carbomer, CocoCaprylate, Daucus Carota Sativa Extract, Octyldodecyl Stearoyl Stearate, Xanthan Gum, Disodium EDTA, Hydroxypinacolone Retinoate, Plantago Lanceolata Leaf Extract, Jojoba Esters, Leuconostoc, Adansonia Digitata Seed Oil, Allantoin, Butyrospermum Parkii Butter, Cannabis Sativa Seed Oil, Corylus Avellana Seed Oil, Helianthus Annuus Seed Oil, Melia Azadirachta Leaf Extract, Mica, Sorbitol, Vitis Vinifera Seed Oil, Bisabolol, Cetyl Alcohol, Polyglyceryl3 Beeswax, Sodium Hydroxide, Polyhydroxystearic Acid, Laminaria Digitata Extract, Octyldodecanol, Potassium Sorbate, Sodium Benzoate, Lecithin, Centella Asiatica Leaf Extract, Ceramide NP, Caprylyl Glycol, Gluconolactone, Avena Sativa Kernel Extract, Diatomaceous Earth, Tocopherol Acetate, Glyceryl Caprylate, Zingiber Officinale Root Extract, Tocopherol, Yellow 5, Blue 1, Red 33, Red 4",541,7220,1.7,0.0,https://www.sephora.com/product/green-releaf-therapeutic-sleep-cream-P439097?icid2=products%20grid:p439097,1.7,38.23529411764706
Repairwear Sculpting Night Cream,CLINIQUE,moisturizing-cream-oils-mists,68.0,"Cyclopentasiloxane, Glycerin, Dipropylene Glycol, Alcohol Denat, Peg10 Dimethicone, Aspalathus Linearis Leaf Extract, Camellia Sinensis Leaf Extract, Betula Alba Bark Extract, Polygonum Cuspidatum Root Extract, Camellia Sinensis Leaf Extract, Saccharomyces Lysate Extract, Cucumis Melo Fruit Extract, Coleus Barbatus Extract, Persea Gratissima Oil, Centella Asiatica Extract, Adenosine Phosphate, Acetyl Hexapeptide8, Creatine, Astrocaryum Murumuru Seed Butter, Sigesbeckia Orientalis Extract, Jojoba Esters, Glycine Soja Protein, Decarboxy Carnosine Hcl, Dimethicone, Acetyl Carnitine Hcl, Sodium Hyaluronate, Cholesterol, Whey Protein, Tocopheryl Acetate, Butylene Glycol, Propylene Glycol Dicaprylate, Caffeine, Sea Whip Extract, Linoleic Acid, Phytantriol, Sodium Rna, Disteardimonium Hectorite, Yeast Extract, Peg150, Tetrahexyldecyl Ascorbate, Polyquaternium51, Potassium Sulfate, Citric Acid, Sodium Hexametaphosphate, Sodium Citrate, Disodium Edta, Phenoxyethanol",33,1832,1.7,0.0,https://www.sephora.com/product/repairwear-sculpting-night-cream-P392241?icid2=products%20grid:p392241,1.7,40.0
PRE:EMPT SERIES™ Oil-Free Hydrating Cream,Perricone MD,moisturizing-cream-oils-mists,59.0,"Ethylhexyl Palmitate, Glycerin, Caprylic, Butyrospermum Parkii Butter, Hexylene Glycol, Cetearyl Olivate, Glyceryl Stearate, Squalane, Dimethyl MEA, Tetrahexyldecyl Ascorbate, Lepidium Sativum Sprout Extract, Tetrahydrodiferuloylmethane, Olea Europaea Leaf Extract, Tetrahydrodemethoxydiferuloylmethane, Epigallocatechin Gallatyl Glucoside, Sodium Hyaluronate, Gluconolactone, Tetrahydrobisdemethoxydiferuloylmethane, Chondrus Crispus Extract, Acetyl Tyrosine, Panthenol, Lecithin, Ethylhexylglycerin, Sclerotium Gum, Sodium Stearoyl Lactylate, Sorbitan Olivate, Sodium Acrylates Copolymer, Cetearyl Alcohol, Sodium Benzoate, Phenoxyethanol, Fragrance, Amyl Cinnamal, Hydroxycitronellal, Linalool",76,4538,2.0,0.0,https://www.sephora.com/product/pre-empt-series-oil-free-hydrating-cream-P408540?icid2=products%20grid:p408540,2.0,29.5
Rènergie Lift Multi-Action Ultra Double-Wrapping Cream Face Mask,Lancôme,moisturizing-cream-oils-mists,68.0,"Aqua, Dimethicone, Butyrospermum Parkii Butter, Pentylene Glycol, Octyldodecanol, Cetyl Alcohol, Peg100 Stearate, Glyceryl Stearate, 3OEthyl Ascorbic Acid, Tocopheryl Acetate, Stearic Acid, Hydroxypropyl Tetrahydropyrantriol, Palmitic Acid, Propylene Glycol, Polyacrylamide, C1314 Isoparaffin, Poloxamer 338, Phenoxyethanol, Citric Acid, Sodium Citrate, 2Oleamido1, 3Octadecanediol, Chlorphenesin, Acrylates, Xanthan Gum, Potassium Hydroxide, Vaccinium Myrtillus Fruit Extract, Hydrolyzed Linseed Extract, Laureth7, Adenosine, Hydrolyzed Lupine Protein, Disodium Edta, Leontopodium Alpinum Flower, Pentaerythrityl TetraDiTButyl Hydroxyhydrocinnamate, Saccharum Officinarum Extract, Myristic Acid, Biosaccharide Gum1, Citrus Aurantium Dulcis Fruit Extract, Citrus Limon Fruit Extract, Sodium Benzoate, Guanosine, Acer Saccharum Extract, Hexyl Cinnamal, AlphaIsomethyl Ionone, Limonene, Benzyl Alcohol, Cyathea Medullaris Leaf Extract, Geraniol, Potassium Sorbate, Glyceryl Caprylate, Cinnamic Acid, Levulinic Acid, Bht, Sodium Levulinate, Parfum",2,377,0.0,0.0,https://www.sephora.com/product/lancome-renergie-lift-multi-action-ultra-double-wrapping-cream-face-mask-P454029?icid2=products%20grid:p454029,2.0629276649746324,32.9628620307616
Hydra Zen Anti-Stress Moisturizing Beauty Facial Essence,Lancôme,moisturizing-cream-oils-mists,42.0,"Propylene Glycol, Glycerin, Alcohol Denat, Butylene Glycol, Peg20, Peg8, BisPeg18 Methyl Ether Dimethyl Silane, Phenoxyethanol, Peg60 Hydrogenated Castor Oil, Ethylhexylglycerin, Carbomer, Potassium Hydroxide, Ophiopogon Japonicus Root Extract, Rosa Gallica Flower Extract, Jasmine Flower Extract, Paeonia Suffruticosa Extract, Theobroma Cacao Extract, Moringa Pterygosperma Seed Extract, Alteromonas Ferment Extract, Fragrance",24,3612,6.7,0.0,https://www.sephora.com/product/hydra-zen-anti-stress-moisturizing-beauty-facial-essence-P422431?icid2=products%20grid:p422431,6.7,6.26865671641791
Crème Riche Anti-Aging Peptide Night Cream,Tata Harper,moisturizing-cream-oils-mists,195.0,"Propylene Glycol, Glycerin, Alcohol Denat, Butylene Glycol, Peg20, Peg8, BisPeg18 Methyl Ether Dimethyl Silane, Phenoxyethanol, Peg60 Hydrogenated Castor Oil, Ethylhexylglycerin, Carbomer, Potassium Hydroxide, Ophiopogon Japonicus Root Extract, Rosa Gallica Flower Extract, Jasmine Flower Extract, Paeonia Suffruticosa Extract, Theobroma Cacao Extract, Moringa Pterygosperma Seed Extract, Alteromonas Ferment Extract, Fragrance",13,1196,1.7,0.0,https://www.sephora.com/product/creme-riche-velvet-moisturizing-cream-P422848?icid2=products%20grid:p422848,1.7,114.70588235294115
Rosa Centifolia™ No.1 Purity Cleansing Balm,REN Clean Skincare,moisturizing-cream-oils-mists,32.0,"Prunus Amygdalus Dulcis Oil, Cetearyl Ethylhexanoate, Glyceryl Cocoate, Caprylic, Glyceryl Stearate, Glyceryl Dibehenate, Tribehenin, Glyceryl Behenate, Butyrospermum Parkii, Sodium Cocoyl Glutamate, Parfum, Rosa Centifolia Flower Extract, Cymbopogon Martini Oil, Viola Odorata Extract, Anthemis Nobilis Flower Oil, Lecithin, Benzyl Alcohol, Oryzanol, Tocopherol, Citronellol, Geraniol, Eugenol, Linalool",298,9013,0.0,3.3,https://www.sephora.com/product/rosa-centifolia-no-1-purity-cleansing-balm-P306884?icid2=products%20grid:p306884,3.3,9.696969696969695
Botanical Radiance Oil,AMOREPACIFIC,moisturizing-cream-oils-mists,105.0,"Camellia Sinensis Leaf Glycerin, Dipropylene Glycol, Alcohol, Methyl Gluceth20, Butylene Glycol, Peg60 Hydrogenated Castor Oil, 12Hexanediol, Xanthan Gum, Octyldodeceth16, Parfum, Ethylhexylglycerin, Disodium Edta, Brassica Campestris Seed Oil, Camellia Sinensis Seed Oil, Camellia Sinensis Leaf Extract, Caprylyl Glycol, Tocopherol",56,2130,1.0,0.0,https://www.sephora.com/product/botanical-radiance-oil-P429238?icid2=products%20grid:p429238,1.0,105.0
STARPOTION™ Liquid Charcoal Clarifying Oil,GLAMGLOW,moisturizing-cream-oils-mists,54.0,"Camellia Sinensis Leaf Glycerin, Dipropylene Glycol, Alcohol, Methyl Gluceth20, Butylene Glycol, Peg60 Hydrogenated Castor Oil, 12Hexanediol, Xanthan Gum, Octyldodeceth16, Parfum, Ethylhexylglycerin, Disodium Edta, Brassica Campestris Seed Oil, Camellia Sinensis Seed Oil, Camellia Sinensis Leaf Extract, Caprylyl Glycol, Tocopherol",225,8837,1.0,0.0,https://www.sephora.com/product/starpotion-tm-liquid-charcoal-clarifying-oil-P435802?icid2=products%20grid:p435802,1.0,54.0
Plantscription™ Retinol Night Moisturizer,Origins,moisturizing-cream-oils-mists,64.0,"Camellia Sinensis Leaf Glycerin, Dipropylene Glycol, Alcohol, Methyl Gluceth20, Butylene Glycol, Peg60 Hydrogenated Castor Oil, 12Hexanediol, Xanthan Gum, Octyldodeceth16, Parfum, Ethylhexylglycerin, Disodium Edta, Brassica Campestris Seed Oil, Camellia Sinensis Seed Oil, Camellia Sinensis Leaf Extract, Caprylyl Glycol, Tocopherol",13,2726,1.0,0.0,https://www.sephora.com/product/plantscription-retinol-moisturizer-with-alpine-flower-P442745?icid2=products%20grid:p442745,1.0,64.0
Glow Daily Vitamin C Gel Cream,REN Clean Skincare,moisturizing-cream-oils-mists,48.0,"Camellia Sinensis Leaf Glycerin, Dipropylene Glycol, Alcohol, Methyl Gluceth20, Butylene Glycol, Peg60 Hydrogenated Castor Oil, 12Hexanediol, Xanthan Gum, Octyldodeceth16, Parfum, Ethylhexylglycerin, Disodium Edta, Brassica Campestris Seed Oil, Camellia Sinensis Seed Oil, Camellia Sinensis Leaf Extract, Caprylyl Glycol, Tocopherol",31,5034,1.7,0.0,https://www.sephora.com/product/glow-daily-vitamin-c-gel-cream-P441060?icid2=products%20grid:p441060,1.7,28.235294117647058
Peptide K8™ Power Cream,Kate Somerville,moisturizing-cream-oils-mists,150.0,"Camellia Sinensis Leaf Glycerin, Dipropylene Glycol, Alcohol, Methyl Gluceth20, Butylene Glycol, Peg60 Hydrogenated Castor Oil, 12Hexanediol, Xanthan Gum, Octyldodeceth16, Parfum, Ethylhexylglycerin, Disodium Edta, Brassica Campestris Seed Oil, Camellia Sinensis Seed Oil, Camellia Sinensis Leaf Extract, Caprylyl Glycol, Tocopherol",76,4239,1.0,0.0,https://www.sephora.com/product/deep-tissue-repair-cream-with-peptide-k8-P232918?icid2=products%20grid:p232918,1.0,150.0
Pore Refining Solutions Stay-Matte Hydrator,CLINIQUE,moisturizing-cream-oils-mists,39.5,"Dimethicone, Glycerin, Alcohol Denat, Polymethyl Methacrylate, Silica, Talc, Butylene Glycol, Trisiloxane, Hydrogenated Polyisobutene, Hydrogenated Lecithin, Sigesbeckia Orientalis Extract, Triticum Vulgare Germ Extract, Hordeum Vulgare Extract, Laminaria Saccharina Extract, Cholesterol, Glycine Soja Protein, Sucrose, Linoleic Acid, Squalane, Diethylhexyl Succinate, Polyethylene, Acetyl Glucosamine, Polydodecanamideaminium Triazadiphenylethenesulfonate, Ethylene, Phospholipids, Hexylene Glycol, Tocopheryl Acetate, Isopropyl Titanium Triisostearate, Caprylyl Glycol, Polyvinylalcohol Crosspolymer, Sodium Carbomer, Ammonium Acryloyldimethyltaurate, Chlorphenesin, Phenoxyethanol, Mica, Titanium Dioxide",85,6586,1.7,0.0,https://www.sephora.com/product/pore-refining-solutions-stay-matte-hydrator-P374115?icid2=products%20grid:p374115,1.7,23.235294117647058
Resilience Multi-Effect Tri-Peptide Face and Neck Crème,Estée Lauder,moisturizing-cream-oils-mists,95.0,"Dimethicone, Glycerin, Alcohol Denat, Polymethyl Methacrylate, Silica, Talc, Butylene Glycol, Trisiloxane, Hydrogenated Polyisobutene, Hydrogenated Lecithin, Sigesbeckia Orientalis Extract, Triticum Vulgare Germ Extract, Hordeum Vulgare Extract, Laminaria Saccharina Extract, Cholesterol, Glycine Soja Protein, Sucrose, Linoleic Acid, Squalane, Diethylhexyl Succinate, Polyethylene, Acetyl Glucosamine, Polydodecanamideaminium Triazadiphenylethenesulfonate, Ethylene, Phospholipids, Hexylene Glycol, Tocopheryl Acetate, Isopropyl Titanium Triisostearate, Caprylyl Glycol, Polyvinylalcohol Crosspolymer, Sodium Carbomer, Ammonium Acryloyldimethyltaurate, Chlorphenesin, Phenoxyethanol, Mica, Titanium Dioxide",20,5115,1.7,0.0,https://www.sephora.com/product/resilience-lift-firming-sculpting-face-neck-creme-broad-spectrum-spf-15-normal-combination-P380012?icid2=products%20grid:p380012,1.7,55.88235294117647
Repairwear Uplifting Firming Cream,CLINIQUE,moisturizing-cream-oils-mists,66.0,"Neopentyl Glycol Diheptanoate, Jojoba Esters, C1220 Acid Peg8 Ester, Glycerin, Butylene Glycol, Polymethyl Methacrylate, Cetyl Alcohol, Peg100 Stearate, Behenyl Alcohol, Pentylene Glycol, Sigesbeckia Orientalis Extract, Salvia Sclarea Extract, Centella Asiatica Extract, Chlorella Vulgaris Extract, Rosmarinus Officinalis Leaf Extract, Commiphora Mukul Resin Extract, Laminaria Digitata Extract, Whey Protein, Chamomilla Recutita, Caffeine, Micrococcus Lysate, Acetyl Hexapeptide8, Glycine Soja Protein, Ergothioneine, Lecithin, Dimethicone, Glyceryl Stearate, Potassium Cetyl Phosphate, Tocopheryl Acetate, Phytosterols, Caprylyl Glycol, Caprylic, Astrocaryum Murumuru Seed Butter, Acrylates, Xanthan Gum, Trehalose, Sodium Hyaluronate, Tetrahexyldecyl Ascorbate, Carbomer, Sodium Hydroxide, Citric Acid, Disodium Edta, Phenoxyethanol, Titanium Dioxide, Mica",39,1875,0.0,1.7,https://www.sephora.com/product/repairwear-uplifting-firming-cream-P309409?icid2=products%20grid:p309409,1.7,38.82352941176471
Premier Cru Anti-Aging Precious Oil,Caudalie,moisturizing-cream-oils-mists,89.0,"Neopentyl Glycol Diheptanoate, Jojoba Esters, C1220 Acid Peg8 Ester, Glycerin, Butylene Glycol, Polymethyl Methacrylate, Cetyl Alcohol, Peg100 Stearate, Behenyl Alcohol, Pentylene Glycol, Sigesbeckia Orientalis Extract, Salvia Sclarea Extract, Centella Asiatica Extract, Chlorella Vulgaris Extract, Rosmarinus Officinalis Leaf Extract, Commiphora Mukul Resin Extract, Laminaria Digitata Extract, Whey Protein, Chamomilla Recutita, Caffeine, Micrococcus Lysate, Acetyl Hexapeptide8, Glycine Soja Protein, Ergothioneine, Lecithin, Dimethicone, Glyceryl Stearate, Potassium Cetyl Phosphate, Tocopheryl Acetate, Phytosterols, Caprylyl Glycol, Caprylic, Astrocaryum Murumuru Seed Butter, Acrylates, Xanthan Gum, Trehalose, Sodium Hyaluronate, Tetrahexyldecyl Ascorbate, Carbomer, Sodium Hydroxide, Citric Acid, Disodium Edta, Phenoxyethanol, Titanium Dioxide, Mica",36,3376,1.0,0.0,https://www.sephora.com/product/premier-cru-precious-oil-P428106?icid2=products%20grid:p428106,1.0,89.0
Hydrating Essence Toner,Algenist,moisturizing-cream-oils-mists,25.0,"Butylene Glycol, Sodium PCA, Hamamelis Virginiana  Algae Exopolysaccharides, Palmitoyl Oligopeptide, Palmitoyl Tetrapeptide7, Ascorbyl Glucoside, Aloe Barbadensis Leaf Extract, Camellia Oleifera Leaf Extract, Chamomilla Recutita Flower Extract, Cucumis Sativus Fruit Extract, Verbena Officinalis Extract, Tocopheryl Acetate, Glycerin, 12Hexanediol, Caprylyl Glycol, Carbomer, Polysorbate 20, Ethylhexyglycerin, Benzoic Acid, Disodium EDTA, Phenoxyethanol, Fragrance",156,9634,5.0,0.0,https://www.sephora.com/product/hydrating-essence-toner-P386910?icid2=products%20grid:p386910,5.0,5.0
Hydra-Essentiel Rich Cream - Very Dry Skin,Clarins,moisturizing-cream-oils-mists,48.0,"Butylene Glycol, Sodium PCA, Hamamelis Virginiana  Algae Exopolysaccharides, Palmitoyl Oligopeptide, Palmitoyl Tetrapeptide7, Ascorbyl Glucoside, Aloe Barbadensis Leaf Extract, Camellia Oleifera Leaf Extract, Chamomilla Recutita Flower Extract, Cucumis Sativus Fruit Extract, Verbena Officinalis Extract, Tocopheryl Acetate, Glycerin, 12Hexanediol, Caprylyl Glycol, Carbomer, Polysorbate 20, Ethylhexyglycerin, Benzoic Acid, Disodium EDTA, Phenoxyethanol, Fragrance",21,1839,1.8,0.0,https://www.sephora.com/product/hydra-essentiel-rich-cream-very-dry-skin-P415623?icid2=products%20grid:p415623,1.8,26.666666666666664
anti-wrinkle miracle worker night+ line-correcting overnight cream,philosophy,moisturizing-cream-oils-mists,68.0,"Glycerin, Dicaprylyl Carbonate, Hydrogenated Polyisobutene, Octyldodecanol, Cyclopentasiloxane, Cetyl Alcohol, Cetyl Stearate, Hydroxyethyl Acrylate, 3OEthyl Ascorbic Acid, Isostearyl Isostearate, Potassium Cetyl Phosphate, Squalane, Gluconolactone, Glyceryl Stearate, Peg100 Stearate, Magnesium Aluminum Silicate, Bisabolol, Butylene Glycol, Chlorphenesin, Sodium Benzoate, Xanthan Gum, Allantoin, Stearalkonium Hectorite, Dimethicone, Polysorbate 60, Isopropyl Palmitate, Tocopheryl Acetate, Propanediol, Sodium Hydroxide, Parfum, Cyclohexasiloxane, Peg8, Albizia Julibrissin Bark Extract, Ascorbyl Glucoside, Propylene Carbonate, Stearic Acid, Disodium Edta, Lecithin, Tocopherol, Citrus Aurantium Dulcis Fruit Extract, Maltodextrin, Phenoxyethanol, BetaGlucan, Calcium Gluconate, Carbomer, Ascorbyl Palmitate, Polysorbate 20, Saponins, Hyaluronic Acid, Citric Acid, Silanetriol, Swertia Chirata Extract, Limonene, Benzyl Salicylate, Mineral Salts, Sorbic Acid, Benzoic Acid, Anogeissus Leiocarpus Bark Extract, Ascorbic Acid, Dehydroacetic Acid, Farnesol, Ethylhexylglycerin, Palmitoyl Tripeptide1, Palmitoyl Tetrapeptide7",5,671,2.0,0.0,https://www.sephora.com/product/anti-wrinkle-miracle-worker-night-line-correcting-overnight-cream-P440473?icid2=products%20grid:p440473,2.0,34.0
Peony Brightening Night Treatment Mask,Fresh,moisturizing-cream-oils-mists,84.0,"WaterGlycerin, Caprylic, Ethylhexyl Isononanoate, Ascorbyl Glucoside, Pentylene Glycol, Butylene Glycol, Dipalmitoyl Hydroxyproline, Steareth2, Paeonia Suffruticosa Root Extract, Cucumis Sativus Fruit ExtractGlycyrrhiza Glabra Root Extract, Citrus Limon Peel Oil, Adenosine, Sodium Hyaluronate, Tocopheryl Acetate, Tocopherol, Cetyl Alcohol, Stearyl Alcohol, Hydrogenated CocoGlycerides, Steareth21, Polymethylsilsesquioxane, Polyacrylamide, Acrylates, C1314 Isoparaffin, Caprylyl Glycol, Dimethicone, Laureth7, Bht, Limonene, Citral, Phenoxyethanol",140,13750,0.0,3.3,https://www.sephora.com/product/peony-brightening-night-treatment-mask-P385045?icid2=products%20grid:p385045,3.3,25.454545454545453
Beauty Flash Balm,Clarins,moisturizing-cream-oils-mists,48.0,"Propylene Glycol, Octyldodecanol, Oryza Sativa Starch, Glycerin, Polysorbate 60, Sorbitan Stearate, Olea Europaea Leaf Extract, Carbomer, Phenoxyethanol, Bisabolol, Sodium Hydroxide, Parfum, Butylene Glycol, Potassium Sorbate, Sodium Citrate, Hamamelis Virginiana Leaf Extract, Algae Extract, Hexyl Cinnamal, Linalool, Coumarin, Benzyl Salicylate, Hydroxyisohexyl 3Cyclohexene Carboxaldehyde, Butylphenyl Methylpropional, Hydroxycitronellal, Citronellol, Geraniol, AlphaIsomethyl Ionone, Eugenol, Limonene, Isoeugenol, Ci 15985",258,11081,1.7,0.0,https://www.sephora.com/product/beauty-flash-balm-P95044?icid2=products%20grid:p95044,1.7,28.235294117647058
Clearly Corrective™ Brightening and Smoothing Moisture Treatment,Kiehl's Since 1851,moisturizing-cream-oils-mists,60.0,"Propylene Glycol, Octyldodecanol, Oryza Sativa Starch, Glycerin, Polysorbate 60, Sorbitan Stearate, Olea Europaea Leaf Extract, Carbomer, Phenoxyethanol, Bisabolol, Sodium Hydroxide, Parfum, Butylene Glycol, Potassium Sorbate, Sodium Citrate, Hamamelis Virginiana Leaf Extract, Algae Extract, Hexyl Cinnamal, Linalool, Coumarin, Benzyl Salicylate, Hydroxyisohexyl 3Cyclohexene Carboxaldehyde, Butylphenyl Methylpropional, Hydroxycitronellal, Citronellol, Geraniol, AlphaIsomethyl Ionone, Eugenol, Limonene, Isoeugenol, Ci 15985",31,7807,1.7,0.0,https://www.sephora.com/product/clearly-corrective-brightening-smoothing-moisture-treatment-P422486?icid2=products%20grid:p422486,1.7,35.29411764705883
Daily Dew Hydrating Essence Mist,Saturday Skin,moisturizing-cream-oils-mists,34.0,"Propylene Glycol, Octyldodecanol, Oryza Sativa Starch, Glycerin, Polysorbate 60, Sorbitan Stearate, Olea Europaea Leaf Extract, Carbomer, Phenoxyethanol, Bisabolol, Sodium Hydroxide, Parfum, Butylene Glycol, Potassium Sorbate, Sodium Citrate, Hamamelis Virginiana Leaf Extract, Algae Extract, Hexyl Cinnamal, Linalool, Coumarin, Benzyl Salicylate, Hydroxyisohexyl 3Cyclohexene Carboxaldehyde, Butylphenyl Methylpropional, Hydroxycitronellal, Citronellol, Geraniol, AlphaIsomethyl Ionone, Eugenol, Limonene, Isoeugenol, Ci 15985",178,12873,4.39,0.0,https://www.sephora.com/product/daily-dew-hydrating-essence-mist-P423679?icid2=products%20grid:p423679,4.39,7.744874715261959
Rose Hydrating Gel Cream,Fresh,moisturizing-cream-oils-mists,40.0,"Glycerin, Methyl Trimethicone, Dimethicone, Hydroxyethyl Acrylate, Dimethicone, Simmondsia Chinensis Seed Oil, Maris Aqua, Rosa Damascena Flower Aloe Barbadensis Leaf Extract, Cucumis Sativus Fruit Extract, Angelica Keiskei Extract, Porphyridium Cruentum Extract, Rosa Damascena Flower Oil, Faex, Rhodiola Crenulata Root Extract, Sodium Hyaluronate, Tocopheryl Acetate, Glyceryl Oleate Citrate, Butylene Glycol, Caprylic, Polysorbate 60, Sorbitan Isostearate, Sodium Citrate, Tetrasodium Edta, Citric Acid, C1214 Pareth12, Ci 19140, Ci 14700, Ci 15985, Citronellol, Geraniol, Phenoxyethanol",247,13442,1.6,0.0,https://www.sephora.com/product/rose-hydrating-gel-cream-P378335?icid2=products%20grid:p378335,1.6,25.0
Balancing Moisturiser,Omorovicza,moisturizing-cream-oils-mists,140.0,"Hungarian Thermal Glycerin, Cetearyl Ethylhexanoate, Squalane, Corundum, Stearyl Heptanoate, Cetearyl Olivate, Apricot Kernel Oil, Saccharomyces Ferment Extract, Phenoxyethanol, Sorbitan Olivate, Carbomer, Mangifera Indica Pulp Extract, Prunus Domestica Seed Extract, Spondias Mombin Pulp Extract, Fragrance, Xanthan Gum, Disodium EDTA, Pyrus Malus Fruit Extract, Sodium Hydroxide, Malpighia Punicifolia Fruit Extract, Musa Sapientum Pulp Extract, Tocopherol, Ethylhexylglycerin, Mannitol, Phospholipids, Chlorella Vulgaris, Pectin, Yeast Extract, Benzyl Alcohol, Potassium Sorbate, Linalool, Limonene, Geraniol",37,3471,1.7,0.0,https://www.sephora.com/product/balancing-moisturiser-P309208?icid2=products%20grid:p309208,1.7,82.3529411764706
SOS Save.Our.Skin Daily Rescue Facial Spray Mini,Tower 28 Beauty,moisturizing-cream-oils-mists,12.0,"Sodium Chloride, Hypochlorous Acid",15,2296,0.0,1.0,https://www.sephora.com/product/sos-save-our-skin-daily-rescue-facial-spray-mini-P448853?icid2=products%20grid:p448853,1.0,12.0
Hydrating Face Mist,Dr. Barbara Sturm,moisturizing-cream-oils-mists,95.0,"Lactobacillus, Propanediol, Glycerin, Panthenol, Ethylhexylglycerin Phenoxyethanol, Allantoin, Aloe Barbadensis Leaf Extract, Carbomer, Opuntia FicusIndica Stem Extract, Sodium Hyaluronate, Leuconostoc, Bioflavonoids, Brassica Oleracea Italica Extract, Sodium Hydroxide, Pantolactone, Citric Acid",2,707,1.7,0.0,https://www.sephora.com/product/dr-barbara-sturm-hydrating-face-mist-P449602?icid2=products%20grid:p449602,1.7,55.88235294117647
Brumisateur® Natural Mineral Water Facial Spray Travel Duo,Evian,moisturizing-cream-oils-mists,16.0,"Pure, Natural evian® Mineral Water: Propelled by safe nitrogen with a neutral 72 pH",1000,21525,1.7,0.0,https://www.sephora.com/product/mineral-water-spray-duo-to-go-P230538?icid2=products%20grid:p230538,1.7,9.411764705882351
Repairwear Laser Focus Line Smoothing Cream Broad Spectrum SPF 15 for Very Dry to Dry Combination Skin,CLINIQUE,moisturizing-cream-oils-mists,51.0,"Octinoxate 75%, Octisalate 35%, Titanium Dioxide 17% Neopentyl Glycol Diheptanoate, Simmondsia Chinensis Butter, Glycerin, Petrolatum, Octyldodecyl Neopentanoate, DiC1215 Alkyl Fumarate, Dimethicone, Hydrogenated Lecithin, Butylene Glycol, Hydrogenated Polyisobutene, Pentaerythrityl Tetraethylhexanoate, Hexyldecyl Stearate, Polyethylene, Pentylene Glycol, Potato Starch Modified, Citrus Reticulata Peel Extract, Saccharomyces Lysate Extract, Polygonum Cuspidatum Root Extract, Algae Extract, Coffea Robusta Seed Extract, Astrocaryum Murumuru Seed Butter, Padina Pavonica Thallus Extract, Betula Alba Bark Extract, Creatine, Adenosine Phosphate, Laurdimonium Hydroxypropyl Hydrolyzed Soy Protein, Linoleic Acid, Hydrolyzed Rice Extract, Hydroxyproline, Triticum Vulgare Germ Extract, Hordeum Vulgare Extract, Sigesbeckia Orientalis Extract, Coleus Barbatus Extract, Acetyl Hexapeptide8, Sodium Dna, Caffeine, Cholesterol, Ethylhexyl Stearate, Sorbitol, Ethylhexyl Palmitate, Decarboxy Carnosine Hcl, Phytosphingosine, Propylene Glycol Dicaprate, Tocopheryl Acetate, Peg100 Stearate, Disodium Nadh, Caprylyl Glycol, Acrylates Copolymer, C1216 Alcohols, Polysilicone11, Squalane, Palmitic Acid, Trehalose, Glyceryl Stearate, Sodium Rna, Dipalmitoyl Hydroxyproline, Proline, Citric Acid, Potassium Sorbate, Aminopropyl Ascorbyl Phosphate, Behenyl Alcohol, Methicone, Ammonium Acryloyldimethyltaurate, Hexylene Glycol, Xanthan Gum, Sodium Hydroxide, Sodium Hyaluronate, Aluminum Hydroxide, Potassium Sulfate, Glycine, Lecithin, Carbomer, Disodium Edta, Phenoxyethanol",7,1045,1.7,0.0,https://www.sephora.com/product/repairwear-laser-focus-line-smoothing-cream-broad-spectrum-spf-15-for-very-dry-to-dry-combination-skin-P405825?icid2=products%20grid:p405825,1.7,30.0
Illuminating Anti-Aging Moisturizer,Tata Harper,moisturizing-cream-oils-mists,85.0,"Octinoxate 75%, Octisalate 35%, Titanium Dioxide 17% Neopentyl Glycol Diheptanoate, Simmondsia Chinensis Butter, Glycerin, Petrolatum, Octyldodecyl Neopentanoate, DiC1215 Alkyl Fumarate, Dimethicone, Hydrogenated Lecithin, Butylene Glycol, Hydrogenated Polyisobutene, Pentaerythrityl Tetraethylhexanoate, Hexyldecyl Stearate, Polyethylene, Pentylene Glycol, Potato Starch Modified, Citrus Reticulata Peel Extract, Saccharomyces Lysate Extract, Polygonum Cuspidatum Root Extract, Algae Extract, Coffea Robusta Seed Extract, Astrocaryum Murumuru Seed Butter, Padina Pavonica Thallus Extract, Betula Alba Bark Extract, Creatine, Adenosine Phosphate, Laurdimonium Hydroxypropyl Hydrolyzed Soy Protein, Linoleic Acid, Hydrolyzed Rice Extract, Hydroxyproline, Triticum Vulgare Germ Extract, Hordeum Vulgare Extract, Sigesbeckia Orientalis Extract, Coleus Barbatus Extract, Acetyl Hexapeptide8, Sodium Dna, Caffeine, Cholesterol, Ethylhexyl Stearate, Sorbitol, Ethylhexyl Palmitate, Decarboxy Carnosine Hcl, Phytosphingosine, Propylene Glycol Dicaprate, Tocopheryl Acetate, Peg100 Stearate, Disodium Nadh, Caprylyl Glycol, Acrylates Copolymer, C1216 Alcohols, Polysilicone11, Squalane, Palmitic Acid, Trehalose, Glyceryl Stearate, Sodium Rna, Dipalmitoyl Hydroxyproline, Proline, Citric Acid, Potassium Sorbate, Aminopropyl Ascorbyl Phosphate, Behenyl Alcohol, Methicone, Ammonium Acryloyldimethyltaurate, Hexylene Glycol, Xanthan Gum, Sodium Hydroxide, Sodium Hyaluronate, Aluminum Hydroxide, Potassium Sulfate, Glycine, Lecithin, Carbomer, Disodium Edta, Phenoxyethanol",88,3835,1.0,0.0,https://www.sephora.com/product/illuminating-moisturizer-P410727?icid2=products%20grid:p410727,1.0,85.0
Splash Hydrating Setting Mist,Algenist,moisturizing-cream-oils-mists,35.0,"Pentylene Glycol, Parachlorella Beijerinckii Exopolysaccharides, Codium Fragile Extract, Coccoloba Uvifera Fruit Extract, Porphyridium Cruentum Extract, Nannochloropsis Oculata Extract, Enteromorpha Compressa Extract, Pullulan, Sea Water, Citrullus Lanatus Fruit Extract, PEG40 Hydrogenated Castor Oil, Lens Esculenta Fruit Extract, Pyrus Malus Fruit Extract, Magnesium Aspartate, Zinc Gluconate, Copper Gluconate, Adenosine, Sodium Lactate, Biosaccharide Gum4, Butylene Glycol, Sodium PCA, Glycerin, Propanediol, Ethylhexylglycerin, Hexylene Glycol, Caprylyl Glycol, Potassium Sorbate, Sodium Benzoate, Chlorphenesin, Phenoxyethanol, Fragrance",64,8192,4.0,0.0,https://www.sephora.com/product/splash-hydrating-setting-mist-P416103?icid2=products%20grid:p416103,4.0,8.75
Essential Energy Day Cream SPF 20,Shiseido,moisturizing-cream-oils-mists,48.0,"Dipropylene Glycol, Betaine, Butylene Glycol, Glycerin, Behenyl Alcohol, SD Alcohol 40B, Dimethicone, Isododecane, Isohexadecane, Beheneth20, Silica, Myristyl Myristate, Phytosteryl Macadamiate, Erythritol, Xanthan Gum, Tocopheryl Acetate, PEG, PEG, Caffeine, Scutellaria Baicalensis Root Extract, Angelica Keiskei Leaf, Sodium Acetylated Hyaluronate, Camellia Sinensis Leaf Extract, Citrus Unshiu Peel Extract, Zingiber Aromaticus Extract, Hydrolyzed Conchiolin Protein, Polyquaternium51, Pyrola Incarnata Extract, Panax Ginseng Root Extract, PPG17, Stearyl Alcohol, Beheneth30, Alcohol, Disodium EDTA, Carbomer, Cellulose Gum, BHT, Sodium Metaphosphate, Potassium Hydroxide, Sodium Metabisulfite, Tocopherol, HDI, Cinnamomum Cassia Bark Extract, Phenoxyethanol, Fragrance, Iron Oxides",20,2315,1.7,0.0,https://www.sephora.com/product/essential-energy-day-cream-spf-20-P428091?icid2=products%20grid:p428091,1.7,28.235294117647058
Peony Brightening Moisture Face Cream,Fresh,moisturizing-cream-oils-mists,73.0,"Glycerin, Isotridecyl Isononanoate, Hydrogenated Polyisobutene, Pentylene Glycol, Isononyl Isononanoate, Steareth21, Ascorbyl Glucoside, Dimethicone, Tromethamine, Myristyl Myristate, Jojoba Esters, Xanthan Gum, Glycyrrhiza Glabra Root Extract, Butyrospermum Parkii Seedcake Extract, Paeonia Suffruticosa Root Extract, Tocopheryl Acetate, Tocopherol, Behenyl Alcohol, Cetyl Alcohol, Glyceryl Stearate, Stearyl Alcohol, Silica, Polymethylsilsesquioxane, Sodium Polyacrylate, Sodium Citrate, Butylene Glycol, Acrylates, Caprylyl Glycol, Fragrance, Tetrasodium EDTA, Sodium Hyaluronate, Dimethiconol, Citric Acid, BHT, Prolinamidoethyl Imidazole, Diamond Powder, Limonene, Linalool, Citral, Phenoxyethanol",13,2213,1.6,0.0,https://www.sephora.com/product/peony-brightening-moisturizing-face-cream-P409127?icid2=products%20grid:p409127,1.6,45.625
Shea Light Comforting Cream,L'Occitane,moisturizing-cream-oils-mists,29.0,"Dicaprylyl Ether, Butyrospermum Parkii Butter, Octyldodecyl Myristate, Glycerin, Potassium Cetyl Phosphate, Helianthus Annuus Seed Oil, Cetearyl Alcohol, Sodium Stearoyl Glutamate, Xanthan Gum, Hydrogenated Palm Glycerides, Corn Starch Modified, Carbomer, Phenoxyethanol, Chlorophenesin, Tocopherol, Fragrance, Benzyl Alcohol, Benzyl Benzoate, Linalool, Citronellol, Coumarin, Hexyl Cinnamal, Limonene, Geraniol",109,4260,1.7,0.0,https://www.sephora.com/product/shea-light-comforting-cream-P395521?icid2=products%20grid:p395521,1.7,17.058823529411768
Pep-Start HydroBlur Moisturizer,CLINIQUE,moisturizing-cream-oils-mists,30.5,"Glycerin, Sodium Polyacrylate Crosspolymer1, Acetylated Glycol Stearate, Myristyl Myristate, Dimethicone, Dimethicone, Butyrospermum Parkii, Mangifera Indica Seed Butter, Hypnea Musciformis Extract, Vinyl Dimethicone, Gellidiela Acerosa Extract, Sigesbeckia Orientalis Extract, Alcaligenes Polysaccharides, Algae Extract, Laminaria Saccharina Extract, Squalane, Ceramide Np, Beeswax, Acetyl Hexapeptide8, Caffeine, Sodium Hyaluronate, Tocopheryl Acetate, Trehalose, Sodium Stearoyl Glutamate, Butylene Glycol, Caprylyl Glycol, Dimethicone Crosspolymer, Hydrogenated Polyisobutene, Hydrogenated Lecithin, Sodium Polyacrylate Starch, Pentylene Glycol, Laureth9, Laureth23, Silica, Silica Silylate, Disodium Edta, Phenoxyethanol, Sodium Benzoate, Red 4, Yellow 5",573,19820,0.0,1.7,https://www.sephora.com/product/pep-start-hydroblur-moisturizer-P409146?icid2=products%20grid:p409146,1.7,17.941176470588232
Magic Moisture Mist,Omorovicza,moisturizing-cream-oils-mists,95.0,"Glycerin, Sodium Polyacrylate Crosspolymer1, Acetylated Glycol Stearate, Myristyl Myristate, Dimethicone, Dimethicone, Butyrospermum Parkii, Mangifera Indica Seed Butter, Hypnea Musciformis Extract, Vinyl Dimethicone, Gellidiela Acerosa Extract, Sigesbeckia Orientalis Extract, Alcaligenes Polysaccharides, Algae Extract, Laminaria Saccharina Extract, Squalane, Ceramide Np, Beeswax, Acetyl Hexapeptide8, Caffeine, Sodium Hyaluronate, Tocopheryl Acetate, Trehalose, Sodium Stearoyl Glutamate, Butylene Glycol, Caprylyl Glycol, Dimethicone Crosspolymer, Hydrogenated Polyisobutene, Hydrogenated Lecithin, Sodium Polyacrylate Starch, Pentylene Glycol, Laureth9, Laureth23, Silica, Silica Silylate, Disodium Edta, Phenoxyethanol, Sodium Benzoate, Red 4, Yellow 5",6,1023,1.7,0.0,https://www.sephora.com/product/magic-moisture-mist-P431421?icid2=products%20grid:p431421,1.7,55.88235294117647
WASO: Hydrating Gel Beauty Sleeping Mask,Shiseido,moisturizing-cream-oils-mists,38.0,"Glycerin, Sodium Polyacrylate Crosspolymer1, Acetylated Glycol Stearate, Myristyl Myristate, Dimethicone, Dimethicone, Butyrospermum Parkii, Mangifera Indica Seed Butter, Hypnea Musciformis Extract, Vinyl Dimethicone, Gellidiela Acerosa Extract, Sigesbeckia Orientalis Extract, Alcaligenes Polysaccharides, Algae Extract, Laminaria Saccharina Extract, Squalane, Ceramide Np, Beeswax, Acetyl Hexapeptide8, Caffeine, Sodium Hyaluronate, Tocopheryl Acetate, Trehalose, Sodium Stearoyl Glutamate, Butylene Glycol, Caprylyl Glycol, Dimethicone Crosspolymer, Hydrogenated Polyisobutene, Hydrogenated Lecithin, Sodium Polyacrylate Starch, Pentylene Glycol, Laureth9, Laureth23, Silica, Silica Silylate, Disodium Edta, Phenoxyethanol, Sodium Benzoate, Red 4, Yellow 5",17,3136,2.8,0.0,https://www.sephora.com/product/waso-beauty-sleeping-mask-P445460?icid2=products%20grid:p445460,2.8,13.571428571428573
Extra Repair Moisturizing Balm SPF 25,Bobbi Brown,moisturizing-cream-oils-mists,102.0,"Octinoxate 750%, Homosalate 500%, Oxybenzone 300%, Avobenzone 200%Ingredients",24,2603,1.7,0.0,https://www.sephora.com/product/extra-repair-moisturizing-balm-spf-25-P305143?icid2=products%20grid:p305143,1.7,60.0
Skin Soothing Hydrating Lotion,Dermalogica,moisturizing-cream-oils-mists,22.0,Hyaluronic Acid: Binds water to the skin,7,1728,2.0,0.0,https://www.sephora.com/product/skin-soothing-hydrating-lotion-P443368?icid2=products%20grid:p443368,2.0,11.0
Visionnaire Skin Solutions Pure 0.2% Retinol Correcting Night Concentrate,Lancôme,moisturizing-cream-oils-mists,75.0,"Glycerin, Dicaprylyl Ether, Isopropyl Isostearate, Octyldodecanol, Sodium Tetrahydrojasmonate, Cetyl Alcohol, Glycine Soja Oil, Behenyl Alcohol, Dipropylene Glycol, Ci 61570, Tocopherol, Sodium Hyaluronate, SodiumHydroxide, Phenoxyethanol, Adenosine, Peg100Stearate, Chlorphenesin, AmmoniumPolyacryloyldimethyl Taurate, Limonene, Linalool, Caprylyl Glycol, Carbomer, Cetearyl Alcohol, Methyldihydrojasmonate, Retinol, CetearylGlucoside, Citronellol, Bht, Fragrance",213,778,1.0,0.0,https://www.sephora.com/product/visionnaire-skin-solutions-pure-0-2-retinol-correcting-night-concentrate-P440304?icid2=products%20grid:p440304,1.0,75.0
White Lucent Overnight Cream & Mask,Shiseido,moisturizing-cream-oils-mists,105.0,"Dimethicone, Dipropylene Glycol, Glycerin, Sd Alcohol 40B, Hydrogenated Polydecene, Peg10 Dimethicone, Sorbitol, Peg150, Peg400, Diisostearyl Malate, Peg9 Polydimethylsiloxyethyl Dimethicone, Disteardimonium Hectorite, Peg20, Trehalose, Potassium Methoxysalicylate, Phenoxyethanol, Polyvinyl Alcohol, Hydroxyethylcellulose, Butylene Glycol, Trisodium Edta, Hdi, Sodium Citrate, Dipotassium Glycyrrhizate, 2OEthyl Ascorbic Acid, Alcohol, Fragrance, Caffeine, Citric Acid, Sodium Metaphosphate, Peg, Ppg3 Dipivalate, Linalool, Tocopherol, Citronellol, Sodium Metabisulfite, Geraniol, Paeonia Albiflora Root Extract, Silica, Iron Oxides, Angelica Keiskei Leaf, Limonene, Crataegus Monogyna Flower Extract, Rehmannia Chinensis Root Extract, Prunus Yedoensis Leaf Extract, Ziziphus Jujuba Fruit Extract, Pyrola Incarnata Extract, Potentilla Erecta Root Extract, Achillea Millefolium Extract, Benzoic Acid",9,755,2.6,0.0,https://www.sephora.com/product/white-lucent-overnight-cream-mask-P443376?icid2=products%20grid:p443376,2.6,40.38461538461538
Lotus Face Treatment Oil,Clarins,moisturizing-cream-oils-mists,60.0,"Corylus Avellana Seed Oil, Pelargonium Graveolens Flower Oil, Parfum, Rosmarinus Officinalis Leaf Oil, Helianthus Annuus Seed Oil, Anthemis Nobilis Flower Oil, Salvia Sclarea Oil, Belumbium Speciosum Flower Extract, Tocopherol, Citronellol, Linalool, Geraniol, Limonene, Citral, Coumarin, Benzyl Benzoate",126,6338,1.0,0.0,https://www.sephora.com/product/lotus-face-treatment-oil-P379064?icid2=products%20grid:p379064,1.0,60.0
Make A Difference™ Plus + Rejuvenating Moisturizer,Origins,moisturizing-cream-oils-mists,47.5,Essential Oil,101,4649,1.7,0.0,https://www.sephora.com/product/make-a-difference-trade-plus-43-rejuvenating-moisturizer-P376634?icid2=products%20grid:p376634,1.7,27.94117647058824
And Now to Sleep Pillow Spray,REN Clean Skincare,moisturizing-cream-oils-mists,25.0,Essential Oil,87,9571,2.5,0.0,https://www.sephora.com/product/and-now-to-sleep-pillow-spray-P428420?icid2=products%20grid:p428420,2.5,10.0
Dramatically Different Hydrating Jelly Mini,CLINIQUE,moisturizing-cream-oils-mists,5.0,"BisPeg18 Methyl Ether Dimethyl Silane, Butylene Glycol, Glycerin, Cucumis Sativus Fruit Extract, Hypnea Musciformis Extract, Gelidiella Acerosa Extract, Hordeum Vulgare Extract, Padina Pavonica Thallus Extract, Helianthus Annuus Seedcake, Sucrose, Caffeine, Sodium Hyaluronate, Hydroxyethyl Urea, Hydrolyzed Rice Extract, Sorbitol, Sodium Polyaspartate, Ppg6Decyltetradeceth30, Ethylhexylglycerin, Propylene Glycol Dicaprate, Caprylyl Glycol, Trehalose, Polysorbate 80, Carbomer, Sodium Hydroxide, Hexylene Glycol, Citric Acid, Sodium Citrate, Disodium Edta, Phenoxyethanol",18,0,0.0,0.5,https://www.sephora.com/product/dramatically-different-hydrating-jelly-P432828?icid2=products%20grid:p432828,0.5,10.0
Prebiotic 3-in-1 MultiMist,Murad,moisturizing-cream-oils-mists,32.0,"Glycerin, Propanediol, Niacinamide, Hydrolyzed Yeast Protein, Caesalpinia Spinosa Fruit Extract, Kappaphycus Alvarezii Extract, Saccharide Isomerate, Xylitylglucoside, Anhydroxylitol, Xylitol, Zinc Gluconate, Caffeine, Hydroxyethyl Urea, Urea, Yeast Amino Acids, Trehalose, Inositol, Taurine, Betaine, Butylene Glycol, Pentylene Glycol, Caprylhydroxamic Acid, 12Hexanediol, Divinyldimethicone, Acrylates, C1213 Pareth3, C1213 Pareth23, Laureth1 Phosphate, Polysorbate 20, Fragrance",23,2977,3.4,0.0,https://www.sephora.com/product/prebiotic-3-in-1-multimist-P443557?icid2=products%20grid:p443557,3.4,9.411764705882351
WASO: Giga-Hydrating Rich Cream,Shiseido,moisturizing-cream-oils-mists,38.0,"Water, Cetyl Ethylhexanoate, Hydrogenated Polydecene, Butylene Glycol, Dimethicone, Xylitol, Glycerin, Silica, Squalane, Peg60 Glyceryl Isostearate, Alcohol, Stearyl Alcohol, Butyrospermum Parkii Butter, Dipeptide15, Glyceryl Stearate, Erythritol, Behenyl Alcohol, Trehalose, Titanium Dioxide, Isostearic Acid, Phenoxyethanol, Hydrogenated Palm Oil, Mica, Elaeis Guineensis Kernel Oil, Elaeis Guineensis Oil, Chlorphenesin, Fragrance, Glyceryl Diisostearate, Peg, Caffeine, Xanthan Gum, Phytosteryl Macadamiate, Acrylates, Disodium Edta, Sodium Polyacrylate, Tin Oxide, Limonene, Betaine, Phytosteryl, Hexyl Cinnamal, Butylphenyl Methylpropional, Benzyl Benzoate, Linalool, Tocopherol, Paeonia Albiflora Root Extract, Citronellol, Lamium Album Flower, Daucus Carota Sativa Root Protoplasts, Citrus Junos Seed Extract, Potassium Hydroxide, Artemisia Princeps Leaf Extract, Benzoic Acid, Natto Gum, Citric Acid",1,128,1.7,0.0,https://www.sephora.com/product/shiseido-waso-giga-hydrating-rich-cream-P454788?icid2=products%20grid:p454788,1.7,22.35294117647059
C + Collagen Perfect Skin Set & Refresh Mist,Dr. Dennis Gross Skincare,moisturizing-cream-oils-mists,30.0,"Water, Cetyl Ethylhexanoate, Hydrogenated Polydecene, Butylene Glycol, Dimethicone, Xylitol, Glycerin, Silica, Squalane, Peg60 Glyceryl Isostearate, Alcohol, Stearyl Alcohol, Butyrospermum Parkii Butter, Dipeptide15, Glyceryl Stearate, Erythritol, Behenyl Alcohol, Trehalose, Titanium Dioxide, Isostearic Acid, Phenoxyethanol, Hydrogenated Palm Oil, Mica, Elaeis Guineensis Kernel Oil, Elaeis Guineensis Oil, Chlorphenesin, Fragrance, Glyceryl Diisostearate, Peg, Caffeine, Xanthan Gum, Phytosteryl Macadamiate, Acrylates, Disodium Edta, Sodium Polyacrylate, Tin Oxide, Limonene, Betaine, Phytosteryl, Hexyl Cinnamal, Butylphenyl Methylpropional, Benzyl Benzoate, Linalool, Tocopherol, Paeonia Albiflora Root Extract, Citronellol, Lamium Album Flower, Daucus Carota Sativa Root Protoplasts, Citrus Junos Seed Extract, Potassium Hydroxide, Artemisia Princeps Leaf Extract, Benzoic Acid, Natto Gum, Citric Acid",43,6309,3.0,0.0,https://www.sephora.com/product/c-collagen-perfect-skin-set-refresh-mist-P411361?icid2=products%20grid:p411361,3.0,10.0
Crème du Nil Pore-Refining Moisture Veil,LXMI,moisturizing-cream-oils-mists,58.0,Natural,172,4323,0.0,0.0,https://www.sephora.com/product/creme-du-nil-pore-refining-moisture-veil-P411869?icid2=products%20grid:p411869,2.0629276649746324,28.115382320355483
Nutritious Super-Pomegranate Radiant Energy Moisture Crème,Estée Lauder,moisturizing-cream-oils-mists,70.0,Natural,32,5369,0.0,0.0,https://www.sephora.com/product/nutritious-vitality8-radiant-moisture-creme-P392892?icid2=products%20grid:p392892,2.0629276649746324,33.93235797284282
Powerful Wrinkle Reducing Cream Sunscreen Broad Spectrum SPF 30,Kiehl's Since 1851,moisturizing-cream-oils-mists,76.0,"WaterGlycerin, Cetearyl Alcohol, Isohexadecane, Glyceryl Stearate, Cyclohexasiloxane, Isononyl Isononanoate, Shea Butter, Peg100 Stearate, Ceteareth20, Phenoxyethanol, Butylene Glycol, Ammonium Polyacryloyldimethyl Taurate, Caprylyl Glycol, Tocopherol, Chlorphenesin, Xanthan Gum, Disodium Edta, PAnisic Acid, Calcium Pca, Adenosine, Copper Pca, Alteromonas Ferment Extract, Corallina Officinalis Extract, Citric Acid, Sodium Hydroxide",9,1582,0.0,2.5,https://www.sephora.com/product/powerful-wrinkle-reducing-cream-sunscreen-broad-spectrum-spf-30-P422265?icid2=products%20grid:p422265,2.5,30.4
Rose O12 Moisture Defence Oil,REN Clean Skincare,moisturizing-cream-oils-mists,80.0,"WaterGlycerin, Cetearyl Alcohol, Isohexadecane, Glyceryl Stearate, Cyclohexasiloxane, Isononyl Isononanoate, Shea Butter, Peg100 Stearate, Ceteareth20, Phenoxyethanol, Butylene Glycol, Ammonium Polyacryloyldimethyl Taurate, Caprylyl Glycol, Tocopherol, Chlorphenesin, Xanthan Gum, Disodium Edta, PAnisic Acid, Calcium Pca, Adenosine, Copper Pca, Alteromonas Ferment Extract, Corallina Officinalis Extract, Citric Acid, Sodium Hydroxide",98,2449,1.02,0.0,https://www.sephora.com/product/rose-o12-moisture-defence-oil-P228404?icid2=products%20grid:p228404,1.02,78.43137254901961
B-PERKY Lift & Firm Breast Mask,MAELYS Cosmetics,moisturizing-cream-oils-mists,39.0,"Water, Isopropyl Myristate, Glycerin, C1215 Alkyl Benzoate, Cetyl Alcohol, Steareth2, Cetearyl Ethylhexanoate, Ethoxydiglycol, Kaolin, Panthenol, Steareth21, Ethylhexyl Methoxycinnamate, Propylene Glycol, Phenoxyethanol, Palmitoyl Isoleucine, Fragrance, Dimethicone, Polyacrylate Crosspolymer6, Glyceryl Caprylate, Allantoin, Chlorphenesin, Zinc Oxide, Tocopheryl Acetate, Simmondsia Chinensis Seed Oil, Butyrospermum Parkii Butter, Hydrogenated Coconut Oil, Disodium Edta, Caprylyl Glycol, Sodium Hyaluronate, Linalool, Benzyl Salicylate, Kigelia Africana Fruit Extract, Limonene, Geraniol, AlphaIsomethyl Ionone, Fd&amp, C Yellow No6, Acid Yellow 3",9,975,3.38,0.0,https://www.sephora.com/product/b-perky-lift-firm-breast-mask-P448714?icid2=products%20grid:p448714,3.38,11.538461538461537
Rosehip Omega Face Oil,boscia,moisturizing-cream-oils-mists,42.0,"Persea Gratissima Oil, Cetyl Ethylhexanoate, Disiloxane, Rosa Canina Fruit Oil, Pyrus Malus Seed Oil, Rose Flower Oil, Rosa Damascena Flower Oil, Citrus Aurantium Dulcis Peel Oil, Simmondsia Chinensis Seed Oil, Camellia Oleifera Seed Oil, Nigella Sativa Seed Oil, Punica Granatum Seed Oil, Moringa Oleifera Seed Oil, Melia Azadirachta Leaf Extract, Eclipta Prostrata Extract, Bisabolol, Caprylic, Dimer Dilinoleyl Dimer Dilinoleate, Glyceryl Caprylate, Pentaerythrityl TetraDiTButyl Hydroxyhydrocinnamate, Tetrahexyldecyl Ascorbate, Tocopherol",24,2845,0.95,0.0,https://www.sephora.com/product/rosehip-omega-face-oil-P440323?icid2=products%20grid:p440323,0.95,44.21052631578947
Pure Argan Oil,Moroccanoil,moisturizing-cream-oils-mists,52.0,Argania Spinosa Kernel Oil,19,5908,1.7,0.0,https://www.sephora.com/product/pure-argan-oil-P412114?icid2=products%20grid:p412114,1.7,30.588235294117645
Illuminating Moisturiser,Omorovicza,moisturizing-cream-oils-mists,150.0,"Hungarian Thermal Glycerin, Cetearyl Ethylhexanoate, Simmondsia Chinensis Seed Oil, Squalane, Caprylic, Cetearyl Olivate, Stearyl Heptanoate, Butyrospermum Parkii, Corundum, Sorbitan Olivate, Cetearyl Alcohol, Saccharomyces Ferment Extract, Mannitol, Phenoxyethanol, Malpighia Punicifolia Fruit Extract, Prunus Armeniaca Kernel Oil, Prunus Domestica Seed Extract, Pyrus Malus Fruit Extract, Fragrance, Tocopherol, Xanthan Gum, Ethylhexylglycerin, Linalool, Phospholipids, Yeast Extract, Chlorella Vulgaris, Pectin, Limonene, Geraniol",21,1279,1.7,0.0,https://www.sephora.com/product/illuminating-moisturiser-P309209?icid2=products%20grid:p309209,1.7,88.23529411764706
Rosa Arctica Lightweight Cream,Kiehl's Since 1851,moisturizing-cream-oils-mists,60.0,"Hungarian Thermal Glycerin, Cetearyl Ethylhexanoate, Simmondsia Chinensis Seed Oil, Squalane, Caprylic, Cetearyl Olivate, Stearyl Heptanoate, Butyrospermum Parkii, Corundum, Sorbitan Olivate, Cetearyl Alcohol, Saccharomyces Ferment Extract, Mannitol, Phenoxyethanol, Malpighia Punicifolia Fruit Extract, Prunus Armeniaca Kernel Oil, Prunus Domestica Seed Extract, Pyrus Malus Fruit Extract, Fragrance, Tocopherol, Xanthan Gum, Ethylhexylglycerin, Linalool, Phospholipids, Yeast Extract, Chlorella Vulgaris, Pectin, Limonene, Geraniol",3,819,1.7,0.0,https://www.sephora.com/product/kiehls-rosa-arctica-lightweight-cream-P452917?icid2=products%20grid:p452917,1.7,35.29411764705883
Crystal Luminizer,KORA Organics,moisturizing-cream-oils-mists,28.0,"Hungarian Thermal Glycerin, Cetearyl Ethylhexanoate, Simmondsia Chinensis Seed Oil, Squalane, Caprylic, Cetearyl Olivate, Stearyl Heptanoate, Butyrospermum Parkii, Corundum, Sorbitan Olivate, Cetearyl Alcohol, Saccharomyces Ferment Extract, Mannitol, Phenoxyethanol, Malpighia Punicifolia Fruit Extract, Prunus Armeniaca Kernel Oil, Prunus Domestica Seed Extract, Pyrus Malus Fruit Extract, Fragrance, Tocopherol, Xanthan Gum, Ethylhexylglycerin, Linalool, Phospholipids, Yeast Extract, Chlorella Vulgaris, Pectin, Limonene, Geraniol",48,9398,0.0,0.0,https://www.sephora.com/product/rose-quartz-luminizer-P427727?icid2=products%20grid:p427727,2.0629276649746324,13.57294318913713
Brumisateur® Natural Mineral Water Facial Spray Travel Trio,Evian,moisturizing-cream-oils-mists,22.5,"Pure, Natural evian® Mineral Water: Propelled by safe nitrogen with a neutral 72 ph",79,7147,1.7,0.0,https://www.sephora.com/product/travel-trio-P2046?icid2=products%20grid:p2046,1.7,13.235294117647062
Sports BB SPF 50+,Shiseido,moisturizing-cream-oils-mists,38.0,"Purpose Octinoxate 49%, Titanium Dioxide 150%, Silica, BisPeg18 Methyl Ether Dimethyl Silane, Isododecane, Trimethylsiloxysilicate, Sd Alcohol 40B, Trimethylsiloxysilicate, Isopropyl Myristate, Aluminum Hydroxide, Peg9 Polydimethylsiloxyethyl Dimethicone, Stearic Acid, Isostearic Acid, Dextrin Palmitate, Disteardimonium Hectorite, BisButyldimethicone Polyglyceryl3, Lauroyl Lysine, Peg, Pca Dimethicone, Phytosteryl, Phytosteryl Macadamiate, Lecithin, Glycyrrhiza Glabra Root Extract, Sucrose Tetrastearate Triacetate, Polymethylsilsesquioxane, Talc, Methyl Methacrylate Crosspolymer, Alumina, Polysilicone2, Triethoxycaprylylsilane, Hydrogen Dimethicone, Tocopherol, Bht, Ethylparaben, Fragrance, Titanium Dioxide, Iron Oxides, Mica",21,3225,1.0,0.0,https://www.sephora.com/product/sports-bb-spf-50-P442732?icid2=products%20grid:p442732,1.0,38.0
Even Better Skin Tone Correcting Lotion Broad Spectrum SPF 20,CLINIQUE,moisturizing-cream-oils-mists,50.0,"Purpose Octinoxate 49%, Titanium Dioxide 150%, Silica, BisPeg18 Methyl Ether Dimethyl Silane, Isododecane, Trimethylsiloxysilicate, Sd Alcohol 40B, Trimethylsiloxysilicate, Isopropyl Myristate, Aluminum Hydroxide, Peg9 Polydimethylsiloxyethyl Dimethicone, Stearic Acid, Isostearic Acid, Dextrin Palmitate, Disteardimonium Hectorite, BisButyldimethicone Polyglyceryl3, Lauroyl Lysine, Peg, Pca Dimethicone, Phytosteryl, Phytosteryl Macadamiate, Lecithin, Glycyrrhiza Glabra Root Extract, Sucrose Tetrastearate Triacetate, Polymethylsilsesquioxane, Talc, Methyl Methacrylate Crosspolymer, Alumina, Polysilicone2, Triethoxycaprylylsilane, Hydrogen Dimethicone, Tocopherol, Bht, Ethylparaben, Fragrance, Titanium Dioxide, Iron Oxides, Mica",56,3557,1.7,0.0,https://www.sephora.com/product/even-better-skin-tone-correcting-lotion-broad-spectrum-spf-20-P309226?icid2=products%20grid:p309226,1.7,29.411764705882355
Take a Deep Breath Oil-Free Oxygenating Gel Cream,philosophy,moisturizing-cream-oils-mists,37.0,"BisPeg18 Methyl Ether Dimethyl Silane, Cyclopentasiloxane, Caprylic, Glycerin, Isododecane, Cyclohexasiloxane, Butylene Glycol, Polyacrylamide, Pentylene Glycol, Phenoxyethanol, Dimethicone, Octyldodecyl Neopentanoate, C1314 Isoparaffin, Hydrogenated Lecithin, Cetyl Alcohol, Methyl Gluceth20, Polysorbate 80, Bisabolol, Hydrolyzed Soy Protein, Ammonium Acryloyldimethyltaurate, Carbomer, Caffeine, Tocopheryl Acetate, Laureth7, Parfum, Sodium Hydroxide, Disodium Edta, Adenosine, Faex, Ectoin, OCymen5Ol, Benzyl Salicylate, Limonene, Glucosyl Hesperidin, Lecithin, Alcohol, Alteromonas Ferment Extract, Hordeum Vulgare, Bht, Camellia Sinensis Leaf Extract, Coffea Arabica Seed Extract, Ethylhexylglycerin, Pongamia Pinnata Seed Extract, Citronellol, Citral, Angelica Archangelica Root Extract, Citrus Aurantium Amara Peel Extract, Maltodextrin, Rosmarinus Officinalis Leaf Extract, Magnesium Aluminum Silicate, Xanthan Gum, Peg8, Sorbic Acid, Farnesol, Caprylyl Glycol, Citric Acid, Sclerotium Gum, Tocopherol, Ascorbyl Palmitate, Ascorbic Acid, Fd&amp, C Yellow No 5, Fd&amp, C Blue No 1",143,5296,0.0,2.0,https://www.sephora.com/product/take-deep-breath-oil-free-oxygenating-gel-cream-P406758?icid2=products%20grid:p406758,2.0,18.5
Smart Night Custom-Repair Moisturizer -Combination Oily to Oily,CLINIQUE,moisturizing-cream-oils-mists,58.0,"Dimethicone, Isohexadecane, Glycerin, Butylene Glycol, BisPeg18 Methyl Ether Dimethyl Silane, Peg10 Dimethicone, Pentylene Glycol, Disteardimonium Hectorite, Laminaria Saccharina Extract, Tamarindus Indica Seed Extract, Biotin, Ergothioneine, Centaurium Erythraea Extract, Sigesbeckia Orientalis Extract, Caffeine, Whey Protein, Glycine Soja Protein, Hydrolyzed Soy Protein, Algae Extract, Saccharomyces Ferment Filtrate, Acetyl Hexapeptide8, Micrococcus Lysate, Ethylhexylglycerin, Lecithin, Yeast Extract, Soy Amino Acids, Camellia Sinensis Leaf Extract, Astrocaryum Murumuru Seed Butter, Tocopheryl Acetate, Acetyl Glucosamine, Polysilicone11, Propylene Carbonate, Isododecane, Sodium Hyaluronate, Sodium Benzoate, Citric Acid, Polyethylene, Aminopropyl Ascorbyl Phosphate, Hydroxyethylcellulose, Sodium Citrate, Disodium Edta, Phenoxyethanol",15,1669,1.7,0.0,https://www.sephora.com/product/smart-night-custom-repair-moisturizer-combination-oily-to-oily-P404016?icid2=products%20grid:p404016,1.7,34.117647058823536
RetAsphere™ 2-in-1 Retinol Night Cream ,Kate Somerville,moisturizing-cream-oils-mists,85.0,"Dimethicone, Isohexadecane, Glycerin, Butylene Glycol, BisPeg18 Methyl Ether Dimethyl Silane, Peg10 Dimethicone, Pentylene Glycol, Disteardimonium Hectorite, Laminaria Saccharina Extract, Tamarindus Indica Seed Extract, Biotin, Ergothioneine, Centaurium Erythraea Extract, Sigesbeckia Orientalis Extract, Caffeine, Whey Protein, Glycine Soja Protein, Hydrolyzed Soy Protein, Algae Extract, Saccharomyces Ferment Filtrate, Acetyl Hexapeptide8, Micrococcus Lysate, Ethylhexylglycerin, Lecithin, Yeast Extract, Soy Amino Acids, Camellia Sinensis Leaf Extract, Astrocaryum Murumuru Seed Butter, Tocopheryl Acetate, Acetyl Glucosamine, Polysilicone11, Propylene Carbonate, Isododecane, Sodium Hyaluronate, Sodium Benzoate, Citric Acid, Polyethylene, Aminopropyl Ascorbyl Phosphate, Hydroxyethylcellulose, Sodium Citrate, Disodium Edta, Phenoxyethanol",168,12356,1.0,0.0,https://www.sephora.com/product/retasphere-2-in-1-retinol-night-cream-P377369?icid2=products%20grid:p377369,1.0,85.0
Glow Ahead Illuminating Face Oil,Wander Beauty,moisturizing-cream-oils-mists,42.0,"Dimethicone, Isohexadecane, Glycerin, Butylene Glycol, BisPeg18 Methyl Ether Dimethyl Silane, Peg10 Dimethicone, Pentylene Glycol, Disteardimonium Hectorite, Laminaria Saccharina Extract, Tamarindus Indica Seed Extract, Biotin, Ergothioneine, Centaurium Erythraea Extract, Sigesbeckia Orientalis Extract, Caffeine, Whey Protein, Glycine Soja Protein, Hydrolyzed Soy Protein, Algae Extract, Saccharomyces Ferment Filtrate, Acetyl Hexapeptide8, Micrococcus Lysate, Ethylhexylglycerin, Lecithin, Yeast Extract, Soy Amino Acids, Camellia Sinensis Leaf Extract, Astrocaryum Murumuru Seed Butter, Tocopheryl Acetate, Acetyl Glucosamine, Polysilicone11, Propylene Carbonate, Isododecane, Sodium Hyaluronate, Sodium Benzoate, Citric Acid, Polyethylene, Aminopropyl Ascorbyl Phosphate, Hydroxyethylcellulose, Sodium Citrate, Disodium Edta, Phenoxyethanol",55,1368,0.84,0.0,https://www.sephora.com/product/glow-ahead-illuminating-face-oil-P448150?icid2=products%20grid:p448150,0.84,50.0
Plantscription™ Powerful Lifting Cream,Origins,moisturizing-cream-oils-mists,65.0,Essential Oil,18,2208,1.7,0.0,https://www.sephora.com/product/plantscription-tm-powerful-lifting-cream-P384965?icid2=products%20grid:p384965,1.7,38.23529411764706
Cosmic Cream™ Collagen Protecting Moisturizer,Moon Juice,moisturizing-cream-oils-mists,58.0,Essential Oil,5,1775,1.7,0.0,https://www.sephora.com/product/moon-juice-cosmic-cream-collagen-protecting-moisturizer-P454090?icid2=products%20grid:p454090,1.7,34.117647058823536
Water Bank Dual Layer Face Oil,LANEIGE,moisturizing-cream-oils-mists,38.0,"Caprylic, Squalane, Vitis Vinifera Seed Oil, Decyl Cocoate, Dicaprylyl Carbonate, Triethylhexanoin, Glycerin, Passiflora Incarnata Seed Oil, Macadamia Ternifolia Seed Oil, Chenopodium Quinoa Seed Extract, Magnesium Sulfate, Zinc Sulfate, Manganese Sulfate, Tocopherol, Calcium Chloride, Sodium Chloride, Alcohol, Xanthan Gum, Ascorbyl Glucoside, Disodium Edta, Phenoxyethanol, Ethylhexylglycerin, Fragrance",21,3904,1.6,0.0,https://www.sephora.com/product/water-bank-dual-layer-face-oil-P436919?icid2=products%20grid:p436919,1.6,23.75
NightWear Plus Anti-Oxidant Night Detox Creme,Estée Lauder,moisturizing-cream-oils-mists,56.0,"Caprylic, Squalane, Vitis Vinifera Seed Oil, Decyl Cocoate, Dicaprylyl Carbonate, Triethylhexanoin, Glycerin, Passiflora Incarnata Seed Oil, Macadamia Ternifolia Seed Oil, Chenopodium Quinoa Seed Extract, Magnesium Sulfate, Zinc Sulfate, Manganese Sulfate, Tocopherol, Calcium Chloride, Sodium Chloride, Alcohol, Xanthan Gum, Ascorbyl Glucoside, Disodium Edta, Phenoxyethanol, Ethylhexylglycerin, Fragrance",40,5943,1.7,0.0,https://www.sephora.com/product/nightwear-plus-anti-oxidant-night-detox-creme-P399934?icid2=products%20grid:p399934,1.7,32.94117647058824
Aqua Reotier Ultra Thirst-Quenching Cream Moisturizer,L'Occitane,moisturizing-cream-oils-mists,29.0,"Octyldodecanol, Glycerin, Propanediol, Cococaprylate, Corn Starch Modified, Hydroxyethyl Acrylate, Helianthus Annuus Seed Oil, Sodium Hyaluronate, Arachidyl Alcohol, Behenyl Alcohol, Xylitylglucoside, Anhydroxylitol, Arachidyl Glucoside, Ethylhexylglycerin, Xylitol, Disodium EDTA, Xanthan Gum, Sorbitan Isostearate, Polysorbate 60, Sodium Hydroxide, Citric Acid, Tocopherol, Phenoxyethanol, Sodium Benzoate, Fragrance, Linalool, Hexyl Cinnamal, Citronellol, Geraniol, Citral, CI 42090",11,1044,1.7,0.0,https://www.sephora.com/product/aqua-reotier-ultra-thirst-quenching-cream-moisturizer-P429938?icid2=products%20grid:p429938,1.7,17.058823529411768
Immortelle Precious Cream,L'Occitane,moisturizing-cream-oils-mists,65.0,"Aqua, Cetearyl Alcohol, Dicaprylyl Ether, Cetyl Alcohol, Cetyl Palmitate, Butyrospermum Parkii Butter, Dimethicone, Octyldodecyl Myristate, Myristyl Alcohol, Corn Starch Modified, Methylpropanediol, Helichrysum Italicum Flower Oil, Helichrysum Italicum Extract, Oenothera Biennis Oil, Borago Officinalis Seed Oil, Helianthus Annuus Seed Oil, Hyaluronic Acid, Adenosine, Cetearyl Glucoside, Myristyl Glucoside, Carbomer, Ethylhexylglycerin, Xanthan Gum, Sucrose Palmitate, Sodium Hydroxide, Glyceryl Linoleate, Silanetriol, Tocopherol, Citric Acid, Phenoxyethanol, Sodium Benzoate, Potassium Sorbate, Parfum, Hexyl Cinnamal, Benzyl Salicylate, Alpha, Isomethyl Ionone, Linalool, Citral, Limonene",0,218,1.7,0.0,https://www.sephora.com/product/immortelle-precious-cream-P451994?icid2=products%20grid:p451994,1.7,38.23529411764706
Crème Ancienne® Soft Cream,Fresh,moisturizing-cream-oils-mists,296.0,"Aqua, Cetearyl Alcohol, Dicaprylyl Ether, Cetyl Alcohol, Cetyl Palmitate, Butyrospermum Parkii Butter, Dimethicone, Octyldodecyl Myristate, Myristyl Alcohol, Corn Starch Modified, Methylpropanediol, Helichrysum Italicum Flower Oil, Helichrysum Italicum Extract, Oenothera Biennis Oil, Borago Officinalis Seed Oil, Helianthus Annuus Seed Oil, Hyaluronic Acid, Adenosine, Cetearyl Glucoside, Myristyl Glucoside, Carbomer, Ethylhexylglycerin, Xanthan Gum, Sucrose Palmitate, Sodium Hydroxide, Glyceryl Linoleate, Silanetriol, Tocopherol, Citric Acid, Phenoxyethanol, Sodium Benzoate, Potassium Sorbate, Parfum, Hexyl Cinnamal, Benzyl Salicylate, Alpha, Isomethyl Ionone, Linalool, Citral, Limonene",38,4805,0.0,3.3,https://www.sephora.com/product/creme-ancienne-soft-cream-P387948?skuId=1630011&icid2=products%20grid:p387948,3.3,89.6969696969697
Mini Youthquake Hydra-full Retexturizing Gel Crème Moisturizer,Marc Jacobs Beauty,moisturizing-cream-oils-mists,21.0,"Ananas Sativus Fruit  Glycerin, Propanediol, Dipropylene Glycol, Dimethicone, Caprylic, Hydrogenated Polydecene, C1422 Alcohols, 12Hexanediol, Hydrogenated Polyisobutene, Glyceryl Stearate, Butylene Glycol, Dimethicone, Sodium Acrylate, C1220 Alkyl Glucoside, Phenoxyethanol, Peg100 Stearate, Isohexadecane, Acrylates, Ammonium Acryloyldimethyltaurate, Dimethiconol, Opuntia Coccinellifera Flower Extract, Xanthan Gum, Tocopheryl Acetate, Potassium Hydroxide, Polysorbate 80, Ethylhexylglycerin, Hydrogenated Lecithin, Mica, Fragrance, Sorbitan Oleate, Sodium Hyaluronate, Glucose, Selenicereus Megalanthus Fruit Extract, Bromelain, Averrhoa Carambola Fruit Extract, Tin Oxide, Titanium Dioxide, Yellow 5",28,4497,0.0,0.5,https://www.sephora.com/product/mini-youthquake-hydra-full-retexturizing-gel-creme-moisturizer-P447357?icid2=products%20grid:p447357,0.5,42.0
Crème Ancienne® Infusion Toner,Fresh,moisturizing-cream-oils-mists,92.0,"Ananas Sativus Fruit  Glycerin, Propanediol, Dipropylene Glycol, Dimethicone, Caprylic, Hydrogenated Polydecene, C1422 Alcohols, 12Hexanediol, Hydrogenated Polyisobutene, Glyceryl Stearate, Butylene Glycol, Dimethicone, Sodium Acrylate, C1220 Alkyl Glucoside, Phenoxyethanol, Peg100 Stearate, Isohexadecane, Acrylates, Ammonium Acryloyldimethyltaurate, Dimethiconol, Opuntia Coccinellifera Flower Extract, Xanthan Gum, Tocopheryl Acetate, Potassium Hydroxide, Polysorbate 80, Ethylhexylglycerin, Hydrogenated Lecithin, Mica, Fragrance, Sorbitan Oleate, Sodium Hyaluronate, Glucose, Selenicereus Megalanthus Fruit Extract, Bromelain, Averrhoa Carambola Fruit Extract, Tin Oxide, Titanium Dioxide, Yellow 5",9,2148,4.0,0.0,https://www.sephora.com/product/creme-ancienne-r-infusion-toner-P392618?icid2=products%20grid:p392618,4.0,23.0
Renewed Hope in a Jar Skin Tint,philosophy,moisturizing-cream-oils-mists,39.0,"Cyclopentasiloxane, Dimethicone, Butylene Glycol, Diphenylsiloxy Phenyl Trimethicone, Glycerin, Dimethicone, Peg9 Polydimethylsiloxyethyl Dimethicone, Acrylates, Mica, Phenoxyethanol, Magnesium Sulfate, Silica, Dimethicone, Hydroxyethylcellulose, Saccharomyces Lysate Extract, Lauroyl Lysine, Chlorphenesin, Disodium Edta, Propanediol, Aluminum Dimyristate, Triethoxycaprylylsilane, Enantia Chlorantha Bark Extract, Disodium Stearoyl Glutamate, Dipropylene Glycol, Sodium Nitrate, Evodia Rutaecarpa Fruit Extract, Tocopherol, Bht, Oleanolic Acid, ",168,10074,1.0,0.0,https://www.sephora.com/product/renewed-hope-in-jar-skin-tint-P417009?icid2=products%20grid:p417009,1.0,39.0
Future Solution LX Concentrated Balancing Softener,Shiseido,moisturizing-cream-oils-mists,107.0,"Dipropylene Glycol, Betaine, Glycerin, Dimethicone, Sd Alcohol 40B, Cetyl Ethylhexanoate, Peg20, Potassium Methoxysalicylate, Sodium Acrylate, Phenoxyethanol, Isohexadecane, Carbomer, Peg60 Glyceryl Isostearate, Isostearic Acid, Butylene Glycol, Potassium Hydroxide, Polysorbate 80, Erythritol, Peg, Piperidinepropionic Acid, Peg10 Dimethicone, Lauryl Betaine, Fragrance, Acrylates, Tocopheryl Acetate, 2OEthyl Ascorbic Acid, Sorbitan Oleate, Trisodium Edta, Xanthan Gum, Sodium Metaphosphate, Alcohol, Linalool, Butylphenyl Methylpropional, Limonene, Sodium Metabisulfite, AlphaIsomethyl Ionone, Prunus Speciosa Leaf Extract, Citronellol, Geraniol, Benzyl Benzoate, Angelica Acutiloba Root Extract, Isodonis Japonicus Leaf, Camellia Sinensis Leaf Extract, Iron Oxides, Iron Oxides, Sodium Benzoate, Tocopherol",8,1717,5.7,0.0,https://www.sephora.com/product/future-solution-lx-concentrated-balancing-softener-P423163?icid2=products%20grid:p423163,5.7,18.771929824561404
& Sleeping Beauty Purifying Mousse - Pink Clay Sleep Mask,Edible Beauty,moisturizing-cream-oils-mists,43.0,"Helianthus Annuus Seed Oil, Glycerin, Cocos Nucifera Oil, Stearyl Alcohol, Kaolin, Cetearyl Olivate, Euphorbia Cerifera Cera, Sorbitan Olivate, Zeolite, Cetyl Alcohol, Glycerol Formal, Citrullus Lanatus Seed Oil, Butyl Avocadate, Sodium Levulinate, Quartz, Glyceryl Caprylate, Sodium Anisate, Passiflora Edulis Seed Oil, Euterpe Oleracea Fruit Oil, Rose Damascena Flower Oil, Acacia Senegal Gum, Xanthum Gum, Tocopherol, Farnesol, Citronellol, Geraniol, Eugenol, Linalool, Limonene, Citral, Iron Oxide",59,1834,1.7,0.0,https://www.sephora.com/product/sleeping-beauty-purifying-mousse-pink-clay-sleep-mask-P447408?icid2=products%20grid:p447408,1.7,25.294117647058826
Snow Mushroom Hydrating Gel Moisturizer,The INKEY List,moisturizing-cream-oils-mists,9.99,"Butylene Glycol, Glycerin, Sodium Acrylates Copolymer, Phenoxyethanol, Sodium Caproyl Prolinate, Lecithin, Tremella Fuciformis Extract, Carbomer, Madecassoside, Sodium Hydroxide, Ethylhexylglycerin, Glyceryl Polyacrylate, Trisodium Ethylenediamine Disuccinate",71,1727,1.0,0.0,https://www.sephora.com/product/snow-mushroom-moisturizer-P448535?icid2=products%20grid:p448535,1.0,9.99
Iris Extract Activating Treatment Essence,Kiehl's Since 1851,moisturizing-cream-oils-mists,45.0,"Butylene Glycol, Glycerin, Dipropylene Glycol, Alcohol Denat, Methyl Gluceth10, Phenoxyethanol, PPG6decyltetradeceth30, Chlorphenesin, Fragrance, Capryloyl Salicylic Acid, Tetrasodium EDTA, Iris Florentina, Sodium Hyaluronate, Xanthan Gum, Citric Acid, Sodium Citrate, Adenosine, Limonene",23,5931,6.8,0.0,https://www.sephora.com/product/iris-extract-activating-treatment-essence-P431734?icid2=products%20grid:p431734,6.8,6.617647058823531
Bio-Performance LiftDynamic Cream,Shiseido,moisturizing-cream-oils-mists,120.0,"Glycerin, Tricaprylin, Butylene Glycol, Dimethicone, Cetyl Alcohol, Glyceryl Stearate Se, Peg100 Stearate, Myristyl Myristate, Erythritol, Peg, Microcrystalline Wax, Hydrogenated Polydecene, Behenyl Alcohol, Dimethylacrylamide, Stearyl Alcohol, Phenoxyethanol, Hydrogenated Polyisobutene, Phytosteryl Macadamiate, Talc, Methylparaben, Ethylparaben, Silica, Alumina, Disodium Edta, Sorbitan Tristearate, Tocopheryl Acetate, Caffeine, Sodium Citrate, Titanium Dioxide, Fragrance, Citric Acid, Limonene, Sodium Metabisulfite, Sodium Metaphosphate, Inositol, Hexyl Cinnamal, Iron Oxides, Benzyl Benzoate, Butylphenyl Methylpropional, Alcohol, Linalool, Sodium Acetylated Hyaluronate, AlphaIsomethyl Ionone, Thymus Serpillum Extract, Iron Oxides, Saccharomyces Ferment Lysate Filtrate, Citronellol, Geraniol, Panax Ginseng Root Extract, Rosmarinus Officinalis Leaf Extract, Tocopherol, Bupleurum Falcatum Root Extract",5,1714,0.0,1.7,https://www.sephora.com/product/bio-performance-liftdynamic-cream-P410758?icid2=products%20grid:p410758,1.7,70.58823529411767
Day Rescue Defense Lotion SPF 35,Lab Series For Men,moisturizing-cream-oils-mists,35.0,"Homosalate, Ethylhexyl Salicylate, Butyloctyl Salicylate, Octocrylene, Butyl Methoxydibenzoylmethane, Nylon12, Octyldodecyl Neopentanoate, Behenyl Alcohol, Dimethicone, Glycerin, Myristyl Myristate, Cetyl Esters, Polyethylene, Butylene Glycol, Glyceryl Stearate, Peg100 Stearate, Peg6, Ammonium Acryloyldimethyltaurate, Sigesbeckia Orientalis Extract, Thermus Thermophillus Ferment, Squalane, Anastatica Hierochuntica Extract, Triticum Vulgare Germ Extract, Hordeum Vulgare Extract, Betula Alba Bark Extract, Laminaria Saccharina Extract, Salicornia Herbacea Extract, Saccharomyces Lysate Extract, Acetyl Hexapeptide8, Biosaccharide Gum4, Caffeine, Dipotassium Glycyrrhizate, Cholesterol, Sodium Pca, Sucrose, Linoleic Acid, Trehalose, Algae Extract, Trisiloxane, Sodium Hyaluronate, Polyquaternium51, Lactobacillus Ferment, DiPpg2 Myreth10 Adipate, Steareth21, Tocopheryl Acetate, Myristyl Laurate, Fragrance, Caprylyl Glycol, Myristyl Alcohol, Urea, Hexylene Glycol, Sodium Dehydroacetate, Disodium Edta, Bht, Phenoxyethanol",1,258,1.7,0.0,https://www.sephora.com/product/day-rescue-defense-lotion-spf-35-P433149?icid2=products%20grid:p433149,1.7,20.58823529411765
Dermatologist Solutions™ Centella Sensitive Cica-Cream,Kiehl's Since 1851,moisturizing-cream-oils-mists,44.0,"Homosalate, Ethylhexyl Salicylate, Butyloctyl Salicylate, Octocrylene, Butyl Methoxydibenzoylmethane, Nylon12, Octyldodecyl Neopentanoate, Behenyl Alcohol, Dimethicone, Glycerin, Myristyl Myristate, Cetyl Esters, Polyethylene, Butylene Glycol, Glyceryl Stearate, Peg100 Stearate, Peg6, Ammonium Acryloyldimethyltaurate, Sigesbeckia Orientalis Extract, Thermus Thermophillus Ferment, Squalane, Anastatica Hierochuntica Extract, Triticum Vulgare Germ Extract, Hordeum Vulgare Extract, Betula Alba Bark Extract, Laminaria Saccharina Extract, Salicornia Herbacea Extract, Saccharomyces Lysate Extract, Acetyl Hexapeptide8, Biosaccharide Gum4, Caffeine, Dipotassium Glycyrrhizate, Cholesterol, Sodium Pca, Sucrose, Linoleic Acid, Trehalose, Algae Extract, Trisiloxane, Sodium Hyaluronate, Polyquaternium51, Lactobacillus Ferment, DiPpg2 Myreth10 Adipate, Steareth21, Tocopheryl Acetate, Myristyl Laurate, Fragrance, Caprylyl Glycol, Myristyl Alcohol, Urea, Hexylene Glycol, Sodium Dehydroacetate, Disodium Edta, Bht, Phenoxyethanol",11,1649,1.7,0.0,https://www.sephora.com/product/centella-sensitive-cica-cream-P436378?icid2=products%20grid:p436378,1.7,25.882352941176467
DayWear Matte Oil-Control Anti-Oxidant Moisture Gel Creme,Estée Lauder,moisturizing-cream-oils-mists,52.0,"Homosalate, Ethylhexyl Salicylate, Butyloctyl Salicylate, Octocrylene, Butyl Methoxydibenzoylmethane, Nylon12, Octyldodecyl Neopentanoate, Behenyl Alcohol, Dimethicone, Glycerin, Myristyl Myristate, Cetyl Esters, Polyethylene, Butylene Glycol, Glyceryl Stearate, Peg100 Stearate, Peg6, Ammonium Acryloyldimethyltaurate, Sigesbeckia Orientalis Extract, Thermus Thermophillus Ferment, Squalane, Anastatica Hierochuntica Extract, Triticum Vulgare Germ Extract, Hordeum Vulgare Extract, Betula Alba Bark Extract, Laminaria Saccharina Extract, Salicornia Herbacea Extract, Saccharomyces Lysate Extract, Acetyl Hexapeptide8, Biosaccharide Gum4, Caffeine, Dipotassium Glycyrrhizate, Cholesterol, Sodium Pca, Sucrose, Linoleic Acid, Trehalose, Algae Extract, Trisiloxane, Sodium Hyaluronate, Polyquaternium51, Lactobacillus Ferment, DiPpg2 Myreth10 Adipate, Steareth21, Tocopheryl Acetate, Myristyl Laurate, Fragrance, Caprylyl Glycol, Myristyl Alcohol, Urea, Hexylene Glycol, Sodium Dehydroacetate, Disodium Edta, Bht, Phenoxyethanol",23,4738,1.7,0.0,https://www.sephora.com/product/daywear-matte-oil-control-anti-oxidant-moisture-gel-creme-P422648?icid2=products%20grid:p422648,1.7,30.588235294117645
Plantscription™ Youth-Renewing Face Oil,Origins,moisturizing-cream-oils-mists,57.0,"Homosalate, Ethylhexyl Salicylate, Butyloctyl Salicylate, Octocrylene, Butyl Methoxydibenzoylmethane, Nylon12, Octyldodecyl Neopentanoate, Behenyl Alcohol, Dimethicone, Glycerin, Myristyl Myristate, Cetyl Esters, Polyethylene, Butylene Glycol, Glyceryl Stearate, Peg100 Stearate, Peg6, Ammonium Acryloyldimethyltaurate, Sigesbeckia Orientalis Extract, Thermus Thermophillus Ferment, Squalane, Anastatica Hierochuntica Extract, Triticum Vulgare Germ Extract, Hordeum Vulgare Extract, Betula Alba Bark Extract, Laminaria Saccharina Extract, Salicornia Herbacea Extract, Saccharomyces Lysate Extract, Acetyl Hexapeptide8, Biosaccharide Gum4, Caffeine, Dipotassium Glycyrrhizate, Cholesterol, Sodium Pca, Sucrose, Linoleic Acid, Trehalose, Algae Extract, Trisiloxane, Sodium Hyaluronate, Polyquaternium51, Lactobacillus Ferment, DiPpg2 Myreth10 Adipate, Steareth21, Tocopheryl Acetate, Myristyl Laurate, Fragrance, Caprylyl Glycol, Myristyl Alcohol, Urea, Hexylene Glycol, Sodium Dehydroacetate, Disodium Edta, Bht, Phenoxyethanol",45,5720,0.0,0.0,https://www.sephora.com/product/plantscription-tm-youth-renewing-face-oil-P383132?icid2=products%20grid:p383132,2.0629276649746324,27.63063434931487
Fresh Calming Mousse Moisturizer,LANEIGE,moisturizing-cream-oils-mists,29.0,"Glycerin, Propanediol, Cyclopentasiloxane, Squalane, Carbon Dioxide, Sea Water, Silica, Panthenol, Pentaerythrityl Tetraethylhexanoate, Polymethylsilsesquioxane, Butylene Glycol, 12Hexanediol, Cyclohexasiloxane, Dimethiconol, Tromethamine, Acrylates, Carbomer, HydroxyethylcelLulose, Ethylhexylglycerin, Disodium Edta, Litchi Chinensis Pericarp Ext Ract, Tocopherol",44,5095,0.0,0.0,https://www.sephora.com/product/fresh-calming-moisturizer-P436652?icid2=products%20grid:p436652,2.0629276649746324,14.057691160177741
ELEVATE Advanced Lift Contouring Cream,Algenist,moisturizing-cream-oils-mists,96.0,"Dimethicone, Dimethicone Crosspolymer, Butylene Glycol, Glycerin, Caprylic, Pentylene Glycol, Parachlorella Beijerinckii Exopolysaccharides, Dunaliella Salina Extract, Plankton Extract, Trifluoroacetyl Tripeptide2, Hydrolyzed Wheat Protein, Tetradecyl Aminobutyroylvalylaminobutyric Urea Trifluoroacetate, Palmitoyl Tripeptide5, Sodium Hyaluronate, Gold, Arginine, Hydrolyzed Rice Protein, Hydrolyzed Oat Protein, Potassium Palmitoyl Hydrolyzed Oat Protein, Avena Sativa Kernel Extract, Silica, Acetyl Hydroxyproline, Biosaccharide Gum1, Tocopherol, Sodium Ascorbate, Ethylhexylglycerin, Citric Acid, Hydroxyethyl Acrylate, Squalane, Sodium Polyacrylate Starch, Dimethicone, Polysorbate 60, Adenosine, Sorbitan Isostearate, Lecithin, Panthenol, Magnesium Chloride, Dextran, Pantolactone, Titanium Dioxide, Caprylyl Glycol, Chlorphenesin, Sodium Benzoate, Potassium Sorbate, Phenoxyethanol, Fragrance, Citronellol, Hydroxyisohexyl 3Cyclohexene Carboxaldehyde, Limonene, Linalool",34,2181,2.0,0.0,https://www.sephora.com/product/elevate-advanced-lift-contouring-cream-P420638?icid2=products%20grid:p420638,2.0,48.0
Hungarian Thermal Water Mineral-Rich Moisturizer,Peter Thomas Roth,moisturizing-cream-oils-mists,58.0,"Dimethicone, PEG, Cetyl Alcohol, Glyceryl Stearate, PEG100 Stearate, Cholesterol, C1215 Alkyl Benzoate, Lauryl PEG9 Polydimethylsiloxyethyl Dimethicone, Ceramide NP, Retinyl Palmitate, Tocopheryl Acetate, Ascorbyl Palmitate, Glycerin, Adenosine, Honey, Diamond Powder, Phospholipids, Trehalose, Helianthus Annuus Seed Oil, Linum Usitatissimum Seed Oil, Oenothera Biennis Oil, Prunus Armeniaca Kernel Oil, Prunus Persica Kernel Oil, Hippophae Rhamnoides Oil, Rosmarinus Officinalis Leaf Extract, Paeonia Lactiflora Root Extract, Fagus Sylvatica Bud Extract, Saccharomyces, Leuconostoc, Saccharomyces, Saccharomyces, Saccharomyces, Saccharomyces, Lecithin, Sodium PCA, Sodium Hydroxide, Polysilicone11, Polymethylsilsesquioxane, Mica, Decyl Glucoside, Ethoxydiglycol, Carbomer, Disodium EDTA, Butylene Glycol, Propylene Glycol, Hexylene Glycol, Caprylyl Glycol, Benzoic Acid, Benzyl Alcohol, Sodium Benzoate, Potassium Sorbate, Phenoxyethanol",126,7057,1.7,0.0,https://www.sephora.com/product/hungarian-thermal-water-mineral-rich-moisturizer-P427637?icid2=products%20grid:p427637,1.7,34.117647058823536
Advanced Time Zone SPF 15- Normal/Combination Skin,Estée Lauder,moisturizing-cream-oils-mists,82.0,"Butylene Glycol, Glycerin, Octyldodecyl Myristate, Neopentyl Glycol Diheptanoate, Dimethicone, Glyceryl Stearate, Citrullus Vulgaris Fruit Extract, Sigesbeckia Orientalis Extract, Pyrus Malus Fruit Extract, Lens Esculenta Fruit Extract, Centaurium Erythraea Extract, Laminaria Digitata Extract, Hordeum Vulgare Extract, Cucumis Sativus Fruit Extract, Tamarindus Indica Seed Extract, Salicornia Herbacea Extract, Polygonum Cuspidatum Root Extract, Vitis Vinifera Seed Extract, Hydrolyzed Rice Extract, Rosmarinus Officinalis Extract, Selaginella Tamariscina Extract, Humulus Lupulus Extract, Citrus Reticulata Peel Extract, Yeast Extract, Limonium Vulgare Flower, Whey Protein, Thermus Thermophillus Ferment, Cetyl Alcohol, Pentaerythrityl Tetraethylhexanoate, Hydrogenated Lecithin, Polyethylene, Caprylic, Punica Granatum Fruit Juice, Cholesterol, Sucrose, Linoleic Acid, Caffeine, Acetyl Glucosamine, Linolenic Acid, Adenosine Phosphate, Lactoperoxidase, Phospholipids, Acetyl Hexapeptide8, Glucose Oxidase, Peg100 Stearate, Acrylamide, Tocopheryl Acetate, Triolein, Behenyl Alcohol, Phytantriol, Trehalose, Pvp, Pentylene Glycol, Hdi, Caprylic, Polysilicone11, Isohexadecane, Caprylyl Glycol, Propylene Glycol Dicaprate, Sodium Pca, Helianthus Annuus Seedcake, Polysorbate 80, Glucose, Sodium Hyaluronate, Sodium Lactate, Phytosteryl Canola Glycerides, Oleic Acid, Palmitic Acid, Stearic Acid, Potassium Sulfate, Decarboxy Carnosine Hcl, Nordihydroguaiaretic Acid, Cyclodextrin, Carbomer, Hexylene Glycol, Potassium Hydroxide, Fragrance, Silica, Ethylbisiminomethylguaiacol Manganese Chloride, Disodium Edta, Bht, Phenoxyethanol",12,1157,1.7,0.0,https://www.sephora.com/product/advanced-time-zone-spf-15-normal-combination-skin-P380005?icid2=products%20grid:p380005,1.7,48.235294117647065
ClearCalm Replenishing Gel Cream,REN Clean Skincare,moisturizing-cream-oils-mists,42.0,"Butylene Glycol, Glycerin, Octyldodecyl Myristate, Neopentyl Glycol Diheptanoate, Dimethicone, Glyceryl Stearate, Citrullus Vulgaris Fruit Extract, Sigesbeckia Orientalis Extract, Pyrus Malus Fruit Extract, Lens Esculenta Fruit Extract, Centaurium Erythraea Extract, Laminaria Digitata Extract, Hordeum Vulgare Extract, Cucumis Sativus Fruit Extract, Tamarindus Indica Seed Extract, Salicornia Herbacea Extract, Polygonum Cuspidatum Root Extract, Vitis Vinifera Seed Extract, Hydrolyzed Rice Extract, Rosmarinus Officinalis Extract, Selaginella Tamariscina Extract, Humulus Lupulus Extract, Citrus Reticulata Peel Extract, Yeast Extract, Limonium Vulgare Flower, Whey Protein, Thermus Thermophillus Ferment, Cetyl Alcohol, Pentaerythrityl Tetraethylhexanoate, Hydrogenated Lecithin, Polyethylene, Caprylic, Punica Granatum Fruit Juice, Cholesterol, Sucrose, Linoleic Acid, Caffeine, Acetyl Glucosamine, Linolenic Acid, Adenosine Phosphate, Lactoperoxidase, Phospholipids, Acetyl Hexapeptide8, Glucose Oxidase, Peg100 Stearate, Acrylamide, Tocopheryl Acetate, Triolein, Behenyl Alcohol, Phytantriol, Trehalose, Pvp, Pentylene Glycol, Hdi, Caprylic, Polysilicone11, Isohexadecane, Caprylyl Glycol, Propylene Glycol Dicaprate, Sodium Pca, Helianthus Annuus Seedcake, Polysorbate 80, Glucose, Sodium Hyaluronate, Sodium Lactate, Phytosteryl Canola Glycerides, Oleic Acid, Palmitic Acid, Stearic Acid, Potassium Sulfate, Decarboxy Carnosine Hcl, Nordihydroguaiaretic Acid, Cyclodextrin, Carbomer, Hexylene Glycol, Potassium Hydroxide, Fragrance, Silica, Ethylbisiminomethylguaiacol Manganese Chloride, Disodium Edta, Bht, Phenoxyethanol",334,912,1.7,0.0,https://www.sephora.com/product/clearcalm-replenishing-gel-cream-P448908?icid2=products%20grid:p448908,1.7,24.705882352941174
Green Tea Hydrating Lip Sleeping Mask,innisfree,moisturizing-cream-oils-mists,16.0,"Phytosteryl, Phytosteryl Isostearyl Dimer Dilinoleate, Limnanthes Alba Seed Oil, Squalane, Hydrogenated Castor Oil Dimer Dilinoleate, Ricinus Communis Seed Oil, Beeswax, Helianthus Annuus Seed Wax, Oleic, Sucrose Tetrastearate Triacetate, Camellia Sinensis Leaf Powder, Dextrin Palmitate, Glyceryl Caprylate, Camellia Sinensis Seed Oil, Anthemis Nobilis Flower Oil, Tocopherol",25,4189,0.59,0.0,https://www.sephora.com/product/green-tea-hydrating-lip-sleeping-mask-P449848?icid2=products%20grid:p449848,0.59,27.118644067796605
Moisture Surge™ Hydrating Lotion,CLINIQUE,moisturizing-cream-oils-mists,35.0,"Water\Aqua\Eau, BisPeg18 Methyl Ether Dimethyl Silane, Glycerin, Butylene Glycol, Pentylene Glycol, Bambusa Vulgaris Extract, Pisum Sativum Extract, Hordeum Vulgare Extract\Extrait D'Orge, Triticum Vulgare Germ Extract, Gellidiella Acerosa Extract, Sigesbeckia Orientalis Extract, Caffeine, Hypnea Musciformis Extract, Sucrose, Lactobacillus Ferment, Palmitoyl Hexapeptide12, Ergothioneine, Acetyl Glucosamine, Trehalose, Squalane, Glyceryl Polymethacrylate, Sodium Hyaluronate, Jojoba Esters, Sodium Pca, Urea, Peg32, Acrylates, Glucosamine Hcl, Caprylyl Glycol, Peg6, Peg8, Polysorbate 20, Cetyl Alcohol, Stearic Acid, Glyceryl Stearate, Citric Acid, Sodium Hydroxide, Hexylene Glycol, Polyquaternium51, Disodium Edta, Potassium Sorbate, Chlorphenesin, Phenoxyethanol",2,396,6.7,0.0,https://www.sephora.com/product/clinique-moisture-surge-hydrating-lotion-P453927?icid2=products%20grid:p453927,6.7,5.223880597014925
Treatment Softener Enriched,Shiseido,moisturizing-cream-oils-mists,50.0,"Dipropylene Glycol, Glycerin, Diglycerin, Peg6, Butylene Glycol, Betaine, Peg, Peg60 Hydrogenated Castor Oil, Phenoxyethanol, Polyglyceryl2 Diisostearate, Isodecyl Neopentanoate, Methylparaben, Disodium Edta, Sodium Citrate, Fragrance, Alcohol, Erythritol, Peg, Tremella Fuciformis Polysaccharide, Potassium Cocoyl Glutamate, Citric Acid, Linalool, Sapindus Mukorossi Peel Extract, Sodium Metabisulfite, Citronellol, Geraniol, Magnesium Chloride, Oenothera Biennis Oil, Calcium Chloride, Serine, Hamamelis Virginiana Leaf Extract, Tocopherol, Zingiber Aromaticus Extract, Sodium Acetylated Hyaluronate, Citrus Junos Seed Extract",9,1625,5.0,0.0,https://www.sephora.com/product/treatment-softener-enriched-P433621?icid2=products%20grid:p433621,5.0,10.0
FreshFace Instant Glow Luminizer,Fresh,moisturizing-cream-oils-mists,38.0,"Ethylhexyl Stearate, Pentylene Glycol, Butylene Glycol, Dimethicone, Limnanthes Alba Seed Oil, Hydroxyethyl Acrylate, Synthetic Fluorphlogopite, Squalane, CI 77891, Dimethicone PEG7 Phosphate, Maris Aqua, Rosa Damascena Flower Cucumis Sativus Fruit Extract, Oenothera Biennis Root Extract, Porphyridium Cruentum Extract, Helianthus Annuus Seed Oil, Ceratonia Siliqua Gum, Tocopheryl Acetate, Retinyl Palmitate, Magnesium Ascorbyl Phosphate, Trimethylsiloxysilicate, Steareth21, Polysorbate 60, Steareth2, Caprylic, Sorbitan Isostearate, Sodium Stearoyl Glutamate, Sodium Hydroxide, Carbomer, Citric Acid, Potassium Sorbate, Polysorbate 20, Hydroxyethylcellulose, Phenoxyethanol, Citronellol, Geraniol",39,7208,1.0,0.0,https://www.sephora.com/product/freshface-instant-glow-luminizer-P411015?icid2=products%20grid:p411015,1.0,38.0
Concentrated Ginseng Renewing Cream,Sulwhasoo,moisturizing-cream-oils-mists,240.0,"Ethylhexyl Stearate, Pentylene Glycol, Butylene Glycol, Dimethicone, Limnanthes Alba Seed Oil, Hydroxyethyl Acrylate, Synthetic Fluorphlogopite, Squalane, CI 77891, Dimethicone PEG7 Phosphate, Maris Aqua, Rosa Damascena Flower Cucumis Sativus Fruit Extract, Oenothera Biennis Root Extract, Porphyridium Cruentum Extract, Helianthus Annuus Seed Oil, Ceratonia Siliqua Gum, Tocopheryl Acetate, Retinyl Palmitate, Magnesium Ascorbyl Phosphate, Trimethylsiloxysilicate, Steareth21, Polysorbate 60, Steareth2, Caprylic, Sorbitan Isostearate, Sodium Stearoyl Glutamate, Sodium Hydroxide, Carbomer, Citric Acid, Potassium Sorbate, Polysorbate 20, Hydroxyethylcellulose, Phenoxyethanol, Citronellol, Geraniol",4,321,2.02,0.0,https://www.sephora.com/product/concentrated-ginseng-renewing-cream-P448926?icid2=products%20grid:p448926,2.02,118.81188118811882
Concentrated Ginseng Renewing Cream Light,Sulwhasoo,moisturizing-cream-oils-mists,240.0,"Ethylhexyl Stearate, Pentylene Glycol, Butylene Glycol, Dimethicone, Limnanthes Alba Seed Oil, Hydroxyethyl Acrylate, Synthetic Fluorphlogopite, Squalane, CI 77891, Dimethicone PEG7 Phosphate, Maris Aqua, Rosa Damascena Flower Cucumis Sativus Fruit Extract, Oenothera Biennis Root Extract, Porphyridium Cruentum Extract, Helianthus Annuus Seed Oil, Ceratonia Siliqua Gum, Tocopheryl Acetate, Retinyl Palmitate, Magnesium Ascorbyl Phosphate, Trimethylsiloxysilicate, Steareth21, Polysorbate 60, Steareth2, Caprylic, Sorbitan Isostearate, Sodium Stearoyl Glutamate, Sodium Hydroxide, Carbomer, Citric Acid, Potassium Sorbate, Polysorbate 20, Hydroxyethylcellulose, Phenoxyethanol, Citronellol, Geraniol",0,85,2.02,0.0,https://www.sephora.com/product/sulwhasoo-concentrated-ginseng-renewing-cream-light-P454775?icid2=products%20grid:p454775,2.02,118.81188118811882
High Expectations Cannabis Seed Facial Oil,High Beauty,moisturizing-cream-oils-mists,54.0,"Helianthus Annuus Seed Oil, Cannabis Sativa Seed Oil, Shea Butter Ethyl Esters, Cocos Nucifera Oil, Citrus Bergamia Essential Oil, Glycerin, Vaccinium Macrocarpon Oil, Ribes Nigrum Seed Oil, Punica Granatum Seed Oil, Dog Rosa Canina Oil, Argania Spinosa Kernel Oil, Borage Seed Oil, Tocopherol, Oenothera Biennis Oil, Linum Usitatissimum Seed Oil, BetaSitosterol, Squalene, Cannabis Sativia Seed Protein Extract, Brassica Oleracea Italica Seed Extract, Troxerutin, Citrus Aurantium Amara Extract, Vitis Vinifera Seed Extract, Vaccinium Macrocarpon Fruit Extract, Punica Granatum Extract, Nigelia Sativa Seed Oil, Mentha Citrata Leaf Extract, Melissa Officinalis Leaf Extract",73,6424,1.0,0.0,https://www.sephora.com/product/high-expectations-cannabis-seed-facial-oil-P436908?icid2=products%20grid:p436908,1.0,54.0
Hydra Life Balancing Hydration 2 in 1 Sorbet Water,Dior,moisturizing-cream-oils-mists,43.0,"Helianthus Annuus Seed Oil, Cannabis Sativa Seed Oil, Shea Butter Ethyl Esters, Cocos Nucifera Oil, Citrus Bergamia Essential Oil, Glycerin, Vaccinium Macrocarpon Oil, Ribes Nigrum Seed Oil, Punica Granatum Seed Oil, Dog Rosa Canina Oil, Argania Spinosa Kernel Oil, Borage Seed Oil, Tocopherol, Oenothera Biennis Oil, Linum Usitatissimum Seed Oil, BetaSitosterol, Squalene, Cannabis Sativia Seed Protein Extract, Brassica Oleracea Italica Seed Extract, Troxerutin, Citrus Aurantium Amara Extract, Vitis Vinifera Seed Extract, Vaccinium Macrocarpon Fruit Extract, Punica Granatum Extract, Nigelia Sativa Seed Oil, Mentha Citrata Leaf Extract, Melissa Officinalis Leaf Extract",10,1470,5.9,0.0,https://www.sephora.com/product/hydra-life-balancing-hydration-2-in-1-sorbet-water-P429675?icid2=products%20grid:p429675,5.9,7.288135593220337
Wild Rose Makeup Melter Cleansing Oil,KORRES,moisturizing-cream-oils-mists,36.0,"Butylene Glycol Dicaprylate, Cetyl Ethylhexanoate, Peg20 Glyceryl Triisostearate, Ethylhexyl Palmitate, Isoamyl Laurate, Caprylic, C1315alkane, Triethylhexanoin, OryzasativaBranoil, Polyglyceryl2 Sesquioleate, Parfum, Prunus Amygdalus Dulcis Oil, Ascorbyl Tetraisopalmitate, Glyceryl Caprylate, Helianthus Annuus Seed Oil, Rosa Canina Fruit Oil, Rosa Gallica Flower Powder, Rosmarinus Officinalis Extract, Simmondsia Chinensis Seed Oil, Tocopherol",37,3201,3.38,0.0,https://www.sephora.com/product/wild-rose-makeup-melter-cleansing-oil-P444613?icid2=products%20grid:p444613,3.38,10.650887573964498
Hydra-Essentiel Cooling Gel - Normal to Combination Skin,Clarins,moisturizing-cream-oils-mists,48.0,"Glycerin, Butylene Glycol, Propanediol, Polymethyl Methacrylate, Sodium Polyacrylate Starch, Ammonium Acryloyldimethyltaurate, Xylitylglucoside, Phenoxyethanol, Anhydroxylitol, Ethylhexylglycerin, Fragrance, Xylitol, Pyridoxine Hcl, Disodium Edta, Decylene Glycol, Diospyros Mespiliformis Leaf Extract, Glucose, Maltodextrin, Kalanchoe Pinnata Leaf Extract, Zinc Gluconate, Sanicula Europaea Extract, Citric Acid, Alcohol, Lapsana Communis Flower, Furcellaria Lumbricalis Extract, Sodium Benzoate, Tris Citrate, Potassium Sorbate, Ci 42090, Sea Salt, Callicarpa Japonica Fruit Extract, ",526,2887,1.7,0.0,https://www.sephora.com/product/hydra-essentiel-cooling-gel-normal-to-combination-skin-P415624?icid2=products%20grid:p415624,1.7,28.235294117647058
Face Cream Light,Dr. Barbara Sturm,moisturizing-cream-oils-mists,205.0,"Butylene Glycol, Lactobacillus, Coco Caprylate, Dicaprylyl Carbonate, Pistacia Vera Seed Oil, Tocopheryl Acetate, Vitis Vinifera Seed Oil, Panthenol, Phenoxyethanol, Potassium Cetyl Phosphate, Carbomer, Cetearyl Alcohol, Hydrogenated Vegetable Glycerides, Hydrogenated Palm Glycerides, Xanthan Gum, Ethylhexylglycerin, Bisabolol, Sodium Hydroxide, Helianthus Annuus Seed Oil, Sodium Hyaluronate, Tocopherol, Disodium EDTA, Leuconostoc, Pantolactone, Citric Acid, Zingiber Officinale Root Extract",1,393,1.69,0.0,https://www.sephora.com/product/dr-barbara-sturm-face-cream-light-P449601?icid2=products%20grid:p449601,1.69,121.301775147929
Pure Nilotica Melt Nourishing Balm-to-Oil,LXMI,moisturizing-cream-oils-mists,24.0,Butyrospermum Parkii Butter,125,5251,0.0,0.5,https://www.sephora.com/product/pure-nilotica-melt-nourishing-balm-to-oil-P411870?icid2=products%20grid:p411870,0.5,48.0
First Care Activating Serum Mist,Sulwhasoo,moisturizing-cream-oils-mists,72.0,"Water, Butylene Glycol, Olea Europaea Fruit Oil, 12Hexanediol, Betaine, Fragrance, Sodium Chloride, Simmondsia Chinensis Seed Oil, Limonene, Disodium Edta, Portulaca Oleracea Extract, Honey, Juglans Regia Seed Extract, Polygonatum Officinale",0,245,3.71,0.0,https://www.sephora.com/product/first-care-activating-serum-mist-P448917?icid2=products%20grid:p448917,3.71,19.40700808625337
Clearly Corrective™ Brightening & Soothing Treatment Water,Kiehl's Since 1851,moisturizing-cream-oils-mists,45.0,"Water, Butylene Glycol, Olea Europaea Fruit Oil, 12Hexanediol, Betaine, Fragrance, Sodium Chloride, Simmondsia Chinensis Seed Oil, Limonene, Disodium Edta, Portulaca Oleracea Extract, Honey, Juglans Regia Seed Extract, Polygonatum Officinale",18,4936,6.8,0.0,https://www.sephora.com/product/clearly-corrective-tm-brightening-soothing-treatment-water-P428932?icid2=products%20grid:p428932,6.8,6.617647058823531
Surreal Skin Argan Finishing Balm,Josie Maran,moisturizing-cream-oils-mists,36.0,"Dimethicone, Caprylyl Methicone, Glycerin, Polymethylsilsesquioxane, Cetearyl Glucoside, Cetearyl Alcohol, Caprylic, Dimethicne, Argania Spinosa Kernel Oil, Butyrospermum Parkii, Disodium EDTA, Gluconolactone, Isohexadecane, Lecithin, Niacinamide, Polysorbate 80, Sodium Stearoyl Glutamate, Sodium Acrylates Copolymer, Sodium Benzoate, Sodium Acrylate, Titanium Dioxide, Mica Natural",500,21513,0.5,0.0,https://www.sephora.com/product/surreal-skin-argan-finishing-balm-P410433?icid2=products%20grid:p410433,0.5,72.0
Darker Skin Tones Face Cream Rich,Dr. Barbara Sturm,moisturizing-cream-oils-mists,230.0,"Water, Prunus Amygdalus Dulcis Oil, Glycerin, Caprylic, Butylene Glycol, Glyceryl Stearate Citrate, Butyrospermum Parkii Butter, Cetearyl Alcohol, Cocoglycerides, Decyloleate, Persea Gratissima Oil, Lactobacillus, CocoCaprylate, Tocopheryl Acetate, Maris Aqua, Phenoxyethanol, Panthenol, Carbomer, Maltodextrin, Xanthan Gum, Enantia Chlorantha Bark Extract, Lecithin, Ethylhexylglycerin, Teprenone, Sodium Hyaluronate, Sodium Hydroxide, Disodium Edta, Alcohol, Hydrolyzed Algae Extract, Leuconostoc, Pantolactone, Ascorbyl Palmitate, Magnolia Officinalis Bark Extract, Citric Acid, Tocopherol, Oleanolic Acid, Ascorbic Acid, Vitis Vinifera Seed Extract",1,122,1.69,0.0,https://www.sephora.com/product/dr-barbara-sturm-darker-skin-tones-face-cream-rich-P448547?icid2=products%20grid:p448547,1.69,136.09467455621302
Squalane Oil,The INKEY List,moisturizing-cream-oils-mists,11.99,"Water, Prunus Amygdalus Dulcis Oil, Glycerin, Caprylic, Butylene Glycol, Glyceryl Stearate Citrate, Butyrospermum Parkii Butter, Cetearyl Alcohol, Cocoglycerides, Decyloleate, Persea Gratissima Oil, Lactobacillus, CocoCaprylate, Tocopheryl Acetate, Maris Aqua, Phenoxyethanol, Panthenol, Carbomer, Maltodextrin, Xanthan Gum, Enantia Chlorantha Bark Extract, Lecithin, Ethylhexylglycerin, Teprenone, Sodium Hyaluronate, Sodium Hydroxide, Disodium Edta, Alcohol, Hydrolyzed Algae Extract, Leuconostoc, Pantolactone, Ascorbyl Palmitate, Magnolia Officinalis Bark Extract, Citric Acid, Tocopherol, Oleanolic Acid, Ascorbic Acid, Vitis Vinifera Seed Extract",69,2953,1.0,0.0,https://www.sephora.com/product/squalane-oil-P443839?icid2=products%20grid:p443839,1.0,11.99
Camera Ready CC Cream Broad Spectrum SPF 30 Dark Spot Correcting,Smashbox,moisturizing-cream-oils-mists,42.0,"Octinoxate 750%, Octisalate 400%, Oxybenzone 250%, Titanium Dioxide 110%, Dimethicone, Butylene Glycol, Propanediol, Glyceryl Stearate, Phenyl Trimethicone, Behenyl Alcohol, Trioctyldodecyl Citrate, Polymethylsilsesquioxane, Ascorbyl Glucoside, Peg40 Stearate, Polyglyceryl10 Pentastearate, Octyldodecyl Stearoyl Stearate, Hordeum Vulgare Extract, Triticum Vulgare Germ Extract, Glycyrrhiza Glabra Root Extract, Pyrus Malus Fruit Extract, Cucumis Sativus Fruit Extract, Octyldodecyl Neopentanoate, Ammonium Acryloyldimethyltaurate, Polyglyceryl6 Polyricinoleate, Laminaria Saccharina Extract, Glycyrrhetinic Acid, Sucrose, Scutellaria Baicalensis Root Extract, Lecithin, Sodium Stearoyl Lactylate, Caffeine, Acetyl Hexapeptide8, Cholesterol, Tocopheryl Acetate, Tetrahexyldecyl Ascorbate, Tocopheryl Linoleate, Linoleic Acid, Dimethoxytolyl Propylresorcinol, Squalane, Sodium Pca, Urea, Bisabolol, Isopropyl Titanium Triisostearate, Glycerin, Oryzanol, Sodium Hyaluronate, Trehalose, Polyquaternium51, Stearic Acid, Silica, Ergothioneine, Xanthan Gum, Pentaerythrityl TetraDiTButyl Hydroxyhydrocinnamate, Alumina, Disodium Edta, Phenoxyethanol, Sodium Dehydroacetate, Chlorphenesin, ",1000,29624,1.0,0.0,https://www.sephora.com/product/camera-ready-cc-cream-broad-spectrum-spf-30-dark-spot-correcting-P378614?skuId=1497023&icid2=products%20grid:p378614,1.0,42.0
"Cactus Flower & ""Tibetan Ginseng"" Hydrating Mist",Kiehl's Since 1851,moisturizing-cream-oils-mists,27.0,"Octinoxate 750%, Octisalate 400%, Oxybenzone 250%, Titanium Dioxide 110%, Dimethicone, Butylene Glycol, Propanediol, Glyceryl Stearate, Phenyl Trimethicone, Behenyl Alcohol, Trioctyldodecyl Citrate, Polymethylsilsesquioxane, Ascorbyl Glucoside, Peg40 Stearate, Polyglyceryl10 Pentastearate, Octyldodecyl Stearoyl Stearate, Hordeum Vulgare Extract, Triticum Vulgare Germ Extract, Glycyrrhiza Glabra Root Extract, Pyrus Malus Fruit Extract, Cucumis Sativus Fruit Extract, Octyldodecyl Neopentanoate, Ammonium Acryloyldimethyltaurate, Polyglyceryl6 Polyricinoleate, Laminaria Saccharina Extract, Glycyrrhetinic Acid, Sucrose, Scutellaria Baicalensis Root Extract, Lecithin, Sodium Stearoyl Lactylate, Caffeine, Acetyl Hexapeptide8, Cholesterol, Tocopheryl Acetate, Tetrahexyldecyl Ascorbate, Tocopheryl Linoleate, Linoleic Acid, Dimethoxytolyl Propylresorcinol, Squalane, Sodium Pca, Urea, Bisabolol, Isopropyl Titanium Triisostearate, Glycerin, Oryzanol, Sodium Hyaluronate, Trehalose, Polyquaternium51, Stearic Acid, Silica, Ergothioneine, Xanthan Gum, Pentaerythrityl TetraDiTButyl Hydroxyhydrocinnamate, Alumina, Disodium Edta, Phenoxyethanol, Sodium Dehydroacetate, Chlorphenesin, ",24,5147,4.2,0.0,https://www.sephora.com/product/cactus-flower-tibetan-ginseng-hydrating-mist-P426825?icid2=products%20grid:p426825,4.2,6.428571428571428
Miracle Facial Oil,Omorovicza,moisturizing-cream-oils-mists,120.0,"Prunus Amygdalus Dulcis Oil, Caprylic, Prunus Armeniaca Kernel Oil, Bakuchiol, Borago Officinalis Seed Oil, Gossypium Herbaceum Seed Oil, Oenothera Biennis Oil, Simmondsia Chinensis Seed Oil, Rosa Canina Fruit Oil, Linum Usitatissimum Seed Oil, Fragrance, Hippophae Rhamnoides Oil, Algae Extract, Brassica Campestris Seed Oil, Rosmarinus Officinalis Leaf Extract, Tocopherol, Helianthus Annuus Seed Oil, Linalool, Geraniol, Cinnamyl Alcohol",13,1377,1.0,0.0,https://www.sephora.com/product/miracle-facial-oil-P402710?icid2=products%20grid:p402710,1.0,120.0
Green Tea Hydrating Cleansing Oil,innisfree,moisturizing-cream-oils-mists,22.0,"Isopropyl Palmitate, C1215 Alkyl Benzoate, Pentaerythrityl Tetraisostearate, Peg20 Glyceryl Triisostearate, Pentaerythrityl Tetraethylhexanoate, Caprylic, Peg8 Isostearate, Fragrance, Dextrin Palmitate, Glyceryl Behenate, Water, Camellia Sinensis Leaf Butylene Glycol, Propanediol, Alcohol, 12Hexanediol, Camellia Sinensis Root Extract, Phenoxyethanol, Ethylhexylglycerin, Disodium Edta, Camellia Sinensis Leaf Extract",16,4025,5.07,0.0,https://www.sephora.com/product/green-tea-hydrating-cleansing-oil-P449842?icid2=products%20grid:p449842,5.07,4.339250493096647
Age Defense BB Cream Broad Spectrum SPF 30,CLINIQUE,moisturizing-cream-oils-mists,39.5,"Isopropyl Palmitate, C1215 Alkyl Benzoate, Pentaerythrityl Tetraisostearate, Peg20 Glyceryl Triisostearate, Pentaerythrityl Tetraethylhexanoate, Caprylic, Peg8 Isostearate, Fragrance, Dextrin Palmitate, Glyceryl Behenate, Water, Camellia Sinensis Leaf Butylene Glycol, Propanediol, Alcohol, 12Hexanediol, Camellia Sinensis Root Extract, Phenoxyethanol, Ethylhexylglycerin, Disodium Edta, Camellia Sinensis Leaf Extract",756,11950,1.4,0.0,https://www.sephora.com/product/age-defense-bb-cream-broad-spectrum-spf-30-P293010?icid2=products%20grid:p293010,1.4,28.214285714285715
Vitamin C Ester Brightening Overnight Treatment,Perricone MD,moisturizing-cream-oils-mists,99.0,"Tetrahexyldecyl Ascorbate, Isopropyl Palmitate, LTyrosine, Glycolic Acid, Cetearyl Alcohol, Urea, Cyclomethicone, Triethanolamine, Sodium Carboxymethyl BetaGlucan, Butylene Glycol, Tocopheryl Acetate, Camellia Oleifera Leaf Extract, Dimethicone, Ceteareth20, Phenoxyethanol, Ethoxydiglycol, Glyceryl Stearate, PEG100 Stearate, Dimethyl MEA, Caprylyl Glycol, Sodium Hyaluronate, Allantoin, Bisabolol, Citric Acid, Rosmarinus Officinalis Leaf Extract, Elaeis Guineensis Oil, Tocotrienols, Ascorbyl Palmitate, Zinc Sulfate, Pyridoxine HCl, Pantethine, Sorbic Acid, Disodium EDTA, BHT, Tocopherol, Parfum, Benzyl Benzoate",327,5546,2.0,0.0,https://www.sephora.com/product/concentrated-restorative-treatment-P211305?icid2=products%20grid:p211305,2.0,49.5
Luxury Face Oil- Geranium & Orange Blossom,RODIN olio lusso ,moisturizing-cream-oils-mists,170.0,"Simmondsia Chinensis Seed Oil, Olea Europaea Fruit Oil, Oenothera Biennis Oil, Prunus Armeniaca Kernel Oil, Prunus Amygdalus Dulcis Oil, Rosa Canina Seed Extract, Argania Spinosa Kernel Oil, Helianthus Annuus Seed Oil, Citrus Aurantium Amara Flower Extract, Pelargonium Graveolens Flower Oil, Calendula Officinalis Flower Oil, Arnica Montana Flower Extract, Rosmarinus Officinalis Leaf Extract, Linalool, Citronellol, Geraniol, Farnesol, Limonene, Citral, Tocopherol, Tocopheryl Acetate",10,309,0.0,1.0,https://www.sephora.com/product/geranium-orange-blossom-luxury-face-oil-P442110?icid2=products%20grid:p442110,1.0,170.0
Visionnaire Nuit Beauty Sleep Perfector,Lancôme,moisturizing-cream-oils-mists,93.0,"Glycerin, Glycine Soja Oil, Dimethicone, Caprylic, Alcohol Denat, Isocetyl Stearate, Isononyl Isononanoate, Pentylene Glycol, Polyglyceryl2 Stearate, Stearyl Heptanoate, Peg8 Stearate, Sorbitol, Ci 19140, Ribes Nigrum Oil, Hydroxypalmitoyl Sphinganine, Stearyl Caprylate, Phenoxyethanol, Stearic Acid, Steareth100, Adenosine, Haematococcus Pluvialis, Algae Extract, Triethanolamine, Palmitic Acid, Helianthus Annuus Seed Oil, Ammonium Polyacryldimethyltauramide, Laminaria Ochroleuca Extract, Limonene, Pentaerythrityl TetraDiTButyl Hydroxyhydrocinnamate, Benzyl Salicylate, Benzyl Alcohol, Linalool, 2Oleamido1, 3Octadecanediol, Caprylic, Caprylyl Glycol, AlphaIsomethyl Ionone, Geraniol, Ceramide 3, Disodium Stearoyl Glutamate, Rosa Canina Fruit Oil, Cetyl Alcohol, Methyldihydrojasmonate, Vitreoscilla Ferment, Citronellol, Fragrance",81,4577,1.7,0.0,https://www.sephora.com/product/visionnaire-nuit-beauty-sleep-perfector-P404066?icid2=products%20grid:p404066,1.7,54.70588235294118
Daily Oil Control Moisturizer SPF 30,Proactiv,moisturizing-cream-oils-mists,24.0,"Isopropyl Lauroyl Sarcosinate, Glycerin, Dimethicone, Diisopropyl Sebacate, Polymethyl Methacrylate, Aluminum Starch Octenylsuccinate, Sucrose Tristearate, Silica, Pentylene Glycol, Polysorbate 61, Dimethiconol, Sodium Stearoyl Glutamate, Phenoxyethanol, Caprylyl Glycol, Tocopheryl Acetate, Glycyrrhetinic Acid, Panthenol, Triethanolamine, Allantoin, Carbomer, Potassium Sorbate, Zinc Gluconate, Xanthan Gum, Disodium Edta, Hydroxypalmitoyl Sphinganine",205,692,1.5,0.0,https://www.sephora.com/product/daily-oil-control-moisturizer-spf-30-P440058?icid2=products%20grid:p440058,1.5,16.0
Multi-Active Day Cream-Gel - Normal to Combination Skin,Clarins,moisturizing-cream-oils-mists,55.0,"Caprylic, Propanediol, Glycerin, Cetearyl Isononanoate, Cellulose, Hydroxyethyl Acrylate, Phenoxyethanol, Parfum, Dipsacus Sylvestris Extract, Acrylates, Ci 77891, Synthetic Fluorphlogopite, Ethylhexylglycerin, Ppg5Ceteth20, Tocopheryl Acetate, Tromethamine, Sodium Hyaluronate, Citric Acid, Butylene Glycol, Diospyros Mespiliformis Leaf Extract, Maltodextrin, Disodium Edta, Sanicula Europaea Extract, Myrothamnus Flabellifolia Extract, Lapsanacommunis Flower, Furcellaria Lumbricalis Extract, Sodium Citrate, Potassium Sorbate, Ascorbic Acid, Ci 14700, Glycolic Acid, Lactic Acid, Maris Sal, Polyvinyl Alcohol, Ci 17200, Copper Palmitoyl Heptapeptide14, Heptapeptide15 Palmitate",17,1583,1.7,0.0,https://www.sephora.com/product/multi-active-day-cream-gel-normal-to-combination-skin-P405589?icid2=products%20grid:p405589,1.7,32.35294117647059
Super Power Sunscreen Mousse Broad Spectrum SPF 50,Supergoop!,moisturizing-cream-oils-mists,19.0,"Caprylic, Propanediol, Glycerin, Cetearyl Isononanoate, Cellulose, Hydroxyethyl Acrylate, Phenoxyethanol, Parfum, Dipsacus Sylvestris Extract, Acrylates, Ci 77891, Synthetic Fluorphlogopite, Ethylhexylglycerin, Ppg5Ceteth20, Tocopheryl Acetate, Tromethamine, Sodium Hyaluronate, Citric Acid, Butylene Glycol, Diospyros Mespiliformis Leaf Extract, Maltodextrin, Disodium Edta, Sanicula Europaea Extract, Myrothamnus Flabellifolia Extract, Lapsanacommunis Flower, Furcellaria Lumbricalis Extract, Sodium Citrate, Potassium Sorbate, Ascorbic Acid, Ci 14700, Glycolic Acid, Lactic Acid, Maris Sal, Polyvinyl Alcohol, Ci 17200, Copper Palmitoyl Heptapeptide14, Heptapeptide15 Palmitate",147,9332,0.0,3.4,https://www.sephora.com/product/super-power-sunscreen-mousse-broad-spectrum-spf-50-P417701?icid2=products%20grid:p417701,3.4,5.5882352941176485
CC Dullness Corrector Glow Booster Broad Spectrum SPF 25,Erborian,moisturizing-cream-oils-mists,44.0,"Aqua, Ethylhexyl Methoxycinnamate, Mica, C12, 15 Alkyl Benzoate, Dipropylene Glycol, Glycerin, Zinc Oxide, , Ci 77007, Ethylhexyl Salicylate, Dimethicone, Butylene Glycol, Disteardimonium Hectorite, Ci 77492, Magnesium Sulfate, Centella Asiatica Extract, Glycyrrhiza Glabra Root Extract, Talc, Vinyl Dimethicone, Dimethicone, Aluminum Hydroxide, Trihydroxystearin, Methicone, Palmitic Acid, Polyester, 1, Stearic Acid, Silica Dimethyl Silylate, Tocopheryl Acetate, Ethylhexylglycerin, Tin Oxide, Phenoxyethanol, Parfum, Hexyl Cinnamal, Alpha, Isomethyl Ionone, Linalool, Citronellol, Geraniol, Eugenol, Limonene, Ci 77491, Ci 77499",3,662,1.5,0.0,https://www.sephora.com/product/cc-dullness-corrector-glow-booster-broad-spectrum-spf-25-P450927?icid2=products%20grid:p450927,1.5,29.33333333333333
Oil Free Facial Lotion,Anthony,moisturizing-cream-oils-mists,30.0,"Aqua, Ethylhexyl Methoxycinnamate, Mica, C12, 15 Alkyl Benzoate, Dipropylene Glycol, Glycerin, Zinc Oxide, , Ci 77007, Ethylhexyl Salicylate, Dimethicone, Butylene Glycol, Disteardimonium Hectorite, Ci 77492, Magnesium Sulfate, Centella Asiatica Extract, Glycyrrhiza Glabra Root Extract, Talc, Vinyl Dimethicone, Dimethicone, Aluminum Hydroxide, Trihydroxystearin, Methicone, Palmitic Acid, Polyester, 1, Stearic Acid, Silica Dimethyl Silylate, Tocopheryl Acetate, Ethylhexylglycerin, Tin Oxide, Phenoxyethanol, Parfum, Hexyl Cinnamal, Alpha, Isomethyl Ionone, Linalool, Citronellol, Geraniol, Eugenol, Limonene, Ci 77491, Ci 77499",42,1020,2.5,0.0,https://www.sephora.com/product/oil-free-facial-lotion-P112400?icid2=products%20grid:p112400,2.5,12.0
Rosehip Nourishing Night Oil,The INKEY List,moisturizing-cream-oils-mists,10.99,Rosa Canina Fruit Oil,14,3223,1.0,0.0,https://www.sephora.com/product/rosehip-oil-P443834?icid2=products%20grid:p443834,1.0,10.99
V-Cense™ Youth Vitality Day Cream,REN Clean Skincare,moisturizing-cream-oils-mists,54.0,"Rosa Damascena Flower Camelia Oleifera Seed Oil, Cetearyl Ethylhexanoate, Cetearyl Alcohol, Glycerin, Myristyl Myristate, Oleyl Alcohol, Cetearyl Glucoside, Rosa Canina Fruit Oil, Butyrospermum Parkii, Caprylic, Triheptanoin, Oryzanol, Citrus Aurantium Dulcis Callus Culture Extract, Ascorbyl Tetraisopalmitate, Vaccinium Macrocarpon Seed Oil, Boswellia Carterii Oil, Helianthus Annuus Seed Oil, Sodium Hydroxymethylglycinate, Carbomer, Tocopherol, Lactic Acid, Boswellia Serrata Extract, Citrus Aurantium Dulcis Flower Oil, Gluconolactone, Xanthan Gum, Phenoxyethanol, Sodium Benzoate, BetaCarotene, Daucus Carota Sativa Root Extract, Daucus Carota Sativa Seed Oil, Calcium Gluconate, Ascorbyl Palmitate, Limonene",20,1742,1.7,0.0,https://www.sephora.com/product/v-cense-youth-vitality-day-cream-P385040?icid2=products%20grid:p385040,1.7,31.764705882352942
"DayWear Advanced Multi-Protection Anti-Oxidant Creme, Dry",Estée Lauder,moisturizing-cream-oils-mists,54.0,"Avobenzone 300%, Octisalate 500%Ingredients: Water\Aqua\Eau, Dimethicone, Butyloctyl Salicylate, Butylene Glycol, Polyester8, Cetyl Ricinoleate, Steareth21, Steareth2, DiC1215 Alkyl Fumarate, Caprylic, Polysilicone11, Psidium Guajava Fruit Extract, Gentiana Lutea Root Extract, Polygonum Cuspidatum Root Extract, Stearyl Alcohol, Hordeum Vulgare Extract\Extrait D'Orge, Laminaria Ochroleuca Extract, Rosmarinus Officinalis Leaf Extract, Triticum Vulgare Germ Extract, Artemia Extract, Fumaria Officinalis Flower, Caffeine, Pentylene Glycol, Citrus Medica Limonum Fruit Extract, Hydrolyzed Rice Extract, Vitis Vinifera Seed Extract, Hydrolyzed Rice Bran Extract, Lauryl Peg9 Polydimethylsiloxyethyl Dimethicone, Thermus Thermophillus Ferment, Behenyl Alcohol, Acrylic Acid, Triacontanyl Pvp, Glycerin, C1215 Alkyl Benzoate, Linoleic Acid, Cholesterol, Squalane, Sodium Pca, 12Hexanediol, Urea, Caprylic, Dipropylene Glycol Dibenzoate, Tocopheryl Acetate, Acrylamide, Tetrahexyldecyl Ascorbate, Sodium Hyaluronate, Ergothioneine, Isohexadecane, Ppg15 Stearyl Ether Benzoate, Glycyrrhetinic Acid, Trehalose, Polyquaternium51, Polysorbate 80, Lecithin, Hydrogenated Lecithin, Fumaric Acid, Palmitoyl Hydroxypropyltrimonium Amylopectin, Caprylyl Glycol, Cyclodextrin, Sodium Hydroxide, Nordihydroguaiaretic Acid, Sodium Chloride, Ascorbyl Tocopheryl Maleate, Fragrance, Citric Acid, Ethylbisiminomethylguaiacol Manganese Chloride, Pentaerythrityl TetraDiTButyl Hydroxyhydrocinnamate, Disodium Edta, Bht, Sodium Dehydroacetate, Phenoxyethanol, Blue 1, Yellow 5, Chromium Hydroxide Green",17,1391,1.7,0.0,https://www.sephora.com/product/daywear-advanced-multi-protection-anti-oxidant-creme-broad-spectrum-spf-15-dry-P380001?icid2=products%20grid:p380001,1.7,31.764705882352942
Rise and Prime - Balm and Primer Duo,Wander Beauty,moisturizing-cream-oils-mists,39.0,"Polybutene, Triethylhexanoin, Caprylic, Polyglyceryl2 Triisostearate, Petrolatum, Propylene Glycol Dibenzoate, Ceresin, Beeswax, Butyrospermum Parkii Butter, Ozokerite, Microcrystalline Wax, Isopropyl Myristate, 12Hexanediol, Olea Europaea Fruit Oil, Ethylhexyl Methoxycinnamate, Tocopheryl Acetate, Titanium Dioxide, Diisostearyl Malate, Citrus Paradisi Seed Extract, Propolis Extract, Sodium Hyaluronate, Butylene Glycol",13,2683,0.25,0.0,https://www.sephora.com/product/rise-prime-balm-primer-duo-P417144?icid2=products%20grid:p417144,0.25,156.0
Green Releaf Calming Face Oil,Peter Thomas Roth,moisturizing-cream-oils-mists,68.0,"Persea Gratissima Oil, Rubus Fruticosus Seed, Vitis Vinifera Seed Oil, Salvia Hispanica Seed Oil, C912 Alkane, Tocopherol Acetate, Cucumis Sativus Seed Oil, Bisabolol, Echium Plantagineum Seed Oil, Cannabis Sativa Seed Oil, Melia Azadirachta Leaf Extract, Zingiber Officinale Root E X Tr Act, Helianthus Annuus Seed Oil, Rosmarinus Officinalis Leaf Extract, Daucus Carota Sativa Extract, Caprylic, CocoCaprylate, Polysorbate 20, Tocopherol, Lecithin, Ascorbyl Palmitate, Glyceryl Stearate, Glyceryl Oleate, Citric Acid, Glycerin, Allantoin, Ceramide Np, Water, Potassium Sorbate, Sodium B Enzoate, Phenox Ye Thanol, Sorbitol, Laminaria Digitata Extract, Avena Sativa Kernel Extract, Gluconolactone, Xanthan Gum, Ca Prylyl Glycol, Diatomaceous Earth, Disodium Edta, Glyceryl Caprylate, Yellow 11, Green 6, Violet 2",432,3620,1.0,0.0,https://www.sephora.com/product/green-releaf-calming-face-oil-P440820?icid2=products%20grid:p440820,1.0,68.0
VineActiv 3 in 1 Vitamin C Anti-Wrinkle Moisturizer,Caudalie,moisturizing-cream-oils-mists,44.0,"CocoCaprylate, Glycerin, Silica, HexyldecanolHexyldecyl Laurate, Hexyldecyl Stearate, Shorea Robusta Seed Butter, Butyrospermum Parkii Butter Extract, Methylpropanediol, Arachidyl Alcohol, C1216 Alcohols, Polyacrylate Crosspolymer6, Behenyl Alcohol, Parfum, Ascorbyl Tetraisopalmitate, Arachidyl Glucoside, Lauryl Glucoside, Polyglyceryl2 Dipolyhydroxystearate, Ci 77891, Hydrogenated Lecithin, Palmitic Acid, Caprylyl Glycol, Palmitoyl Grape Seed Extract, Tocopheryl Acetate, Potassium Sorbate, Tocopherol, Helianthus Annuus Seed Oil, Xanthan GumPicea Abies Extract, Sodium Hyaluronate, Citric Acid, Phenylpropanol, 12Hexanediol, Sodium Phytate, Biosaccharide Gum4, Ci 77491, Pentaerythrityl TetraDiTButyl Hydroxyhydrocinnamate, Arginine, Geraniol, Limonene, Linalool  Plant Origin",39,3436,1.3,0.0,https://www.sephora.com/product/vine-activ-3-in-1-moisturizer-P417121?icid2=products%20grid:p417121,1.3,33.846153846153854
Capture Totale Multi-Perfection Creme Refill,Dior,moisturizing-cream-oils-mists,140.0,"Aqua, Limnanthes Alba Seed Oil, Isotridecyl Isononanoate, Glycerin, Isononyl Isononanoate, Cetearyl Isononanoate, Butylene Glycol, Steareth21, Myristyl Myristate, Decyloxazolidinone, Methyl Methacrylate Crosspolymer, Pentylene Glycol, Glyceryl Stearate, Jojoba Esters, Phenoxyethanol, Behenyl Alcohol, Cetyl Alcohol, Stearyl Alcohol, Alcohol, Dimethicone, Caprylyl Glycol, Acrylates, Polyacrylamide, Parfum, Xylitol, Tromethamine, C1314 Isoparaffin, Xanthan Gum, Sorbitol, Secale Cereale Seed Extract, Sodium Hyaluronate, Tetrasodium Edta, Algin, Malva Sylvestris Extract, Dimethylmethoxy Chromanol, Adenosine, Laureth7, Polyvinyl Alcohol, Sodium Tocopheryl Phosphate, Butylphenyl Methylpropional, Cellulose Gum, Limonene, Bht, Sodium Metabisulfite, Palmaria Palmata Extract, Aframomum Angustifolium Seed Extract, AlphaIsomethyl Ionone, Sodium Benzoate, Geraniol, Citronellol, Jasminum Officinale Flower Extract, Tocopherol, Ci 14700",4,996,2.0,0.0,https://www.sephora.com/product/capture-totale-multi-perfection-creme-refill-P414794?icid2=products%20grid:p414794,2.0,70.0
Smart Broad Spectrum SPF 15 Custom-Repair Moisturizer for Very Dry to Dry Skin,CLINIQUE,moisturizing-cream-oils-mists,55.0,"Aqua, Limnanthes Alba Seed Oil, Isotridecyl Isononanoate, Glycerin, Isononyl Isononanoate, Cetearyl Isononanoate, Butylene Glycol, Steareth21, Myristyl Myristate, Decyloxazolidinone, Methyl Methacrylate Crosspolymer, Pentylene Glycol, Glyceryl Stearate, Jojoba Esters, Phenoxyethanol, Behenyl Alcohol, Cetyl Alcohol, Stearyl Alcohol, Alcohol, Dimethicone, Caprylyl Glycol, Acrylates, Polyacrylamide, Parfum, Xylitol, Tromethamine, C1314 Isoparaffin, Xanthan Gum, Sorbitol, Secale Cereale Seed Extract, Sodium Hyaluronate, Tetrasodium Edta, Algin, Malva Sylvestris Extract, Dimethylmethoxy Chromanol, Adenosine, Laureth7, Polyvinyl Alcohol, Sodium Tocopheryl Phosphate, Butylphenyl Methylpropional, Cellulose Gum, Limonene, Bht, Sodium Metabisulfite, Palmaria Palmata Extract, Aframomum Angustifolium Seed Extract, AlphaIsomethyl Ionone, Sodium Benzoate, Geraniol, Citronellol, Jasminum Officinale Flower Extract, Tocopherol, Ci 14700",5,759,1.7,0.0,https://www.sephora.com/product/smart-broad-spectrum-spf-15-custom-repair-moisturizer-for-very-dry-to-dry-skin-P405285?icid2=products%20grid:p405285,1.7,32.35294117647059
Immortelle Reset Overnight Reset Oil-In Serum,L'Occitane,moisturizing-cream-oils-mists,59.0,"Propanediol, Glycerin, Isononyl Isononanoate, Butylene Glycol, Pentylene Glycol, Dextrin Palmitate, Limnanthes Alba Seed Oil, Helichrysum Italicum Flower Oil, Origanum Majorana Leaf Extract, Acmella Oleracea Extract, Helianthus Annuus Seed Oil, Adenosine, Phenoxyethanol, Carbomer, Maltodextrin, Sodium Hydroxide, Palmitic Acid, Disodium Edta, Cellulose Gum, Amodimethicone, Tocopherol, Fragrance, CI 75130",27,3371,1.0,0.0,https://www.sephora.com/product/immortelle-reset-overnight-reset-oil-in-serum-P442734?icid2=products%20grid:p442734,1.0,59.0
Very Useful Face Cream,Go-To ,moisturizing-cream-oils-mists,31.0,"Shea Butter, Sweet Almond Oil, Apricot Kernel Oil, Glyceryl Oleate Citrate, Amla Berry Extract, Arachidyl Alcohol, Behenyl Alcohol, Avocado Oil, Sunflower Oil, Mango Butter, Milk Thistle Ethyl Ester, Benzyl Alcohol, Coenzyme Q10, Arachidyl Glucoside, Tocopherol, Sodium Citrate, Lysolecithin, Sclerotium Gum, Xanthan Gum, Pullulan, Dehydroacetic Acid, Natural Fragrance",41,2463,1.69,0.0,https://www.sephora.com/product/very-useful-face-cream-P432267?icid2=products%20grid:p432267,1.69,18.343195266272193
Dr. Andrew Weil for Origins™ Mega-Mushroom Relief & Resilience Hydra Burst Gel Lotion,Origins,moisturizing-cream-oils-mists,69.0,Essential Oil,21,1605,1.7,0.0,https://www.sephora.com/product/dr-andrew-weil-for-origins-mega-mushroom-relief-resilience-hydra-burst-gel-lotion-P443550?icid2=products%20grid:p443550,1.7,40.588235294117645
Capture Totale C.E.L.L. ENERGY - High-Performance Treatment Serum-Lotion,Dior,moisturizing-cream-oils-mists,95.0,Essential Oil,5,146,5.91,0.0,https://www.sephora.com/product/dior-capture-totale-cell-energy-high-performance-treatment-serum-lotion-P454808?icid2=products%20grid:p454808,5.91,16.074450084602372
Glow Cream Highlighting Primer,Erborian,moisturizing-cream-oils-mists,42.0,"Cyclomethicone, Butylene Glycol, CI 77891, Phenyl Trimethicone, Pentylene Glycol, Niacinamide, Dicaprylyl Carbonate, Mica, Hexyl Laurate, Glycyrrhiza Glabra Root Extract, Poria Cocos Extract, Cetearyl Alcohol, Xanthan Gum, Silica, Squalane, Glyceryl Stearate, PEG100 Stearate, Phenoxyethanol, Potassium Cetyl Phosphate, Acrylates, Arginine, Acrylates, Hydroxyethyl Acrylate, Ethylhexylglycerin, Parfum, Polysorbate 60, Sorbitan Isostearate, 12Hexanediol, Tocopherol, Hexyl Cinnamal, AlphaIsomethyl Ionone, Linalool, Citronellol, Geraniol, Eugenol, Limonene",47,4940,1.5,0.0,https://www.sephora.com/product/glow-creme-illuminating-face-cream-P417244?icid2=products%20grid:p417244,1.5,28.0
The True Tincture Essence - Chamomile,belif,moisturizing-cream-oils-mists,46.0,"Cyclomethicone, Butylene Glycol, CI 77891, Phenyl Trimethicone, Pentylene Glycol, Niacinamide, Dicaprylyl Carbonate, Mica, Hexyl Laurate, Glycyrrhiza Glabra Root Extract, Poria Cocos Extract, Cetearyl Alcohol, Xanthan Gum, Silica, Squalane, Glyceryl Stearate, PEG100 Stearate, Phenoxyethanol, Potassium Cetyl Phosphate, Acrylates, Arginine, Acrylates, Hydroxyethyl Acrylate, Ethylhexylglycerin, Parfum, Polysorbate 60, Sorbitan Isostearate, 12Hexanediol, Tocopherol, Hexyl Cinnamal, AlphaIsomethyl Ionone, Linalool, Citronellol, Geraniol, Eugenol, Limonene",21,4013,2.53,0.0,https://www.sephora.com/product/the-true-tincture-essence-chamomile-P416533?icid2=products%20grid:p416533,2.53,18.181818181818183
No. 2 Citrus Rhapsody Toner Mist,Edible Beauty,moisturizing-cream-oils-mists,36.0,"Purified Cocos Nucifera Oil, Saponaria Officinalis, Cetearyl Olivate, Camellia Oleifera Seed Oil, Sorbiton Olivate, Helianthus Annuus Seed Oil, Zizyphus Jujuba Extract, Cucumis Melo Fruit, Pyrus Malus Extract, Sodium Levulinate, Sodium Anisate, Fragaria Vesca Extract, Acacia Victoriae Extract, Salicylic Acid, Sorbic Acid, Glyceryl Caprylate, Citrus Aurantifolia Oil, Citrus Sinensis Oil",31,2645,3.4,0.0,https://www.sephora.com/product/no-2-citrus-rhapsody-toner-mist-P428641?icid2=products%20grid:p428641,3.4,10.588235294117649
Brightening Face Cream,Dr. Barbara Sturm,moisturizing-cream-oils-mists,230.0,"Water, Glycerin, CocoCaprylate, Methylpropanediol, Lactobacillus, Silica, Butylene Glycol, Brassica Campestris Sterols, Dicaprylyl Ether, Hydrogenated Vegetable Glycerides, Limnanthes Alba Seed Oil, Tocopheryl Acetate, Dimethicone, Panthenol, Phenoxyethanol, Potassium Cetyl Phosphate, Sodium Potassium Aluminum Silicate, Cetearyl Alcohol, Hydrogenated Palm Glycerides, Cocoglycerides, Carbomer, Alcohol, Xanthan Gum, Ethylhexylglycerin, Lecithin, Panax Ginseng Root Extract, Disodium EDTA, Sodium Hyaluronate, Sodium Hydroxide, Caprylic, Alteromonas Ferment Extract, Biosaccharide Gum1, Leuconostoc, Pantolactone, Lepidium Sativum Sprout Extract, Soy Isoflavones, Ascorbyl Palmitate, Citric Acid, Ascorbic Acid, Iron Oxides, Titanium Dioxide",0,167,1.69,0.0,https://www.sephora.com/product/dr-barbara-sturm-brightening-face-cream-P448550?icid2=products%20grid:p448550,1.69,136.09467455621302
Green Tea Moisture-Balancing Emulsion,innisfree,moisturizing-cream-oils-mists,17.0,"Water, Propanediol, Pentaerythrityl Tetraethylhexanoate, 12Hexanediol, Hydrogenated Poly, C1422 Alcohols, Carbomer, Tromethamine, C1220 Alkyl Glucoside, Fragrance, Ethylhexylglycerin, Disodium Edta, Camellia Sinensis Leaf Extract, Glycine Soja Oil, Glucose, Althaea Officinalis Root Extract",3,1179,5.41,0.0,https://www.sephora.com/product/green-tea-moisture-balancing-emulsion-P449845?icid2=products%20grid:p449845,5.41,3.1423290203327165
Snowflower Illuminating Face Oil,Edible Beauty,moisturizing-cream-oils-mists,57.0,"Water, Propanediol, Pentaerythrityl Tetraethylhexanoate, 12Hexanediol, Hydrogenated Poly, C1422 Alcohols, Carbomer, Tromethamine, C1220 Alkyl Glucoside, Fragrance, Ethylhexylglycerin, Disodium Edta, Camellia Sinensis Leaf Extract, Glycine Soja Oil, Glucose, Althaea Officinalis Root Extract",38,3212,1.0,0.0,https://www.sephora.com/product/and-snowflower-illuminating-face-oil-P428644?icid2=products%20grid:p428644,1.0,57.0
Noni Glow Face Balm,KORA Organics,moisturizing-cream-oils-mists,38.0,"Water, Propanediol, Pentaerythrityl Tetraethylhexanoate, 12Hexanediol, Hydrogenated Poly, C1422 Alcohols, Carbomer, Tromethamine, C1220 Alkyl Glucoside, Fragrance, Ethylhexylglycerin, Disodium Edta, Camellia Sinensis Leaf Extract, Glycine Soja Oil, Glucose, Althaea Officinalis Root Extract",31,4662,0.35,0.0,https://www.sephora.com/product/noni-glow-face-balm-P423738?icid2=products%20grid:p423738,0.35,108.57142857142858
Tarteguard 30 Vegan Sunscreen Lotion Broad Spectrum SPF 30,tarte,moisturizing-cream-oils-mists,32.0,"Butyloctyl Salicylate, CocoCaprylate, C1215 Alkyl Benzoate, Caprylic, Diheptyl Succinate, Polyglyceryl6 Distearate, Propanediol, Jojoba Esters, Glycerin, Pyrus Malus Fruit Extract, Polysorbate 20, Polyhydroxystearic Acid, Polymethylsilsesquioxane, Potassium Cetyl Phosphate, Phenoxyethanol, Alumina, Diethylhexyl Syringylidenemalonate, Xanthan Gum, Tocopherols, Glycine Soja Oil, Capryloyl Glycerin, Citric Acid, Triethoxycaprylylsilane, Lonicera Caprifolium Flower Extract, Trisodium Ethylenediamine Disuccinate, Chlorphenesin, Fragrance, Stearic Acid, Ethylhexylglycerin, Passiflora Edulis Seed Oil, Lonicera Japonica Flower Extract, Algae Extract, Pseudoalteromonas Exopolysaccharides, Sodium Hyaluronate, Sodium Salicylate, Propylene Glycol, Sodium Dehydroacetate",586,27853,0.0,1.7,https://www.sephora.com/product/tarteguard-sunscreen-P395240?icid2=products%20grid:p395240,1.7,18.823529411764707
Tangerine Brightening & Pore-Refining Sleeping Mask,innisfree,moisturizing-cream-oils-mists,26.0,"Propanediol, Citrus Unshiu Peel Extract, Glycerin, Cyclopentasiloxane, Alcohol, Arbutin, Cyclohexasiloxane, Pentaerythrityl Tetraethylhexanoate, Hydrogenated Vegetable Oil, Stearic Acid, Palmitic Acid, Acrylates, Ammonium Acryloyldimethyltaurate, Polyacrylate13, Dimethicone, Dimethicone, Tromethamine, Phenoxyethanol, Polyisobutene, Glyceryl Caprylate, Fragrance, Ethylhexylglycerin, Disodium Edta, Polysorbate 20, Sorbitan Isostearate, Polymethyl Methacrylate, Myristic Acid, Dextrin, Theobroma Cacao Extract, Lauric Acid, Butylene Glycol, Protease, Camellia Japonica Leaf Extract, Camellia Sinensis Leaf Extract, Opuntia Coccinellifera Fruit Extract, Orchid Extract, Papain, Peg75",8,3268,3.38,0.0,https://www.sephora.com/product/tangerine-brightening-pore-refining-sleeping-mask-P449861?icid2=products%20grid:p449861,3.38,7.6923076923076925
Sunshine Oil,MILK MAKEUP,moisturizing-cream-oils-mists,38.0,"Propanediol, Citrus Unshiu Peel Extract, Glycerin, Cyclopentasiloxane, Alcohol, Arbutin, Cyclohexasiloxane, Pentaerythrityl Tetraethylhexanoate, Hydrogenated Vegetable Oil, Stearic Acid, Palmitic Acid, Acrylates, Ammonium Acryloyldimethyltaurate, Polyacrylate13, Dimethicone, Dimethicone, Tromethamine, Phenoxyethanol, Polyisobutene, Glyceryl Caprylate, Fragrance, Ethylhexylglycerin, Disodium Edta, Polysorbate 20, Sorbitan Isostearate, Polymethyl Methacrylate, Myristic Acid, Dextrin, Theobroma Cacao Extract, Lauric Acid, Butylene Glycol, Protease, Camellia Japonica Leaf Extract, Camellia Sinensis Leaf Extract, Opuntia Coccinellifera Fruit Extract, Orchid Extract, Papain, Peg75",158,12718,0.5,0.0,https://www.sephora.com/product/sunshine-oil-P404793?icid2=products%20grid:p404793,0.5,76.0
Clinique Smart Clinical™ MD Multi-Dimensional Age Transformer Resculpt,CLINIQUE,moisturizing-cream-oils-mists,69.0,"Water\Aqua\Eau, Glycerin, Caprylyl Methicone, Butylene Glycol, Alcohol Denat, Dimethicone, Isododecane, Peg10 Dimethicone, Dipropylene Glycol, Prunus Amygdalus Dulcis Seed Extract, Cucumis Melo Fruit Extract, Persea Gratissima Oil, Saccharomyces Lysate Extract, Acetyl Glucosamine, Porphyridium Cruentum Extract, Dipeptide Diaminobutyroyl Benzylamide Diacetate, Acetyl Hexapeptide8, Palmitoyl Tetrapeptide7, Acetyl Octapeptide3, Cholesterol, Decarboxy Carnosine Hcl, Acetyl Carnitine Hcl, Caffeine, Creatine, Sigesbeckia Orientalis Extract, Palmitoyl Tripeptide1, Polygonum Cuspidatum Root Extract, Centella Asiatica Extract, Glycine Soja Protein, Ergothioneine, Propylene Glycol Dicaprylate, Peg150, Lauryl Peg9 Polydimethylsiloxyethyl Dimethicone, Jojoba Esters, Whey Protein\Lactis Protein\Protéine Du PetitLait, Adenosine Phosphate, Tocopheryl Acetate, Lactic Acid, Yeast Extract\Faex\Extrait De Levure, Linoleic Acid, Sodium Hyaluronate, Phytantriol, Glycine Soja Seed Extract, Disteardimonium Hectorite, Propylene Carbonate, Menthanediol, Hydroxypropyl Methylcellulose, Pullulan, Polyquaternium51, Sodium Hydroxide, Calcium Chloride, Carbomer, Sea Whip Extract, Polysorbate 20, Caprylyl Glycol, Tetrahexyldecyl Ascorbate, Citric Acid, Potassium Sulfate, Sodium Hexametaphosphate, Sodium Citrate, Potassium Sorbate, Sodium Benzoate, Phenoxyethanol",7,216,1.7,0.0,https://www.sephora.com/product/clinique-smart-clinical-md-multi-dimensional-age-transformer-resculpt-P448564?icid2=products%20grid:p448564,1.7,40.588235294117645
Oil-Control Mattifying Mist,Volition Beauty,moisturizing-cream-oils-mists,29.0,"Rosa Centifolia Flower SD Alcohol 40B, AMPAcrylates, PEG 8, Phenoxyethanol, Caprylyl Glycol, Potassium Sorbate, Hexylene Glycol, Citric Acid, Neopentyl Glycol Diethylhexanoate, Zinc PCA, Glycereth5 Lactate, Sodium Benzoate",97,7291,1.7,0.0,https://www.sephora.com/product/oil-control-mattifying-mist-P421949?icid2=products%20grid:p421949,1.7,17.058823529411768
Aqua Bomb Mist,belif,moisturizing-cream-oils-mists,34.0,"Rosa Centifolia Flower SD Alcohol 40B, AMPAcrylates, PEG 8, Phenoxyethanol, Caprylyl Glycol, Potassium Sorbate, Hexylene Glycol, Citric Acid, Neopentyl Glycol Diethylhexanoate, Zinc PCA, Glycereth5 Lactate, Sodium Benzoate",34,7808,2.02,0.0,https://www.sephora.com/product/aqua-bomb-mist-P435801?icid2=products%20grid:p435801,2.02,16.831683168316832
Hangover Good to Go Skin Protecting SPF 25 Moisturizer,Too Faced,moisturizing-cream-oils-mists,34.0,"C1215 Alkyl Benzoate, Glycerin, Octyldodecyl Neopentanoate, Butylene Glycol, Glyceryl Stearate, PEG100 Stearate, Tocopheryl Acetate, Sodium Hyaluronate, Aloe Barbadensis Leaf Extract, Cinnamomum Zeylanicum Bark Extract, Simmondsia Chinensis Seed Oil, Sodium Acetate, Beeswax, Ethylhexylglycerin, Inulin, Lactobacillus Ferment, Octyldodecanol, Sarcosine, Yogurt Powder, Cellulose, Acrylates, Capryloyl Glycine, Steareth20, Hydroxyethylcellulose, Hexylene Glycol, Citric Acid, Sodium Hydroxide, Fragrance, Cocos Nucifera  Disodium EDTA, Tetrahexyldecyl Ascorbate, Phenoxyethanol, Potassium Sorbate, Sodium Benzoate",27,3373,1.4,0.0,https://www.sephora.com/product/hangover-good-to-go-skin-protecting-spf-25-moisturizer-P447126?icid2=products%20grid:p447126,1.4,24.28571428571429
Aqua Reotier Ultra Thirst-Quenching Gel Moisturizer,L'Occitane,moisturizing-cream-oils-mists,29.0,"Propanediol, Glycerin, Sodium Hyaluronate, Acrylates, Alkyl Acrylate Crosspolymer, Xylitylglucoside, Caprylyl Glycol, Anhydroxylitol, PPG26Buteth26, Xylitol, PEG40 Hydrogenated Castor Oil, Sodium Polyacrylate Starch, Sodium Hydroxide, Sodium Benzoate, Citric Acid, Fragrance, Linalool, Hexyl Cinnamal, Citronellol, Citral, Geraniol, CI 42090",43,3223,1.7,0.0,https://www.sephora.com/product/aqua-reotier-ultra-thirst-quenching-gel-moisturizer-P429939?icid2=products%20grid:p429939,1.7,17.058823529411768
Confidence in a Cream Hydrating Moisturizer Mini,IT Cosmetics,moisturizing-cream-oils-mists,17.0,"Propanediol, Glycerin, Sodium Hyaluronate, Acrylates, Alkyl Acrylate Crosspolymer, Xylitylglucoside, Caprylyl Glycol, Anhydroxylitol, PPG26Buteth26, Xylitol, PEG40 Hydrogenated Castor Oil, Sodium Polyacrylate Starch, Sodium Hydroxide, Sodium Benzoate, Citric Acid, Fragrance, Linalool, Hexyl Cinnamal, Citronellol, Citral, Geraniol, CI 42090",28,2112,0.0,0.5,https://www.sephora.com/product/confidence-in-cream-tm-transforming-moisturizing-super-cream-P427641?icid2=products%20grid:p427641,0.5,34.0
Coco Bliss Intensive Repair,Edible Beauty,moisturizing-cream-oils-mists,48.0,"Propanediol, Glycerin, Sodium Hyaluronate, Acrylates, Alkyl Acrylate Crosspolymer, Xylitylglucoside, Caprylyl Glycol, Anhydroxylitol, PPG26Buteth26, Xylitol, PEG40 Hydrogenated Castor Oil, Sodium Polyacrylate Starch, Sodium Hydroxide, Sodium Benzoate, Citric Acid, Fragrance, Linalool, Hexyl Cinnamal, Citronellol, Citral, Geraniol, CI 42090",48,3259,1.7,0.0,https://www.sephora.com/product/and-coco-bliss-intensive-repair-P428646?icid2=products%20grid:p428646,1.7,28.235294117647058
Hydra Sebum Control Essence,belif,moisturizing-cream-oils-mists,42.0,"Citrus Unshiu Peel Extract, Dipropylene Glycol, Cyclopentasiloxane, 12Hexanediol, Polymethyl Methacrylate, Dimethicone, Glycerin, Triethylhexanoin, Biosaccharide Gum1, Butylene Glycol, Avena Sativa Kernel Extract, Calendula Officinalis Flower Extract, Nepeta Cataria Extract, Rubus Idaeus Leaf Extract, Baptisia Tinctoria Root Extract, Stellaria Media Extract, Silica, Acrylates, Tromethamine, PEG40 Hydrogenated Castor Oil, Sodium Acrylate, Montmorillonite, Hydroxyethyl Acrylate, Trisodium EDTA, Isohexadecane, Fragrance, Citral, Citronnellol, Limonene, Geraniol, Linalool",64,8575,1.68,0.0,https://www.sephora.com/product/hydra-sebum-control-essence-P394634?icid2=products%20grid:p394634,1.68,25.0
Advanced C Radiance Cream with Vitamin C Collagen Cofactor 10x,LANCER Skincare,moisturizing-cream-oils-mists,90.0,"Citrus Unshiu Peel Extract, Dipropylene Glycol, Cyclopentasiloxane, 12Hexanediol, Polymethyl Methacrylate, Dimethicone, Glycerin, Triethylhexanoin, Biosaccharide Gum1, Butylene Glycol, Avena Sativa Kernel Extract, Calendula Officinalis Flower Extract, Nepeta Cataria Extract, Rubus Idaeus Leaf Extract, Baptisia Tinctoria Root Extract, Stellaria Media Extract, Silica, Acrylates, Tromethamine, PEG40 Hydrogenated Castor Oil, Sodium Acrylate, Montmorillonite, Hydroxyethyl Acrylate, Trisodium EDTA, Isohexadecane, Fragrance, Citral, Citronnellol, Limonene, Geraniol, Linalool",22,2919,1.7,0.0,https://www.sephora.com/product/advanced-c-radiance-cream-vitamin-c-collagen-cofactor-P399751?icid2=products%20grid:p399751,1.7,52.941176470588246
Abeille Royale Night Cream,Guerlain,moisturizing-cream-oils-mists,182.0,"Citrus Unshiu Peel Extract, Dipropylene Glycol, Cyclopentasiloxane, 12Hexanediol, Polymethyl Methacrylate, Dimethicone, Glycerin, Triethylhexanoin, Biosaccharide Gum1, Butylene Glycol, Avena Sativa Kernel Extract, Calendula Officinalis Flower Extract, Nepeta Cataria Extract, Rubus Idaeus Leaf Extract, Baptisia Tinctoria Root Extract, Stellaria Media Extract, Silica, Acrylates, Tromethamine, PEG40 Hydrogenated Castor Oil, Sodium Acrylate, Montmorillonite, Hydroxyethyl Acrylate, Trisodium EDTA, Isohexadecane, Fragrance, Citral, Citronnellol, Limonene, Geraniol, Linalool",1,459,1.6,0.0,https://www.sephora.com/product/abeille-royale-night-cream-P450935?icid2=products%20grid:p450935,1.6,113.75
Over It Magic Self-Tan Eraser,Isle of Paradise,moisturizing-cream-oils-mists,27.0,Eucalyptus Clobulus Leaf Oil: Isle of Paradise fragrance,15,2195,6.76,0.0,https://www.sephora.com/product/over-it-magic-self-tan-eraser-P431419?icid2=products%20grid:p431419,6.76,3.994082840236687
Green Tea Moisture-Balancing Cream,innisfree,moisturizing-cream-oils-mists,20.0,"Water, Methyl Trimethicone, Propanediol, Glycerin, Cetyl Ethylhexanoate, Pentaerythrityl Tetraethylhexanoate, Hydrogenated Poly, 12Hexanediol, C1422 Alcohols, Arachidyl Alcohol, Stearic Acid, Glyceryl Stearate, Butyrospermum Parkii Butter, Betaine, Glyceryl Stearate Citrate, Palmitic Acid, Behenyl Alcohol, Hydroxyethyl Acrylate, C1220 Alkyl Glucoside, Arachidyl Glucoside, Fragrance, Acrylates, Glyceryl Caprylate, Tromethamine, Disodium Edta, Ethylhexylglycerin, Camellia Sinensis Leaf Extract, Sorbitan Isostearate, Myristic Acid, Lauric Acid",5,1306,1.69,0.0,https://www.sephora.com/product/green-tea-moisture-balancing-cream-P449846?icid2=products%20grid:p449846,1.69,11.83431952662722
The Method: Nourish Blemish Control,LANCER Skincare,moisturizing-cream-oils-mists,125.0,"C1215 Alkyl Benzoate, Glycerin, Butylene Glycol, Caprylic, Glyceryl Stearate, PEG100 Stearate, Stearic Acid, Dimethicone, Cetyl Phosphate, Cetyl Alcohol, Vitis Vinifera Juice Extract, Tropaeolum Majus Extract, Syringa Vulgaris Leaf Cell Culture Extract, Melaleuca Alternifolia Leaf Oil, Mentha Piperita Oil, Salicylic Acid, Sodium Hyaluronate Crosspolymer, Dipotassium Glycyrrhizate, Polyglyceryl4 Diisostearate, Sodium Isostearate, Ethylhexyl Stearate, Disodium EDTA, Propanediol, Xanthan Gum, Sclerotium Gum, Maltodextrin, Aminomethyl Propanol, Caprylyl Glycol, Decylene Glycol, Ethylhexylglycerin, Phenoxyethanol, Chlorphenesin, Fragrance, Limonene",8,1761,1.7,0.0,https://www.sephora.com/product/the-method-nourish-blemish-control-P399745?icid2=products%20grid:p399745,1.7,73.52941176470588
Tangerine Brightening & Pore-Refining Moisturizer,innisfree,moisturizing-cream-oils-mists,33.0,"Citrus Unshiu Peel Extract, Cyclopentasiloxane, Propanediol, Glycerin, Butylene Glycol, Cyclohexasiloxane, Arbutin, Cetyl Ethylhexanoate, Hydrogenated Polyisobutene, Hydroxyethyl Acrylate, Cetearyl Alcohol, Dimethiconol, Glyceryl Stearate, Ammonium Acryloyldimethyltaurate, Polyacrylate13, Peg100 Stearate, Phenoxyethanol, Fragrance, Stearic Acid, Polyisobutene, Hydrogenated Lecithin, Glyceryl Caprylate, Polyglyceryl3 Methylglucose Distearate, Ethylhexylglycerin, Disodium Edta, Polysorbate 20, Camellia Japonica Leaf Extract, Camellia Sinensis Leaf Extract, Opuntia Coccinellifera Fruit Extract, Orchid Extract, Sorbitan Isostearate, Ascorbyl Glucoside",3,1482,1.69,0.0,https://www.sephora.com/product/tangerine-brightening-pore-refining-moisturizer-P449860?icid2=products%20grid:p449860,1.69,19.526627218934916
The Radiance Brightening Vitamin E + Rosehip Seed Facial Oil,BeautyBio,moisturizing-cream-oils-mists,70.0,"Rosa Canina Fruit Oil, Caprylic, Oryza Sativa Bran Extract, Camelina Sativa Seed Oil, Quartz, Rosmarinus Officinalis Leaf Extract, Helianthus Annuus Extract, Zingiber Officinale Root Extract, Spilanthes Acmella Flower Bud Extract, Tocopherol, Glycerin, Bisabolol, Xanthan Gum, Fragrance, Limonene, Citral, Benzyl Benzoate, Linalool, Geraniol, Hexyl Cinnamal, Farnesol, AlphaIsomethyl Ionone, Coumarin, Butylphenyl Methylpropional, Citronellol",9,1866,1.0,0.0,https://www.sephora.com/product/the-radiance-brightening-vitamin-e-rosehip-seed-facial-oil-P438629?icid2=products%20grid:p438629,1.0,70.0
Essential Fx Acyl-Glutathione Rejuvenating Moisturizer,Perricone MD,moisturizing-cream-oils-mists,98.0,"Ethylhexyl Palmitate, Glycerin, Dimethicone, Cetearyl Alcohol, Glyceryl Stearate, Polysorbate 60, Palmitoyl Glycine, SPalmitoylglutathione, Tetrahexyldecyl Ascorbate, PEG100 Stearate, Ribose, Lactic Acid, Linum Usitatissimum Seed Oil, Macadamia Ternifolia Seed Oil, Phospholipids, Polyglyceryl10 Stearate, Ethylhexylglycerin, Salvia Hispanica Seed Oil, Tocopherol, Helianthus Annuus Seed Oil, Rosmarinus Officinalis Leaf Extract, Tetrasodium Glutamate Diacetate, Sodium Hydroxide, Polyacrylamide, Sodium Acrylates Copolymer, Polysilicone11, Hydrogenated Polyisobutene, C1314 Isoparaffin, Laureth7, Phenoxyethanol, Fragrance, Citronellol, Hydroxycitronellal, Limonene, Linalool",145,1357,1.0,0.0,https://www.sephora.com/product/essential-fx-acyl-glutathione-rejuvenating-moisturizer-P433952?icid2=products%20grid:p433952,1.0,98.0
Hidden Glow Brightening Cream,Wander Beauty,moisturizing-cream-oils-mists,40.0,"Ethylhexyl Palmitate, Glycerin, Dimethicone, Cetearyl Alcohol, Glyceryl Stearate, Polysorbate 60, Palmitoyl Glycine, SPalmitoylglutathione, Tetrahexyldecyl Ascorbate, PEG100 Stearate, Ribose, Lactic Acid, Linum Usitatissimum Seed Oil, Macadamia Ternifolia Seed Oil, Phospholipids, Polyglyceryl10 Stearate, Ethylhexylglycerin, Salvia Hispanica Seed Oil, Tocopherol, Helianthus Annuus Seed Oil, Rosmarinus Officinalis Leaf Extract, Tetrasodium Glutamate Diacetate, Sodium Hydroxide, Polyacrylamide, Sodium Acrylates Copolymer, Polysilicone11, Hydrogenated Polyisobutene, C1314 Isoparaffin, Laureth7, Phenoxyethanol, Fragrance, Citronellol, Hydroxycitronellal, Limonene, Linalool",0,169,1.69,0.0,https://www.sephora.com/product/wander-beauty-hidden-glow-brightening-cream-P453900?icid2=products%20grid:p453900,1.69,23.66863905325444
Screen Time Hydrating Mist,Volition Beauty,moisturizing-cream-oils-mists,29.0,"Ethylhexyl Palmitate, Glycerin, Dimethicone, Cetearyl Alcohol, Glyceryl Stearate, Polysorbate 60, Palmitoyl Glycine, SPalmitoylglutathione, Tetrahexyldecyl Ascorbate, PEG100 Stearate, Ribose, Lactic Acid, Linum Usitatissimum Seed Oil, Macadamia Ternifolia Seed Oil, Phospholipids, Polyglyceryl10 Stearate, Ethylhexylglycerin, Salvia Hispanica Seed Oil, Tocopherol, Helianthus Annuus Seed Oil, Rosmarinus Officinalis Leaf Extract, Tetrasodium Glutamate Diacetate, Sodium Hydroxide, Polyacrylamide, Sodium Acrylates Copolymer, Polysilicone11, Hydrogenated Polyisobutene, C1314 Isoparaffin, Laureth7, Phenoxyethanol, Fragrance, Citronellol, Hydroxycitronellal, Limonene, Linalool",103,2809,1.7,0.0,https://www.sephora.com/product/screen-time-hydrating-mist-P450592?icid2=products%20grid:p450592,1.7,17.058823529411768
Wrinkle Revenge Rescue & Protect Facial Cream,DERMAdoctor,moisturizing-cream-oils-mists,58.0,"Ethylhexyl Palmitate, Glycerin, Dimethicone, Cetearyl Alcohol, Glyceryl Stearate, Polysorbate 60, Palmitoyl Glycine, SPalmitoylglutathione, Tetrahexyldecyl Ascorbate, PEG100 Stearate, Ribose, Lactic Acid, Linum Usitatissimum Seed Oil, Macadamia Ternifolia Seed Oil, Phospholipids, Polyglyceryl10 Stearate, Ethylhexylglycerin, Salvia Hispanica Seed Oil, Tocopherol, Helianthus Annuus Seed Oil, Rosmarinus Officinalis Leaf Extract, Tetrasodium Glutamate Diacetate, Sodium Hydroxide, Polyacrylamide, Sodium Acrylates Copolymer, Polysilicone11, Hydrogenated Polyisobutene, C1314 Isoparaffin, Laureth7, Phenoxyethanol, Fragrance, Citronellol, Hydroxycitronellal, Limonene, Linalool",96,1591,1.7,0.0,https://www.sephora.com/product/wrinkle-revenge-rescue-protect-facial-cream-P102503?icid2=products%20grid:p102503,1.7,34.117647058823536
Pore Cleaner Moisturizer,belif,moisturizing-cream-oils-mists,32.0,"Ethylhexyl Palmitate, Glycerin, Dimethicone, Cetearyl Alcohol, Glyceryl Stearate, Polysorbate 60, Palmitoyl Glycine, SPalmitoylglutathione, Tetrahexyldecyl Ascorbate, PEG100 Stearate, Ribose, Lactic Acid, Linum Usitatissimum Seed Oil, Macadamia Ternifolia Seed Oil, Phospholipids, Polyglyceryl10 Stearate, Ethylhexylglycerin, Salvia Hispanica Seed Oil, Tocopherol, Helianthus Annuus Seed Oil, Rosmarinus Officinalis Leaf Extract, Tetrasodium Glutamate Diacetate, Sodium Hydroxide, Polyacrylamide, Sodium Acrylates Copolymer, Polysilicone11, Hydrogenated Polyisobutene, C1314 Isoparaffin, Laureth7, Phenoxyethanol, Fragrance, Citronellol, Hydroxycitronellal, Limonene, Linalool",52,5605,4.22,0.0,https://www.sephora.com/product/pore-cleaner-moisturizer-P431844?icid2=products%20grid:p431844,4.22,7.582938388625592
Hydrating Oil,Anastasia Beverly Hills,moisturizing-cream-oils-mists,45.0,"Ethylhexyl Palmitate, Glycerin, Dimethicone, Cetearyl Alcohol, Glyceryl Stearate, Polysorbate 60, Palmitoyl Glycine, SPalmitoylglutathione, Tetrahexyldecyl Ascorbate, PEG100 Stearate, Ribose, Lactic Acid, Linum Usitatissimum Seed Oil, Macadamia Ternifolia Seed Oil, Phospholipids, Polyglyceryl10 Stearate, Ethylhexylglycerin, Salvia Hispanica Seed Oil, Tocopherol, Helianthus Annuus Seed Oil, Rosmarinus Officinalis Leaf Extract, Tetrasodium Glutamate Diacetate, Sodium Hydroxide, Polyacrylamide, Sodium Acrylates Copolymer, Polysilicone11, Hydrogenated Polyisobutene, C1314 Isoparaffin, Laureth7, Phenoxyethanol, Fragrance, Citronellol, Hydroxycitronellal, Limonene, Linalool",10,1376,1.0,0.0,https://www.sephora.com/product/hydrating-oil-P449150?icid2=products%20grid:p449150,1.0,45.0
Complexion Perfecting Hydrator,Proactiv,moisturizing-cream-oils-mists,60.0,"Butylene Glycol, Cetearyl Alcohol, Dimethicone, Sodium Polyacrylate, Scutellaria Baicalensis Root Extract, Sophora Angustifolia Root Extract, Morus Alba Root Extract, Glycyrrhiza Glabra Root Extract, Arctostaphylos Uva Ursi Leaf Extract, Kojic Acid, Zinc Gluconate, AlphaGlucan Oligosaccharide, Sodium Hyaluronate, Bisabolol, Allantoin, Squalane, Safflower Oil, C1215 Alkyl Lactate, Caprylic, Caprylyl Glycol, Ethylhexylglycerin, Glycerin, Ethylhexyl Palmitate, Hydrogenated Polydecene, Hydroxypropyl Cyclodextrin, PPG5Laureth5, Polyquaternium11, Ceteareth20, Aluminum Starch Octenylsuccinate, Polysorbate 60, Hexylene Glycol, PPG2 Myristyl Ether Propionate, Sodium Hydroxide, Disodium EDTA, Phenoxyethanol, Fragrance",75,1518,3.0,0.0,https://www.sephora.com/product/complexion-perfecting-hydrator-P440063?icid2=products%20grid:p440063,3.0,20.0
Énergie de Vie The Smoothing & Plumping Water-Infused Cream,Lancôme,moisturizing-cream-oils-mists,57.0,"Glycerin, Cyclohexasiloxane, Squalane, BisPEG18 Methyl Ether Dimethyl Silane, Sucrose Stearate, Stearyl Alcohol, PEG8 Stearate, Urea, Myristyl Myristate, Pentaerythrityl Tetraethylhexanoate, Tocopherol, Alcohol, Lycium Barbarum Fruit Extract, Lactic Acid, Sodium Hydroxide, Hydroxypalmitoyl Sphinganine, Sodium Benzoate, Phenoxyethanol, Olea Europaea Oil, Stearic Acid, Chlorphenesin, Palmitic Acid, Melissa Officinalis Leaf Oil, Tamarindus Indica Seed Gum, Limonene, Xanthan Gum, Pentaerythrityl TetraDiTButyl Hydroxyhydrocinnamate, Pentylene Glycol, Gentiana Lutea Root Extract, Dioscorea Villosa Root Extract, Persea Gratissima Oil, Acrylates, Carbomer, Myristic Acid, Myristyl Alcohol, Disodium EDTA, Cetyl Alcohol, Methylparaben, BHT, Potassium Sorbate, Citral, Citronellol, Prunus Armeniaca Kernel Oil, Prunus Amygdalus Dulcis Oil, Hexyldecanol, Glyceryl Stearate, Oryza Sativa Bran Oil, Fragrance",82,4333,1.7,0.0,https://www.sephora.com/product/energie-de-vie-smoothing-plumping-water-infused-cream-P409978?icid2=products%20grid:p409978,1.7,33.529411764705884
The Ultimate Hydrating Vitamin C Facial Moisturizer,BeautyBio,moisturizing-cream-oils-mists,75.0,"Carthamus Tinctorius Seed Oil, Sodium Ascorbyl Phosphate, Glycerin, Caprylic, Cetyl Alcohol, Dimethicone, Cetearyl Alcohol, Ppg2 Myristyl Ether Propionate, Aesculus Hippocastanum Extract, Potassium Cetyl Phosphate, Glyceryl Caprylate, Polysorbate 60, Sodium Lactate, Behentrimonium Methosulfate, Carbomer, Cyclohexasiloxane, Cyclopentasiloxane, Chlorphenesin, Acrylates, Fragrance, Acetyl Hexapeptide8, Cetearyl Olivate, Lecithin, Lysolecithin, Lysophosphatidic Acid, Potassium Sorbate, Sorbitan Olivate, Tocopheryl Acetate, Retinyl Palmitate, Glyceryl Undecylenate",9,1575,1.7,0.0,https://www.sephora.com/product/the-ultimate-hydrating-vitamin-c-facial-moisturizer-P438633?icid2=products%20grid:p438633,1.7,44.11764705882353
All Day Body Hydrator,SEPHORA COLLECTION,moisturizing-cream-oils-mists,17.0,"Aqua, C1018 Triglycerides, Glycerin, Butyrospermum Parkii Butter, Isocetyl Stearate, Glyceryl Stearate, Neopentyl Glycol Diheptanoate, Isopropyl Myristate, Mangifera Indica Seed Butter, Butylene Glycol, Glyceryl Stearate Citrate, Hydroxyethyl Acrylate, Hydroxyacetophenone, Parfum, Squalane, Acacia Senegal Gum, Maltodextrin, OCymen5Ol, Sodium Acrylates Copolymer, Xanthan Gum, Polysorbate 60, Sorbitan Isostearate, Lecithin, Biosaccharide Gum1, Tocopherol, Helianthus Annuus Seed Oil, Citric Acid",8,863,0.0,0.0,https://www.sephora.com/product/sephora-collection-all-day-body-hydrator-P455219?icid2=products%20grid:p455219,2.0629276649746324,8.2407155076904
Drop Shot Mix-in Facial Oil,Urban Decay,moisturizing-cream-oils-mists,34.0,"Helianthus Annuus Seed Oil, Simmondsia Chinensis Seed Oil, Macadamia Integrifolia Seed Oil, Triticum Vulgare Germ Oil, Caprylic, Silica Silylate, Limnanthes Alba Seed Oil, Punica Granatum Seed Oil, Fragrance, Tocopherol, Spilanthes Acmella Flower Extract, Glycine Soja Oil, Plankton Extract, Linalool, Limonene",26,5059,0.8,0.0,https://www.sephora.com/product/drop-shot-mix-in-facial-oil-P427620?icid2=products%20grid:p427620,0.8,42.5
Make A Difference™ Plus + Rejuvenating Treatment,Origins,moisturizing-cream-oils-mists,47.5,Essential Oil,96,4711,1.7,0.0,https://www.sephora.com/product/make-a-difference-trade-plus-43-rejuvenating-treatment-P376633?icid2=products%20grid:p376633,1.7,27.94117647058824
Météorites Oxygen Care Moisturizer & Radiance Booster,Guerlain,moisturizing-cream-oils-mists,75.0,Essential Oil,41,4022,0.0,0.0,https://www.sephora.com/product/meteorites-oxygen-care-moisturizer-radiance-booster-P397929?icid2=products%20grid:p397929,2.0629276649746324,36.35609782804588
Glow Getter Mist,Wander Beauty,moisturizing-cream-oils-mists,28.0,Essential Oil,29,5274,2.029,0.0,https://www.sephora.com/product/glow-getter-mist-P416789?icid2=products%20grid:p416789,2.029,13.799901429275506
Glow Body Cream,SEPHORA COLLECTION,moisturizing-cream-oils-mists,17.0,"Aqua, Caprylic, C1018 Triglycerides, Butyrospermum Parkii Butter, Glycerin, Polyglyceryl3 Distearate, Octyldodecyl Myristate, Mica, CI 77891, Moringa Oleifera Seed Oil, Rosa Damascena Flower Parfum, Sorbitan Caprylate, Polyacrylate Crosspolymer6, Cetearyl Alcohol, Propanediol, Glyceryl Stearate Citrate, Carbomer, Benzoic Acid, Sodium Hydroxide, Citric Acid, Potassium Sorbate, Sodium Benzoate",3,881,0.0,0.0,https://www.sephora.com/product/sephora-collection-glow-body-cream-P455220?icid2=products%20grid:p455220,2.0629276649746324,8.2407155076904
WASO: Fresh Jelly Essence,Shiseido,moisturizing-cream-oils-mists,32.0,"Dipropylene Glycol, Butylene Glycol, Glycerin, Betaine, Erythritol, Trehalose, PEG, Phenoxyethanol, Hydrogenated Dimer Dilinoleyl PEG44, PEG240, Carbomer, Lauryl Betaine, Fragrance, Dipotassium Glycyrrhizate, Potassium Hydroxide, Disodium Edta, Limonene, Hexyl Cinnamal, Butylphenyl Methylpropional, Benzyl Benzoate, Linalool, Lamium Album Flower, Sodium Benzoate, BHT, Tremella Fuciformis Polysaccharide, Tocopherol",16,3224,5.0,0.0,https://www.sephora.com/product/waso-fresh-jelly-lotion-P421773?icid2=products%20grid:p421773,5.0,6.4
Gentle Comfort Hydrating Cream for Sensitive Skin,Primera,moisturizing-cream-oils-mists,35.0,"Butylene Glycol, Glycerin, Butylene Glycol Dicaprylate, Pentaerythrityltetraisostearate, Squalane, Cetyl Ethylhexanoate, Dicaprylyl Ether, Behenyl Alcohol, Stearic Acid, Hydroxypropyl Bispalmitamide Mea, C1422 Alcohols, Hydroxypropyl Bislauramide Mea, Arachidyl Alcohol, Cholesterol, 12Hexanediol, Polyacrylate13, C1220 Alkyl Glucoside, Arachidyl Glucoside, Polyisobutene, Glyceryl Caprylate, Carbomer, Tromethamine, Ethylhexylglycerin, Polysorbate 20, Sorbitan Isostearate, Ceramide Np, Glucose, Tocopherol, Glycoproteins, Glycine Soja Oil",6,889,1.0,0.0,https://www.sephora.com/product/primera-gentle-comfort-hydrating-cream-for-sensitive-skin-P447183?icid2=products%20grid:p447183,1.0,35.0
Green Releaf CBD Calming Face Oil,Peter Thomas Roth,moisturizing-cream-oils-mists,90.0,"Persea Gratissima Oil, Vitis Vinifera Seed Oil, Salvia Hispanica Seed Oil, Rubus Fruticosus Seed, C912 Alkane, Tocopheryl Acetate, Cucumis Sativus Seed Oil, Bisabolol, Echium Plantagineum Seed Oil, Cannabidiol, Distilled Hemp Oil, Cannabis Sativa Seed Oil, Tocopherol, Zingiber Officinale Root Extract, Rosmarinus Officinalis Leaf Extract, Helianthus Annuus Seed Oil, Ceramide NP, Allantoin, Avena Sativa Kernel Extract, Daucus Carota Sativa Extract, Melia Azadirachta Leaf Extract, Caprylic, CocoCaprylate, Phenoxyethanol, Polysorbate 20, Sodium Benzoate, Potassium Sorbate, Lecithin, Ascorbyl Palmitate, Glyceryl Stearate, Glyceryl Oleate, Citric Acid, Glycerin, Sorbitol, Laminaria Digitata Extract, Gluconolactone, Xanthan Gum, Caprylyl Glycol, Diatomaceous Earth, Disodium EDTA, Glyceryl Caprylate, Yellow 11, Violet 2, Green 6",1,398,1.0,0.0,https://www.sephora.com/product/green-releaf-cbd-calming-face-oil-P448911?icid2=products%20grid:p448911,1.0,90.0
pores no more® Mattifying Hydrator Pore Minimizing Gel,Dr. Brandt Skincare,moisturizing-cream-oils-mists,48.0,"Dimethicone, Polysilicone11, Dimethicone, Butylene Glycol, Propanediol, Barium Sulfate, Polysorbate 20, Polymethylsilsesquioxane, Sodium Pca, Glycerin, Phenoxyethanol, Isohexadecane, Alcohol Denat, Carbomer, Tocopheryl Acetate, Ammonium Polyacryloyldimethyl Taurate, Tromethamine, Sodium Acrylates Copolymer, Sorbitol, Xanthan Gum, Titanium Dioxide, Lecithin, Polysorbate 80, Iris Florentina Root Extract, Mica, Ethylhexylglycerin, Zinc Sulfate, Retinyl Palmitate, Saccharide Isomerate, Polyglutamic Acid, Diatomaceous Earth, Methylsilanol Mannuronate, Caprylyl Glycol, Disodium EDTA, Glyceryl Caprylate, Tin Oxide",32,3205,1.7,0.0,https://www.sephora.com/product/pores-no-more-mattifying-hydrator-pore-minimizing-gel-P429661?icid2=products%20grid:p429661,1.7,28.235294117647058
Alpine Berry Water Oil-Free Gel Moisturizer,Primera,moisturizing-cream-oils-mists,40.0,"Glycerin, Propanediol, Silica, 12Hexanediol, Sodium Acrylate, Acrylates, Butylene Glycol, Tromethamine, Sodium Acrylic Acid, Artemisia Princeps Leaf Fragrance, Glyceryl Caprylate, Hydroxyethyl Acrylate, Disodium Edta, Ethylhexylglycerin, Caprylyl Glycol, Sorbitan Isostearate, Rubus Fruticosus Fruit Extract, Hydrolyzedcorn Starch, Pinus Sylvestris Leaf Extract, Fragaria Vesca Leaf Extract, Tocopherol",23,2721,1.5,0.0,https://www.sephora.com/product/primera-alpine-berry-water-oil-free-gel-moisturizer-P447188?icid2=products%20grid:p447188,1.5,26.66666666666667
Bird's Nest Blurring Beauty Mousse Foundation,Pretty Vulgar,moisturizing-cream-oils-mists,36.0,"Cyclopentasiloxane, Isododecane, Polysilicone11, Zinc Oxide, Polymethylsilsesquioxane, Hexyl Laurate, PEG10 Dimethicone, Polyglyceryl4 Isostearate, Alumina, Stearic Acid, Cetyl PEG, Triethoxycaprylylsilane, Cyclotetrasiloxane, Dipalmitoyl Hydroxyproline, Helianthus Annuus Seed Oil, Daemonorops Draco Extract, Tocopheryl Acetate, ",27,7529,1.0,0.0,https://www.sephora.com/product/birds-nest-blurring-beauty-mousse-P419268?icid2=products%20grid:p419268,1.0,36.0
Vital-Ice Cream,KENZOKI,moisturizing-cream-oils-mists,59.0,"Glycerin, Dimethylsilanol Hyaluronate, Isononyl Isononanoate, Hydrogenated Polyisobutene, Methylsilanol Hydroxyproline Aspartate, Carbomer, Silanediol Salicylate, Zingiber Officinale  Stearyl Heptanoate, Fragrance, Avena Sativa Kernel Extract, Scutellaria Baicalensis Root Extract, Alpinia Speciosa Leaf Extract, Sodium Hydroxide, Butylene Glycol, Hydrogenated Polydecene, 12Hexanediol, Caprylyl Glycol, EDTA, Potassium",5,416,1.7,0.0,https://www.sephora.com/product/vital-ice-cream-P399713?icid2=products%20grid:p399713,1.7,34.70588235294117
Exceptionoil,Go-To ,moisturizing-cream-oils-mists,39.0,"Monoi De Tahiti 60%, Sweet Almond Oil, Cocoa Butter, Jojoba Oil, Jojoba Butter, Mango Butter, Beeswax, Shea Butter, Karanja Oil, Fragrance, Sunflower Oil, Avocado Oil, Rosehip Oil, Calendula Oil, Evening Primrose Oil, Hemp Seed Oil, Tocopherol, Totarol, Rosemary Leaf Extract",15,1960,2.87,0.0,https://www.sephora.com/product/exceptionoil-P432266?icid2=products%20grid:p432266,2.87,13.588850174216027
VOLCASMIC™ Matte Glow Moisturizer,GLAMGLOW,moisturizing-cream-oils-mists,49.0,"Monoi De Tahiti 60%, Sweet Almond Oil, Cocoa Butter, Jojoba Oil, Jojoba Butter, Mango Butter, Beeswax, Shea Butter, Karanja Oil, Fragrance, Sunflower Oil, Avocado Oil, Rosehip Oil, Calendula Oil, Evening Primrose Oil, Hemp Seed Oil, Tocopherol, Totarol, Rosemary Leaf Extract",608,28145,1.7,0.0,https://www.sephora.com/product/volcasmic-matte-glow-moisturizer-P94325757?icid2=products%20grid:p94325757,1.7,28.823529411764714
Time Retreat Intensive Night Cream,Eve Lom,moisturizing-cream-oils-mists,140.0,"Monoi De Tahiti 60%, Sweet Almond Oil, Cocoa Butter, Jojoba Oil, Jojoba Butter, Mango Butter, Beeswax, Shea Butter, Karanja Oil, Fragrance, Sunflower Oil, Avocado Oil, Rosehip Oil, Calendula Oil, Evening Primrose Oil, Hemp Seed Oil, Tocopherol, Totarol, Rosemary Leaf Extract",1,633,1.7,0.0,https://www.sephora.com/product/time-retreat-intensive-night-cream-P419818?icid2=products%20grid:p419818,1.7,82.3529411764706
Vitamin C Suncare Broad Spectrum SPF 30 Sunscreen,Obagi Clinical,moisturizing-cream-oils-mists,58.0,"Monoi De Tahiti 60%, Sweet Almond Oil, Cocoa Butter, Jojoba Oil, Jojoba Butter, Mango Butter, Beeswax, Shea Butter, Karanja Oil, Fragrance, Sunflower Oil, Avocado Oil, Rosehip Oil, Calendula Oil, Evening Primrose Oil, Hemp Seed Oil, Tocopherol, Totarol, Rosemary Leaf Extract",53,1055,1.7,0.0,https://www.sephora.com/product/vitamin-c-suncare-broad-spectrum-spf-30-sunscreen-P439428?icid2=products%20grid:p439428,1.7,34.117647058823536
Clinique Smart Clinical™ MD Multi-Dimensional Age Transformer Revolumize,CLINIQUE,moisturizing-cream-oils-mists,69.0,"Water\Aqua\Eau, Butylene Glycol, Butyrospermum Parkii, Cetearyl Alcohol, Hydrogenated Polyisobutene, Phenyl Trimethicone, Sucrose, Glycerin, Polyglyceryl3 Beeswax, Cetyl Esters, Isostearyl Neopentanoate, Peg100 Stearate, Hdi, Cetearyl Glucoside, Acetyl Glucosamine, Sigesbeckia Orientalis Extract, Yeast Extract\Faex\Extrait De Levure, Methyl Glucose Sesquistearate, Centaurium Erythraea Extract, Micrococcus Lysate, Polysilicone11, Acetyl Octapeptide3, Acetyl Hexapeptide8, Ergothioneine, Biotin, Whey Protein\Lactis Protein\Protéine Du PetitLait, Ursolic Acid, Dipeptide Diaminobutyroyl Benzylamide Diacetate, Glycine Soja Protein, Tocopheryl Acetate, Camellia Sinensis Leaf Extract, Isoleucine, Saccharomyces Ferment Filtrate, Leucine, Soy Amino Acids, Carbomer, Polymethyl Methacrylate, Hydroxyethyl Urea, Caffeine, Caprylyl Glycol, Pyrus Malus Fruit Extract, Polybutene, Hydrolyzed Soy Protein, Dimethicone, Sodium Hyaluronate, Linoleic Acid, Stearic Acid, Aminomethyl Propanol, Adenosine Phosphate, Acetyl Carnitine Hcl, Creatine, Menthanediol, Lecithin, Aminopropyl Ascorbyl Phosphate, Silica, 12Hexanediol, Calcium Chloride, Hydroxyethylcellulose, Sodium Citrate, Citric Acid, Disodium Edta, Potassium Sorbate, Bht, Sodium Benzoate, Sodium Dehydroacetate, Phenoxyethanol, Ext Violet 2, Red 33",6,312,1.7,0.0,https://www.sephora.com/product/clinique-smart-clinical-md-multi-dimensional-age-transformer-revolumize-P448563?icid2=products%20grid:p448563,1.7,40.588235294117645
Ultra Repair Cream Rosemary Mint,First Aid Beauty,moisturizing-cream-oils-mists,34.0,"Water\Aqua\Eau, Butylene Glycol, Butyrospermum Parkii, Cetearyl Alcohol, Hydrogenated Polyisobutene, Phenyl Trimethicone, Sucrose, Glycerin, Polyglyceryl3 Beeswax, Cetyl Esters, Isostearyl Neopentanoate, Peg100 Stearate, Hdi, Cetearyl Glucoside, Acetyl Glucosamine, Sigesbeckia Orientalis Extract, Yeast Extract\Faex\Extrait De Levure, Methyl Glucose Sesquistearate, Centaurium Erythraea Extract, Micrococcus Lysate, Polysilicone11, Acetyl Octapeptide3, Acetyl Hexapeptide8, Ergothioneine, Biotin, Whey Protein\Lactis Protein\Protéine Du PetitLait, Ursolic Acid, Dipeptide Diaminobutyroyl Benzylamide Diacetate, Glycine Soja Protein, Tocopheryl Acetate, Camellia Sinensis Leaf Extract, Isoleucine, Saccharomyces Ferment Filtrate, Leucine, Soy Amino Acids, Carbomer, Polymethyl Methacrylate, Hydroxyethyl Urea, Caffeine, Caprylyl Glycol, Pyrus Malus Fruit Extract, Polybutene, Hydrolyzed Soy Protein, Dimethicone, Sodium Hyaluronate, Linoleic Acid, Stearic Acid, Aminomethyl Propanol, Adenosine Phosphate, Acetyl Carnitine Hcl, Creatine, Menthanediol, Lecithin, Aminopropyl Ascorbyl Phosphate, Silica, 12Hexanediol, Calcium Chloride, Hydroxyethylcellulose, Sodium Citrate, Citric Acid, Disodium Edta, Potassium Sorbate, Bht, Sodium Benzoate, Sodium Dehydroacetate, Phenoxyethanol, Ext Violet 2, Red 33",5,1188,6.0,0.0,https://www.sephora.com/product/ultra-repair-cream-rosemary-mint-P445926?icid2=products%20grid:p445926,6.0,5.666666666666668
Nourish Daily Moisturizer,Kate Somerville,moisturizing-cream-oils-mists,65.0,"Water\Aqua\Eau, Butylene Glycol, Butyrospermum Parkii, Cetearyl Alcohol, Hydrogenated Polyisobutene, Phenyl Trimethicone, Sucrose, Glycerin, Polyglyceryl3 Beeswax, Cetyl Esters, Isostearyl Neopentanoate, Peg100 Stearate, Hdi, Cetearyl Glucoside, Acetyl Glucosamine, Sigesbeckia Orientalis Extract, Yeast Extract\Faex\Extrait De Levure, Methyl Glucose Sesquistearate, Centaurium Erythraea Extract, Micrococcus Lysate, Polysilicone11, Acetyl Octapeptide3, Acetyl Hexapeptide8, Ergothioneine, Biotin, Whey Protein\Lactis Protein\Protéine Du PetitLait, Ursolic Acid, Dipeptide Diaminobutyroyl Benzylamide Diacetate, Glycine Soja Protein, Tocopheryl Acetate, Camellia Sinensis Leaf Extract, Isoleucine, Saccharomyces Ferment Filtrate, Leucine, Soy Amino Acids, Carbomer, Polymethyl Methacrylate, Hydroxyethyl Urea, Caffeine, Caprylyl Glycol, Pyrus Malus Fruit Extract, Polybutene, Hydrolyzed Soy Protein, Dimethicone, Sodium Hyaluronate, Linoleic Acid, Stearic Acid, Aminomethyl Propanol, Adenosine Phosphate, Acetyl Carnitine Hcl, Creatine, Menthanediol, Lecithin, Aminopropyl Ascorbyl Phosphate, Silica, 12Hexanediol, Calcium Chloride, Hydroxyethylcellulose, Sodium Citrate, Citric Acid, Disodium Edta, Potassium Sorbate, Bht, Sodium Benzoate, Sodium Dehydroacetate, Phenoxyethanol, Ext Violet 2, Red 33",270,8551,1.7,0.0,https://www.sephora.com/product/nourish-daily-moisturizer-P232901?icid2=products%20grid:p232901,1.7,38.23529411764706
Ultra Repair Cream Cucumber Melon,First Aid Beauty,moisturizing-cream-oils-mists,34.0,"Water\Aqua\Eau, Butylene Glycol, Butyrospermum Parkii, Cetearyl Alcohol, Hydrogenated Polyisobutene, Phenyl Trimethicone, Sucrose, Glycerin, Polyglyceryl3 Beeswax, Cetyl Esters, Isostearyl Neopentanoate, Peg100 Stearate, Hdi, Cetearyl Glucoside, Acetyl Glucosamine, Sigesbeckia Orientalis Extract, Yeast Extract\Faex\Extrait De Levure, Methyl Glucose Sesquistearate, Centaurium Erythraea Extract, Micrococcus Lysate, Polysilicone11, Acetyl Octapeptide3, Acetyl Hexapeptide8, Ergothioneine, Biotin, Whey Protein\Lactis Protein\Protéine Du PetitLait, Ursolic Acid, Dipeptide Diaminobutyroyl Benzylamide Diacetate, Glycine Soja Protein, Tocopheryl Acetate, Camellia Sinensis Leaf Extract, Isoleucine, Saccharomyces Ferment Filtrate, Leucine, Soy Amino Acids, Carbomer, Polymethyl Methacrylate, Hydroxyethyl Urea, Caffeine, Caprylyl Glycol, Pyrus Malus Fruit Extract, Polybutene, Hydrolyzed Soy Protein, Dimethicone, Sodium Hyaluronate, Linoleic Acid, Stearic Acid, Aminomethyl Propanol, Adenosine Phosphate, Acetyl Carnitine Hcl, Creatine, Menthanediol, Lecithin, Aminopropyl Ascorbyl Phosphate, Silica, 12Hexanediol, Calcium Chloride, Hydroxyethylcellulose, Sodium Citrate, Citric Acid, Disodium Edta, Potassium Sorbate, Bht, Sodium Benzoate, Sodium Dehydroacetate, Phenoxyethanol, Ext Violet 2, Red 33",10,1207,6.0,0.0,https://www.sephora.com/product/ultra-repair-cream-cucumber-melon-P445925?icid2=products%20grid:p445925,6.0,5.666666666666668
Brightening Face Lotion,Dr. Barbara Sturm,moisturizing-cream-oils-mists,205.0,"Water, Glycerin, CocoCaprylate, Methylpropanediol, Lactobacillus, Silica, Butylene Glycol, Dicaprylyl Ether, Hydrogenated Vegetable Glycerides, Limnanthes Alba Seed Oil, Tocopheryl Acetate, Dimethicone, Panthenol, Phenoxyethanol, Potassium Cetyl Phosphate, Sodium Potassium Aluminum Silicate, Cetearyl Alcohol, Hydrogenated Palm Glycerides, Xanthan Gum, Alcohol, Carbomer, Ethylhexylglycerin, Lecithin, Sodium Hydroxide, Panax Ginseng Root Extract, Disodium EDTA, Sodium Hyaluronate, Caprylic, Alteromonas Ferment Extract, Biosaccharide Gum1, Leuconostoc, Pantolactone, Lepidium Sativum Sprout Extract, Soy Isoflavones, Ascorbyl Palmitate, Citric Acid, Ascorbic Acid, Iron Oxides, Titanium Dioxide",0,195,1.69,0.0,https://www.sephora.com/product/dr-barbara-sturm-brightening-face-lotion-P448551?icid2=products%20grid:p448551,1.69,121.301775147929
Moisturizing Hand Cream,Fresh,moisturizing-cream-oils-mists,14.0,"Water, Glycerin, CocoCaprylate, Methylpropanediol, Lactobacillus, Silica, Butylene Glycol, Dicaprylyl Ether, Hydrogenated Vegetable Glycerides, Limnanthes Alba Seed Oil, Tocopheryl Acetate, Dimethicone, Panthenol, Phenoxyethanol, Potassium Cetyl Phosphate, Sodium Potassium Aluminum Silicate, Cetearyl Alcohol, Hydrogenated Palm Glycerides, Xanthan Gum, Alcohol, Carbomer, Ethylhexylglycerin, Lecithin, Sodium Hydroxide, Panax Ginseng Root Extract, Disodium EDTA, Sodium Hyaluronate, Caprylic, Alteromonas Ferment Extract, Biosaccharide Gum1, Leuconostoc, Pantolactone, Lepidium Sativum Sprout Extract, Soy Isoflavones, Ascorbyl Palmitate, Citric Acid, Ascorbic Acid, Iron Oxides, Titanium Dioxide",19,3840,1.0,0.0,https://www.sephora.com/product/moisturizing-hand-cream-P420141?icid2=products%20grid:p420141,1.0,14.0
Moisture Cream,Eve Lom,moisturizing-cream-oils-mists,150.0,"Water, Glycerin, CocoCaprylate, Methylpropanediol, Lactobacillus, Silica, Butylene Glycol, Dicaprylyl Ether, Hydrogenated Vegetable Glycerides, Limnanthes Alba Seed Oil, Tocopheryl Acetate, Dimethicone, Panthenol, Phenoxyethanol, Potassium Cetyl Phosphate, Sodium Potassium Aluminum Silicate, Cetearyl Alcohol, Hydrogenated Palm Glycerides, Xanthan Gum, Alcohol, Carbomer, Ethylhexylglycerin, Lecithin, Sodium Hydroxide, Panax Ginseng Root Extract, Disodium EDTA, Sodium Hyaluronate, Caprylic, Alteromonas Ferment Extract, Biosaccharide Gum1, Leuconostoc, Pantolactone, Lepidium Sativum Sprout Extract, Soy Isoflavones, Ascorbyl Palmitate, Citric Acid, Ascorbic Acid, Iron Oxides, Titanium Dioxide",5,436,1.6,0.0,https://www.sephora.com/product/the-essential-moisture-cream-P443814?icid2=products%20grid:p443814,1.6,93.75
Plantscription™ Powerful Lifting Concentrate,Origins,moisturizing-cream-oils-mists,65.0,"Water, Glycerin, CocoCaprylate, Methylpropanediol, Lactobacillus, Silica, Butylene Glycol, Dicaprylyl Ether, Hydrogenated Vegetable Glycerides, Limnanthes Alba Seed Oil, Tocopheryl Acetate, Dimethicone, Panthenol, Phenoxyethanol, Potassium Cetyl Phosphate, Sodium Potassium Aluminum Silicate, Cetearyl Alcohol, Hydrogenated Palm Glycerides, Xanthan Gum, Alcohol, Carbomer, Ethylhexylglycerin, Lecithin, Sodium Hydroxide, Panax Ginseng Root Extract, Disodium EDTA, Sodium Hyaluronate, Caprylic, Alteromonas Ferment Extract, Biosaccharide Gum1, Leuconostoc, Pantolactone, Lepidium Sativum Sprout Extract, Soy Isoflavones, Ascorbyl Palmitate, Citric Acid, Ascorbic Acid, Iron Oxides, Titanium Dioxide",5,2221,1.0,0.0,https://www.sephora.com/product/plantscription-tm-powerful-lifting-concentrate-P416814?icid2=products%20grid:p416814,1.0,65.0
Holy Yoni Adaptogenic Oil,Moon Juice,moisturizing-cream-oils-mists,48.0,"Water, Glycerin, CocoCaprylate, Methylpropanediol, Lactobacillus, Silica, Butylene Glycol, Dicaprylyl Ether, Hydrogenated Vegetable Glycerides, Limnanthes Alba Seed Oil, Tocopheryl Acetate, Dimethicone, Panthenol, Phenoxyethanol, Potassium Cetyl Phosphate, Sodium Potassium Aluminum Silicate, Cetearyl Alcohol, Hydrogenated Palm Glycerides, Xanthan Gum, Alcohol, Carbomer, Ethylhexylglycerin, Lecithin, Sodium Hydroxide, Panax Ginseng Root Extract, Disodium EDTA, Sodium Hyaluronate, Caprylic, Alteromonas Ferment Extract, Biosaccharide Gum1, Leuconostoc, Pantolactone, Lepidium Sativum Sprout Extract, Soy Isoflavones, Ascorbyl Palmitate, Citric Acid, Ascorbic Acid, Iron Oxides, Titanium Dioxide",11,2122,1.0,0.0,https://www.sephora.com/product/holy-yoni-adaptogenic-oil-P439416?icid2=products%20grid:p439416,1.0,48.0
Cosmic Maracuja Concentrated Face Balm,tarte,moisturizing-cream-oils-mists,42.0,"Prunus Amygdalus Dulcis Oil, CocoCaprylate, Dextrin Palmitate, Silica, Sorbitan Sesquioleate, Helianthus Annuus Seed Oil, Oryza Sativa Bran Oil, Tocopheryl Acetate, Simmondsia Chinensis Seed Oil, Limnanthes Alba Seed Oil, Oenothera Biennis Oil, Vitis Vinifera Seed Oil, Eclipta Prostrata Extract, Melia Azadirachta Leaf Extract, Melia Azadirachta Flower Extract, Corallina Officinalis Extract, Tocopherol, Coccinia Indica Fruit Extract, Passiflora Edulis Seed Oil, Solanum Melongena Fruit Extract, Aloe Barbadensis Flower Extract, Moringa Pterygosperma Oil, Curcuma Longa Root Extract, Ocimum Basilicum Flower, Ocimum Sanctum Leaf Extract, Phenoxyethanol, Gold",25,3999,0.88,0.0,https://www.sephora.com/product/cosmic-maracuja-concentrated-face-balm-P433154?icid2=products%20grid:p433154,0.88,47.72727272727273
Moisturizing Skin Guardian,KENZOKI,moisturizing-cream-oils-mists,45.0,"Glycerin, Methyl Trimethicone, Caprylic, Pentylene Glycol, Isononyl Isononanoate, Cetearyl Isononanoate, Cetyl Alcohol, Stearyl Alcohol, Nelumbo Nucifera Root Fragrance, Phenoxyethanol, Sodium Polyacrylate, Dimethicone, Polymethyl Methacrylate, Steareth21, Caprylyl Glycol, Palmitic Acid, Stearic Acid, Tromethamine, Butylene Glycol, Carbomer, Tocopheryl Acetate, Sodium Hyaluronate, Ophiopogon Japonicus Root Extract, Nelumbo Nucifera Flower Extract, Helianthus Annuus Seed Extract, Ethylhexylglycerin, Sanguisorba Officinalis Root Extract, Hydrolyzed Millet, Citric Acid, Xanthan Gum, AlphaIsomethyl Ionone, Hexyl Cinnamal, Hydroxyisohexyl 3Cyclohexene Carboxaldehyde, Hydroxycitronellal, BHT, Linalool, CI 42090",23,1302,1.7,0.0,https://www.sephora.com/product/moisturizing-skin-guardian-P399711?icid2=products%20grid:p399711,1.7,26.470588235294123
SPLASH Absolute Hydration Replenishing Sleeping Pack,Algenist,moisturizing-cream-oils-mists,48.0,"Butylene Glycol, Dimethicone, Glycerin, Isohexadecane, Ammonium Acryloyldimethyltaurate, Algae Exopolysaccharides, Porphyridium Cruentum Extract, Rhizobian Gum, Sea Water, Enteromorpha Compressa Extract, Citrullus Lanatus Fruit Extract, Lens Esculenta Fruit Extract, Pyrus Malus Fruit Extract, BetaGlucan, 12Hexanediol, Magnesium Aspartate, Zinc Gluconate, Chondrus Crispus Extract, Copper Gluconate, Sodium Hyaluronate Crosspolymer, Sodium Lactate, Disodium EDTA, Sodium PCA, Sodium Hydroxide, Propanediol, Ethylhexylglycerin, Sodium Benzoate, Potassium Sorbate, Pentylene Glycol, Caprylyl Glycol, Chlorphenesin, Phenoxyethanol, Fragrance, Benzyl Benzoate, Butylphenyl Methylpropional, Hexyl Cinnamal, Hydroxyisohexyl 3Cyclohexene Carboxaldehyde, Blue 1",52,2057,2.0,0.0,https://www.sephora.com/product/splash-absolute-hydration-replenishing-sleeping-pack-P407333?icid2=products%20grid:p407333,2.0,24.0
Pure Brightening Sleeping Mask,Primera,moisturizing-cream-oils-mists,55.0,"Butylene Glycol, Dimethicone, Glycerin, Isohexadecane, Ammonium Acryloyldimethyltaurate, Algae Exopolysaccharides, Porphyridium Cruentum Extract, Rhizobian Gum, Sea Water, Enteromorpha Compressa Extract, Citrullus Lanatus Fruit Extract, Lens Esculenta Fruit Extract, Pyrus Malus Fruit Extract, BetaGlucan, 12Hexanediol, Magnesium Aspartate, Zinc Gluconate, Chondrus Crispus Extract, Copper Gluconate, Sodium Hyaluronate Crosspolymer, Sodium Lactate, Disodium EDTA, Sodium PCA, Sodium Hydroxide, Propanediol, Ethylhexylglycerin, Sodium Benzoate, Potassium Sorbate, Pentylene Glycol, Caprylyl Glycol, Chlorphenesin, Phenoxyethanol, Fragrance, Benzyl Benzoate, Butylphenyl Methylpropional, Hexyl Cinnamal, Hydroxyisohexyl 3Cyclohexene Carboxaldehyde, Blue 1",3,2124,3.3,0.0,https://www.sephora.com/product/primera-pure-brightening-sleeping-mask-P447190?icid2=products%20grid:p447190,3.3,16.666666666666668
Time Retreat Radiance Essence,Eve Lom,moisturizing-cream-oils-mists,95.0,"Butylene Glycol, Dimethicone, Glycerin, Isohexadecane, Ammonium Acryloyldimethyltaurate, Algae Exopolysaccharides, Porphyridium Cruentum Extract, Rhizobian Gum, Sea Water, Enteromorpha Compressa Extract, Citrullus Lanatus Fruit Extract, Lens Esculenta Fruit Extract, Pyrus Malus Fruit Extract, BetaGlucan, 12Hexanediol, Magnesium Aspartate, Zinc Gluconate, Chondrus Crispus Extract, Copper Gluconate, Sodium Hyaluronate Crosspolymer, Sodium Lactate, Disodium EDTA, Sodium PCA, Sodium Hydroxide, Propanediol, Ethylhexylglycerin, Sodium Benzoate, Potassium Sorbate, Pentylene Glycol, Caprylyl Glycol, Chlorphenesin, Phenoxyethanol, Fragrance, Benzyl Benzoate, Butylphenyl Methylpropional, Hexyl Cinnamal, Hydroxyisohexyl 3Cyclohexene Carboxaldehyde, Blue 1",6,863,5.0,0.0,https://www.sephora.com/product/time-retreat-radiance-essence-P440321?icid2=products%20grid:p440321,5.0,19.0
"Ready, Set, Radiant Skin Mist",tarte,moisturizing-cream-oils-mists,25.0,"Butylene Glycol, Dimethicone, Glycerin, Isohexadecane, Ammonium Acryloyldimethyltaurate, Algae Exopolysaccharides, Porphyridium Cruentum Extract, Rhizobian Gum, Sea Water, Enteromorpha Compressa Extract, Citrullus Lanatus Fruit Extract, Lens Esculenta Fruit Extract, Pyrus Malus Fruit Extract, BetaGlucan, 12Hexanediol, Magnesium Aspartate, Zinc Gluconate, Chondrus Crispus Extract, Copper Gluconate, Sodium Hyaluronate Crosspolymer, Sodium Lactate, Disodium EDTA, Sodium PCA, Sodium Hydroxide, Propanediol, Ethylhexylglycerin, Sodium Benzoate, Potassium Sorbate, Pentylene Glycol, Caprylyl Glycol, Chlorphenesin, Phenoxyethanol, Fragrance, Benzyl Benzoate, Butylphenyl Methylpropional, Hexyl Cinnamal, Hydroxyisohexyl 3Cyclohexene Carboxaldehyde, Blue 1",168,7782,2.5,0.0,https://www.sephora.com/product/ready-set-radiant-skin-mist-P420444?icid2=products%20grid:p420444,2.5,10.0
Purity Made Simple Hydra-Essence with Coconut Water,philosophy,moisturizing-cream-oils-mists,22.0,"Glycerin, Peg8, Cocos Nucifera Fruit Juice, Phenoxyethanol, Polysorbate 80, Panthenol, 12Hexanediol, Caprylyl Glycol, Sodium Citrate, Xanthan Gum, Disodium Edta, Parfum, Linalool, Sodium Pca, Sodium Hyaluronate, Ascorbyl Glucoside, Citric Acid, Geraniol, Pantolactone, Sodium Hydroxide, Citronellol, Benzyl Benzoate, Limonene",11,1218,6.7,0.0,https://www.sephora.com/product/purity-made-simple-hydra-essence-with-coconut-water-P442006?icid2=products%20grid:p442006,6.7,3.2835820895522385
Pretty Pop Probiotic Power Whipped Cream,Saturday Skin,moisturizing-cream-oils-mists,57.0,"Glycerin, Peg8, Cocos Nucifera Fruit Juice, Phenoxyethanol, Polysorbate 80, Panthenol, 12Hexanediol, Caprylyl Glycol, Sodium Citrate, Xanthan Gum, Disodium Edta, Parfum, Linalool, Sodium Pca, Sodium Hyaluronate, Ascorbyl Glucoside, Citric Acid, Geraniol, Pantolactone, Sodium Hydroxide, Citronellol, Benzyl Benzoate, Limonene",19,1780,1.69,0.0,https://www.sephora.com/product/product-pretty-pop-probiotic-power-whipped-cream-P442963?icid2=products%20grid:p442963,1.69,33.72781065088758
PRE:EMPT SERIES™ The Fixer Solid Oil Balm,Perricone MD,moisturizing-cream-oils-mists,38.0,"Caprylic, Dicaprylyl Carbonate, Dextrin Palmitate, Oryza Sativa Bran Oil, Sorbitan Sesquioleate, Fragrance, Persea Gratissima Oil, Hydrogenated Vegetable Oil, Phenoxythenol, Diethylhexyl Syringylidenemalonate, Cocos Nucifera Oil, Carthamus Tinctorius Seed Oil, Olea Europaea Leaf Extract, Olea Europaea Fruit Oil, Camellia Sinensis Leaf Extract, Caprylic, Tetrahydrodiferuloylmethane, Tetrahydrodemethoxydiferulolylmethane, Tetrahydrobisdemethoxydiferulolymethane, Glycerin, Lecithin, Tocopheryl Acetate",14,3335,0.7,0.0,https://www.sephora.com/product/pre-empt-series-fixer-solid-oil-balm-P415709?icid2=products%20grid:p415709,0.7,54.28571428571429
Treatment Softener,Shiseido,moisturizing-cream-oils-mists,50.0,"Dipropylene Glycol, Sd Alcohol 40B, Glycerin, Diglycerin, Peg, Peg20, Hydrogenated Dimer Dilinoleyl Peg44, Phenoxyethanol, Methylparaben, Carbomer, Erythritol, Fragrance, Disodium Edta, Alcohol, Potassium Hydroxide, Butylene Glycol, Linalool, Sapindus Mukorossi Peel Extract, Sodium Metabisulfite, Citronellol, Geraniol, Magnesium Chloride, Theanine, Calcium Chloride, Serine, Hamamelis Virginiana Leaf Extract, Zingiber Aromaticus Extract, Sodium Acetylated Hyaluronate, Tocopherol, Artemisia Princeps Leaf Extract",6,801,5.0,0.0,https://www.sephora.com/product/treatment-softener-P433620?icid2=products%20grid:p433620,5.0,10.0
Bondi Hydrating Mist,Dr Roebuck's,moisturizing-cream-oils-mists,25.0,"Dipropylene Glycol, Sd Alcohol 40B, Glycerin, Diglycerin, Peg, Peg20, Hydrogenated Dimer Dilinoleyl Peg44, Phenoxyethanol, Methylparaben, Carbomer, Erythritol, Fragrance, Disodium Edta, Alcohol, Potassium Hydroxide, Butylene Glycol, Linalool, Sapindus Mukorossi Peel Extract, Sodium Metabisulfite, Citronellol, Geraniol, Magnesium Chloride, Theanine, Calcium Chloride, Serine, Hamamelis Virginiana Leaf Extract, Zingiber Aromaticus Extract, Sodium Acetylated Hyaluronate, Tocopherol, Artemisia Princeps Leaf Extract",22,2077,3.38,0.0,https://www.sephora.com/product/bondi-hydrating-mist-P430945?icid2=products%20grid:p430945,3.38,7.396449704142013
Luxury Face Cream,RODIN olio lusso ,moisturizing-cream-oils-mists,95.0,"Dipropylene Glycol, Sd Alcohol 40B, Glycerin, Diglycerin, Peg, Peg20, Hydrogenated Dimer Dilinoleyl Peg44, Phenoxyethanol, Methylparaben, Carbomer, Erythritol, Fragrance, Disodium Edta, Alcohol, Potassium Hydroxide, Butylene Glycol, Linalool, Sapindus Mukorossi Peel Extract, Sodium Metabisulfite, Citronellol, Geraniol, Magnesium Chloride, Theanine, Calcium Chloride, Serine, Hamamelis Virginiana Leaf Extract, Zingiber Aromaticus Extract, Sodium Acetylated Hyaluronate, Tocopherol, Artemisia Princeps Leaf Extract",14,411,0.0,0.0,https://www.sephora.com/product/luxury-face-cream-P442554?icid2=products%20grid:p442554,2.0629276649746324,46.051057248858115
Nilotica Goddess Glow,LXMI,moisturizing-cream-oils-mists,42.0,"Butyrospermum Parkii Fruit, Ethyl, Acadamiate, Glycerin, Potassium Cetyl, Phosphate, Rhus Verniciflua Peel Cera, Sodium Levulinate, Cetearyl Olivate, Sorbitan Olivate, Chondrus Cripus, Xylitylglucoside, Anhydroxylitol, Xylitol, Caprylic Capric Triglyceride, Undaria Pinnatifida Extract, Citric Acid, Mica, Titanium Dioxide, Iron Oxides",10,1813,0.0,0.0,https://www.sephora.com/product/nilotica-goddess-glow-P427737?icid2=products%20grid:p427737,2.0629276649746324,20.35941478370569
Vita-Mineral Daily Supplement Moisturising Cream,REN Clean Skincare,moisturizing-cream-oils-mists,42.0,"Butyrospermum Parkii Fruit, Ethyl, Acadamiate, Glycerin, Potassium Cetyl, Phosphate, Rhus Verniciflua Peel Cera, Sodium Levulinate, Cetearyl Olivate, Sorbitan Olivate, Chondrus Cripus, Xylitylglucoside, Anhydroxylitol, Xylitol, Caprylic Capric Triglyceride, Undaria Pinnatifida Extract, Citric Acid, Mica, Titanium Dioxide, Iron Oxides",145,3226,1.7,0.0,https://www.sephora.com/product/vita-mineral-day-cream-P214001?icid2=products%20grid:p214001,1.7,24.705882352941174
Balancing Moisturizer & Gentle Exfoliant,Alpha-H,moisturizing-cream-oils-mists,62.0,"Glycolic Acid, Aloe Barbadensis Leaf Juice, Potassium Hydroxide, Cetyl Alcohol, Cyclomethicone, Ethylhexyl Palmitate, Sorbitol, Ceteth20, Stearic Acid, Peg100 Stearate, Glyceryl Stearate, Stearyl Heptanoate, Prunus Amygdalus Dulcis Oil, Glycerin, Phenoxyethanol, Polysorbate 20, Dimethicone, Hyaluronic Acid, Hydrolysed Collagen, Tocopheryl Acetate, Menthol, Piroctone Olamine, Camellia Sinensis Leaf Extract",5,490,1.69,0.0,https://www.sephora.com/product/balancing-moisturizer-P442541?icid2=products%20grid:p442541,1.69,36.68639053254439
Neck & Décolléte Wrap Skin Perfecting Silicone Treatment,Nurse Jamie,moisturizing-cream-oils-mists,28.0,"Glycolic Acid, Aloe Barbadensis Leaf Juice, Potassium Hydroxide, Cetyl Alcohol, Cyclomethicone, Ethylhexyl Palmitate, Sorbitol, Ceteth20, Stearic Acid, Peg100 Stearate, Glyceryl Stearate, Stearyl Heptanoate, Prunus Amygdalus Dulcis Oil, Glycerin, Phenoxyethanol, Polysorbate 20, Dimethicone, Hyaluronic Acid, Hydrolysed Collagen, Tocopheryl Acetate, Menthol, Piroctone Olamine, Camellia Sinensis Leaf Extract",2,1736,0.0,0.0,https://www.sephora.com/product/neck-decollete-wrap-skin-perfecting-silicone-treatment-P436644?icid2=products%20grid:p436644,2.0629276649746324,13.57294318913713
Nurture Me™ Moisturizing Crème,OLEHENRIKSEN,moisturizing-cream-oils-mists,40.0,"Glycolic Acid, Aloe Barbadensis Leaf Juice, Potassium Hydroxide, Cetyl Alcohol, Cyclomethicone, Ethylhexyl Palmitate, Sorbitol, Ceteth20, Stearic Acid, Peg100 Stearate, Glyceryl Stearate, Stearyl Heptanoate, Prunus Amygdalus Dulcis Oil, Glycerin, Phenoxyethanol, Polysorbate 20, Dimethicone, Hyaluronic Acid, Hydrolysed Collagen, Tocopheryl Acetate, Menthol, Piroctone Olamine, Camellia Sinensis Leaf Extract",1000,20170,0.0,1.7,https://www.sephora.com/product/nurture-me-moisturizing-creme-P42335?icid2=products%20grid:p42335,1.7,23.529411764705888
Radiance Face Mist,Eve Lom,moisturizing-cream-oils-mists,45.0,"Rosa Damascena Flower Propanediol, Betaine, Xylitylglucoside, Maris Aqua, Zinc Pca, Anhydroxylitol, Ectoin, Xylitol, Polyglyceryl4 Caprate, Potassium Sorbate, Disodium Edta, Polyquaternium51, Tephrosia Purpurea Seed Extract, Magnesium Aspartate, Zinc Gluconate, Geraniol, Rosa Damascena Flower Oil, Phenoxyethanol, Citronellol, Copper Gluconate, Hydrolyzed Rhodophyceae Extract, Ethylhexylglycerin",5,1680,1.6,0.0,https://www.sephora.com/product/radiance-face-mist-P431528?icid2=products%20grid:p431528,1.6,28.125
Repairwear Laser Focus Line Smoothing Cream Broad Spectrum SPF 15 for Combination Oily to Oily Skin,CLINIQUE,moisturizing-cream-oils-mists,51.0,"Octinoxate 75%, Titanium Dioxide 15% Cetyl Ethylhexanoate, Butylene Glycol, Octyldodecyl Neopentanoate, Peg100 Stearate, Glyceryl Stearate, Glycerin, Hydrogenated Lecithin, Polyethylene, Pentylene Glycol, Silica, Citrus Reticulata Peel Extract, Saccharomyces Lysate Extract, Polygonum Cuspidatum Root Extract, Algae Extract, Triticum Vulgare Bran Extract, Coffea Robusta Seed Extract, Astrocaryum Murumuru Seed Butter, Padina Pavonica Thallus Extract, Betula Alba Bark Extract, Creatine, Adenosine Phosphate, Laurdimonium Hydroxypropyl Hydrolyzed Soy Protein, Linoleic Acid, Hydrolyzed Rice Extract, Hydroxyproline, Olea Europaea Fruit Extract, Sigesbeckia Orientalis Extract, Coleus Barbatus Extract, Acetyl Hexapeptide8, Sodium Dna, Caffeine, Cholesterol, Ethylhexyl Stearate, Sorbitol, Ethylhexyl Palmitate, Decarboxy Carnosine Hcl, Phytosphingosine, Propylene Glycol Dicaprate, Disodium Nadh, Caprylyl Glycol, Acrylates Copolymer, Trehalose, Sodium Rna, Cetyl Alcohol, Dipalmitoyl Hydroxyproline, Proline, Aminopropyl Ascorbyl Phosphate, Behenyl Alcohol, Methicone, Hexylene Glycol, Xanthan Gum, Sodium Hyaluronate, Potassium Hydroxide, Potassium Sulfate, Glycine, Potassium Sorbate, Aluminum Hydroxide, Lecithin, Carbomer, Disodium Edta, Phenoxyethanol",3,509,1.7,0.0,https://www.sephora.com/product/repairwear-laser-focus-line-smoothing-cream-broad-spectrum-spf-15-for-combination-oily-to-oily-skin-P406656?icid2=products%20grid:p406656,1.7,30.0
Save Face Oil,Kopari,moisturizing-cream-oils-mists,46.0,"Octinoxate 75%, Titanium Dioxide 15% Cetyl Ethylhexanoate, Butylene Glycol, Octyldodecyl Neopentanoate, Peg100 Stearate, Glyceryl Stearate, Glycerin, Hydrogenated Lecithin, Polyethylene, Pentylene Glycol, Silica, Citrus Reticulata Peel Extract, Saccharomyces Lysate Extract, Polygonum Cuspidatum Root Extract, Algae Extract, Triticum Vulgare Bran Extract, Coffea Robusta Seed Extract, Astrocaryum Murumuru Seed Butter, Padina Pavonica Thallus Extract, Betula Alba Bark Extract, Creatine, Adenosine Phosphate, Laurdimonium Hydroxypropyl Hydrolyzed Soy Protein, Linoleic Acid, Hydrolyzed Rice Extract, Hydroxyproline, Olea Europaea Fruit Extract, Sigesbeckia Orientalis Extract, Coleus Barbatus Extract, Acetyl Hexapeptide8, Sodium Dna, Caffeine, Cholesterol, Ethylhexyl Stearate, Sorbitol, Ethylhexyl Palmitate, Decarboxy Carnosine Hcl, Phytosphingosine, Propylene Glycol Dicaprate, Disodium Nadh, Caprylyl Glycol, Acrylates Copolymer, Trehalose, Sodium Rna, Cetyl Alcohol, Dipalmitoyl Hydroxyproline, Proline, Aminopropyl Ascorbyl Phosphate, Behenyl Alcohol, Methicone, Hexylene Glycol, Xanthan Gum, Sodium Hyaluronate, Potassium Hydroxide, Potassium Sulfate, Glycine, Potassium Sorbate, Aluminum Hydroxide, Lecithin, Carbomer, Disodium Edta, Phenoxyethanol",16,2783,1.7,0.0,https://www.sephora.com/product/save-face-oil-P433442?icid2=products%20grid:p433442,1.7,27.058823529411764
Coconut Sheer Oil,Kopari,moisturizing-cream-oils-mists,44.0,Shea Light: Speeds product absorption,42,4930,1.7,0.0,https://www.sephora.com/product/coconut-sheer-oil-P413352?icid2=products%20grid:p413352,1.7,25.882352941176467
Barrier+ Nutrient Water Misting Tonic,Skinfix,moisturizing-cream-oils-mists,22.0,"Cocos Nucifera Fruit Gluconolactone, Sodium Hyaluronate, Rosa Damascena Flower Cucumis Sativus Fruit Extract, Panthenol, Allantoin, Aloe Barbadensis Leaf Juice, Calcium Gluconate, Chondrus Crispus Extract, Betaine, Leuconostoc, Trisodium Ethylenediamine Disuccinate, 12Hexanediol, Hydroxyacetophenone, Sodium Benzoate, Sodium Hydroxide, Potassium Sorbate, Citric Acid",2,976,3.4,0.0,https://www.sephora.com/product/barrier-nutrient-water-misting-tonic-P450600?icid2=products%20grid:p450600,3.4,6.470588235294117
Oil Control Daily Moisturizer,Lab Series For Men,moisturizing-cream-oils-mists,36.0,"Cocos Nucifera Fruit Gluconolactone, Sodium Hyaluronate, Rosa Damascena Flower Cucumis Sativus Fruit Extract, Panthenol, Allantoin, Aloe Barbadensis Leaf Juice, Calcium Gluconate, Chondrus Crispus Extract, Betaine, Leuconostoc, Trisodium Ethylenediamine Disuccinate, 12Hexanediol, Hydroxyacetophenone, Sodium Benzoate, Sodium Hydroxide, Potassium Sorbate, Citric Acid",0,174,1.7,0.0,https://www.sephora.com/product/oil-control-daily-moisturizer-P440288?icid2=products%20grid:p440288,1.7,21.176470588235293
Rènergie Lift Multi-Action Rich Cream with SPF 15 For Dry Skin,Lancôme,moisturizing-cream-oils-mists,99.0,"Dimethicone, Glycerin, Hydrogenated Polyisobutene, Beeswax, Poly C1030 Alkyl Acrylate, Sucrose Stearate, Saccharomyces, Sodium Polyacrylate, Hydrolyzed Linseed Extract, Hydrolyzed Soy Protein, Hydrolyzed Hyaluronic Acid, Sodium Hydroxide, Sodium Benzoate, Red 4, Stearic Acid, Phenoxyethanol, Adenosine, Acetyl Tetrapeptide9, Peg100 Stearate, Palmitic Acid, Silicam Chlorphenesin, Yellow 5, Dimethicone, Dimethiconol, Limonene, Benzyl Alcohol, Linalool, Caprylyl Glycol, Acrylates, Geraniol, Disodium Stearoyl Glutamate, Disodium Edta, Citronellol, Aluminum Starch Octenylsuccinate, Coumarin, Glyceryl Stearate, Fragrance",7,670,1.69,0.0,https://www.sephora.com/product/renergie-lift-multi-action-sunscreen-broad-spectrum-spf-15-for-dry-skin-P376430?icid2=products%20grid:p376430,1.69,58.579881656804744
Kakadu C™ Face Crème,DERMAdoctor,moisturizing-cream-oils-mists,65.0,"Dimethicone, Glycerin, Hydrogenated Polyisobutene, Beeswax, Poly C1030 Alkyl Acrylate, Sucrose Stearate, Saccharomyces, Sodium Polyacrylate, Hydrolyzed Linseed Extract, Hydrolyzed Soy Protein, Hydrolyzed Hyaluronic Acid, Sodium Hydroxide, Sodium Benzoate, Red 4, Stearic Acid, Phenoxyethanol, Adenosine, Acetyl Tetrapeptide9, Peg100 Stearate, Palmitic Acid, Silicam Chlorphenesin, Yellow 5, Dimethicone, Dimethiconol, Limonene, Benzyl Alcohol, Linalool, Caprylyl Glycol, Acrylates, Geraniol, Disodium Stearoyl Glutamate, Disodium Edta, Citronellol, Aluminum Starch Octenylsuccinate, Coumarin, Glyceryl Stearate, Fragrance",9,848,1.0,0.0,https://www.sephora.com/product/kakadu-c-face-creme-P396402?icid2=products%20grid:p396402,1.0,65.0
Time Retreat Face & Neck Sheet Mask,Eve Lom,moisturizing-cream-oils-mists,60.0,"Dimethicone, Glycerin, Hydrogenated Polyisobutene, Beeswax, Poly C1030 Alkyl Acrylate, Sucrose Stearate, Saccharomyces, Sodium Polyacrylate, Hydrolyzed Linseed Extract, Hydrolyzed Soy Protein, Hydrolyzed Hyaluronic Acid, Sodium Hydroxide, Sodium Benzoate, Red 4, Stearic Acid, Phenoxyethanol, Adenosine, Acetyl Tetrapeptide9, Peg100 Stearate, Palmitic Acid, Silicam Chlorphenesin, Yellow 5, Dimethicone, Dimethiconol, Limonene, Benzyl Alcohol, Linalool, Caprylyl Glycol, Acrylates, Geraniol, Disodium Stearoyl Glutamate, Disodium Edta, Citronellol, Aluminum Starch Octenylsuccinate, Coumarin, Glyceryl Stearate, Fragrance",0,304,0.0,0.0,https://www.sephora.com/product/time-retreat-face-neck-sheet-mask-P450209?icid2=products%20grid:p450209,2.0629276649746324,29.08487826243671
Photo Dynamic Therapy® 3–in–1  Facial Lotion With Broad Spectrum SPF 30,DERMAdoctor,moisturizing-cream-oils-mists,85.0,"Acrylates, Anacyclus Pyrethrum Root Extract, Arnica Montana Flower Extract, Benzylidene Dimethoxydimethylindanone, Butyloctyl Salicylate, Butylparaben, C1215 Alkyl Benzoate, Camellia Oleifera Leaf Extract, Camellia Sinensis Leaf Extract, Carbomer, Cucumis Sativus Fruit Extract, Cyclohexasiloxane, Cyclopentasiloxane, Diazolidinyl Urea, Disodium EDTA, Ethylparaben, Glycerin, Glyceryl Stearate SE, Lentinula Edodes Extract, Methyl Methacrylate, Methylparaben, Morinda Citrifolia Extract, Phenoxyethanol, Polysorbate 20, Propylparaben, Punica Granatum Fruit Extract, Sodium Ascorbyl Phosphate, Sodium Hyaluronate, Sorbitan Oleate, Stearic Acid, Tocopherol, Tocopheryl Acetate, Tricalcium Phosphate, Triethanolamine, Ubiquinone, Yeast Amino Acids",143,1577,1.0,0.0,https://www.sephora.com/product/photodynamic-therapy-3-in-1-facial-lotion-broad-spectrum-spf-30-P274220?icid2=products%20grid:p274220,1.0,85.0
Stoked Weightless Face Moisturizer,Dr Roebuck's,moisturizing-cream-oils-mists,45.0,"Acrylates, Anacyclus Pyrethrum Root Extract, Arnica Montana Flower Extract, Benzylidene Dimethoxydimethylindanone, Butyloctyl Salicylate, Butylparaben, C1215 Alkyl Benzoate, Camellia Oleifera Leaf Extract, Camellia Sinensis Leaf Extract, Carbomer, Cucumis Sativus Fruit Extract, Cyclohexasiloxane, Cyclopentasiloxane, Diazolidinyl Urea, Disodium EDTA, Ethylparaben, Glycerin, Glyceryl Stearate SE, Lentinula Edodes Extract, Methyl Methacrylate, Methylparaben, Morinda Citrifolia Extract, Phenoxyethanol, Polysorbate 20, Propylparaben, Punica Granatum Fruit Extract, Sodium Ascorbyl Phosphate, Sodium Hyaluronate, Sorbitan Oleate, Stearic Acid, Tocopherol, Tocopheryl Acetate, Tricalcium Phosphate, Triethanolamine, Ubiquinone, Yeast Amino Acids",1,226,1.69,0.0,https://www.sephora.com/product/stocked-weightless-face-moisturizer-P446634?icid2=products%20grid:p446634,1.69,26.627218934911248
Alpine Berry Water Sleeping Mask,Primera,moisturizing-cream-oils-mists,45.0,"Propanediol, Cyclopentasiloxane, Glycerin, Cyclohexasiloxane, Trehalose, Polymethylsilsesquioxane, Alcohol, Hydroxyethyl Acrylate, 12Hexanediol, Pca Dimethicone, Hydrogenated Poly, Sea Water, Dimethicone, Polysorbate 20, Dimethiconol, Dimethicone, Butylene Glycol, Acrylates, Sorbitan Isostearate, Polysorbate 60, Fragrance, Tromethamine, Ethylhexylglycerin, Disodium Edta, Pentylene Glycol, Sodium Hyaluronate, Xanthan Gum, Brassica Oleracea Italica Extract, Achillea Millefolium Extract, Borago Officinalis Extract, Brassica Oleracea Gemmifera Extract, Helianthus Annuus Extract, Fragaria Vesca Leaf Extract, Phyllanthus Emblica Extract, Tocopherol",1,831,3.3,0.0,https://www.sephora.com/product/primera-alpine-berry-water-sleeping-mask-P447191?icid2=products%20grid:p447191,3.3,13.636363636363635
Darker Skin Tones Face Cream,Dr. Barbara Sturm,moisturizing-cream-oils-mists,215.0,"Water, Glyceryl Stearate Citrate, Macadamia Integrifolia Seed Oil, Glycerin, Caprylic, Butylene Glycol, Cetearyl Alcohol, Cocoglycerides, Decyloleate, Lactobacillus, CocoCaprylate, Squalane, Tocopheryl Acetate, Maris Aqua, Phenoxyethanol, Panthenol, Carbomer, Maltodextrin, Xanthan Gum, Enantia Chlorantha Bark Extract, Lecithin, Sodium Lactate, Sodium Pca, Allantoin, Ethylhexylglycerin, Teprenone, Sodium Hyaluronate, Sodium Hydroxide, Disodium EDTA, Alcohol, Hydrolyzed Algae Extract, Leuconostoc, Pantolactone, Ascorbyl Palmitate, Magnolia Officinalis Bark Extract, Sodium Benzoate, Citric Acid, Fructose, Glycine, Tocopherol, Inositol, Lactic Acid, Niacinamide, Urea, Oleanolic Acid, Ascorbic Acid, Vitis Vinifera Seed Extract",1,238,1.69,0.0,https://www.sephora.com/product/dr-barbara-sturm-darker-skin-tones-face-cream-P448544?icid2=products%20grid:p448544,1.69,127.2189349112426
Greek Yoghurt After Sun Cooling Gel,KORRES,moisturizing-cream-oils-mists,26.0,"Glycerin, Glyceryl Polyacrylate, Yogurt, Hydrogenated Polyisobutene, Butylene Glycol, Mannan, Ceratonia Siliqua Gum, Dicaprylyl Carbonate, Pentylene Glycol, Panthenol, Sodium Acrylates Copolymer, Epilobium Angustifolium extract, Foeniculum Vulgare Extract, Laureth9, Menthyl Lactate, Glycine Soja Oil, Prunus Amygdalus Dulcis Oil, Calendula Officinalis Flower Extract, Helianthus Annuus Seed Oil, Hydrogenated Jojoba Esters, Parfum, Amyl Cinnamal, Benzyl Alcohol, Benzyl Salicylate, Citronellol, Coumarin, Hexyl Cinnamal, Hydroxycitronellol, Hydroxyisohexyl 3Cyclohexene Carboxaldehyde, Isoeugenol, Linalool, Phenoxyethanol, Phospholipids, Polyglyceryl10 Stearate, Potassium Sorbate, Tocopherol",342,11310,5.07,0.0,https://www.sephora.com/product/after-sun-greek-yoghurt-cooling-gel-P96603?icid2=products%20grid:p96603,5.07,5.128205128205128
Essential Fx Acyl-Glutathione Intensive Overnight Moisturizer,Perricone MD,moisturizing-cream-oils-mists,179.0,"Butyrospermum Parkii Butter, Myristyl Myristate, Niacinamide, C1215 Alkyl Benzoate, Stearic Acid, Dimethicone, Sodium Acrylates Copolymer, Palmitoyl Glycine, SPalmitoylglutathione, Ethylhexylglycerin, Myristyl Laurate, Ribose, Lecithin, Lactic Acid, Linum Usitatissimum Seed Oil, Macadamia Integrifolia Seed Oil, Salvia Hispanica Seed Oil, Magnesium Aspartate, Zinc Gluconate, Copper Gluconate, Helianthus Annuus Seed Oil, Rosmarinus Officinalis Leaf Extract, Tetrasodium Glutamate Diacetate, Sodium Hydroxide, Glyceryl Stearate, PEG100 Stearate, Phenoxyethanol, Fragrance, Citronellol, Hydroxycitronellal, Limonene, Linalool",131,393,2.0,0.0,https://www.sephora.com/product/essential-fx-acyl-glutathione-intensive-overnight-moisturizer-P433953?icid2=products%20grid:p433953,2.0,89.5
Crème Ancienne Face Oil Elixir,Fresh,moisturizing-cream-oils-mists,175.0,"Limnanthes Alba Seed Oil, Simmondsia Chinensis Seed Oil, Triticum Vulgare Germ Oil, Ribes Nigrum Seed Oil, Hippophae Rhamnoides Oil, Commiphora Mukul Resin Extract, Helianthus Annuus Seed Oil, Rosmarinus Officinalis Leaf Extract, Tocopherol, Ascorbyl Palmitate, Caprylic, Dipalmitoyl Hydroxyproline, Palmitic Acid",2,148,0.0,1.0,https://www.sephora.com/product/fresh-creme-ancienne-face-oil-elixir-P452694?icid2=products%20grid:p452694,1.0,175.0
Luxury Face Oil- Lavender Absolute,RODIN olio lusso ,moisturizing-cream-oils-mists,170.0,"Limnanthes Alba Seed Oil, Simmondsia Chinensis Seed Oil, Triticum Vulgare Germ Oil, Ribes Nigrum Seed Oil, Hippophae Rhamnoides Oil, Commiphora Mukul Resin Extract, Helianthus Annuus Seed Oil, Rosmarinus Officinalis Leaf Extract, Tocopherol, Ascorbyl Palmitate, Caprylic, Dipalmitoyl Hydroxyproline, Palmitic Acid",11,355,0.0,1.0,https://www.sephora.com/product/lavender-absolute-luxury-face-oil-P442108?icid2=products%20grid:p442108,1.0,170.0
Dewy Spritz,Ciaté London,moisturizing-cream-oils-mists,25.0,"Butylene Glycol, Betaine, PPG26Buteth26, PEG40 Hydrogenated Castor Oil, Benzyl Alcohol, Hydroxypropyl Cyclodextrin, Sodium Benzoate, Silica, Mica, Potassium Sorbate, Fragrance, Pentylene Glycol, Camellia Sinensis Leaf Extract, Sodium Hyaluronate, Citric Acid, Disodium Phosphate, Sodium Phosphate, Tin Oxide, Titanium Dioxide",35,4397,4.22,0.0,https://www.sephora.com/product/dewy-spritz-P429922?icid2=products%20grid:p429922,4.22,5.924170616113744
Essential Daily Moisturizer,Skin Laundry,moisturizing-cream-oils-mists,30.0,"Caprylic, Glycerin, Helianthus Annuus Seed Oil, Butyrospermum Parkii Butter, Glyceryl Stearate SE, Cetearyl Alcohol, Prunus Armeniaca Fruit Extract, Dimethicone, Cetearyl Olivate, Alteromonas Ferment Filtrate, Dipotassium Glycyrrhizate, Propanediol, Sorbitan Olivate, Butylene Glycol, Carbomer, Disodium EDTA, Aminomethyl Propanol, Caprylhydroxamic Acid, Caprylyl Glycol",12,1159,2.5,0.0,https://www.sephora.com/product/essential-daily-moisturizer-P416594?icid2=products%20grid:p416594,2.5,12.0
ALIVE Prebiotic Balancing Moisturizer SPF 15,Algenist,moisturizing-cream-oils-mists,40.0,"Caprylic, CocoCaprylate, Glycerin, Glyceryl Behenate, CocoGlucoside, Simmondsia Chinensis Seed Oil, Cetearyl Alcohol, Glyceryl Caprylate, Sodium Stearoyl Glutamate, Parachlorella Beijerinckii Exopolysaccharides, Chlorella Vulgaris Extract, Lactococcus Ferment Lysate, Alteromonas Ferment Extract, Caesalpinia Spinosa Fruit Pod Extract, Helianthus Annuus Sprout Extract, Caprylyl Glycol, Microcrystalline Cellulose, Polyglyceryl3 Polyricinoleate, Xanthan Gum, Butylene Glycol, Isostearic Acid, Caprylhydroxamic Acid, Algin, Calcium Alginate, Propanediol, Maltodextrin, Lactic Acid, Sodium Benzoate, Sodium Chloride",16,1045,1.7,0.0,https://www.sephora.com/product/alive-prebiotic-balancing-moisturizer-spf-15-P442860?icid2=products%20grid:p442860,1.7,23.529411764705888
sweat reset face moisturizer,lululemon selfcare,moisturizing-cream-oils-mists,48.0,"Caprylic, CocoCaprylate, Glycerin, Glyceryl Behenate, CocoGlucoside, Simmondsia Chinensis Seed Oil, Cetearyl Alcohol, Glyceryl Caprylate, Sodium Stearoyl Glutamate, Parachlorella Beijerinckii Exopolysaccharides, Chlorella Vulgaris Extract, Lactococcus Ferment Lysate, Alteromonas Ferment Extract, Caesalpinia Spinosa Fruit Pod Extract, Helianthus Annuus Sprout Extract, Caprylyl Glycol, Microcrystalline Cellulose, Polyglyceryl3 Polyricinoleate, Xanthan Gum, Butylene Glycol, Isostearic Acid, Caprylhydroxamic Acid, Algin, Calcium Alginate, Propanediol, Maltodextrin, Lactic Acid, Sodium Benzoate, Sodium Chloride",28,455,0.0,1.6,https://www.sephora.com/product/sweat-reset-face-moisturizer-P446924?icid2=products%20grid:p446924,1.6,30.0
Multi-Action Overnight Intensive Firming Mask,Perricone MD,moisturizing-cream-oils-mists,99.0,"Squalane, Caprylic, Isopropyl Palmitate, Cetearyl Alcohol, Cocos Nucifera Oil, Elaeis Guineensis Kernel Oil, Dimethyl MEA, Glyceryl Stearate, PEG100 Stearate, Citric Acid, Thioctic Acid, Phosphatidylcholine, Egg Shell Membrane Extract, SPalmitoylglutathione, Butyrospermum Parkii Butter, Acetyl Tyrosine, Xanthan Gum, Zinc Gluconate, Magnesium Aspartate, Copper Gluconate, Disodium EDTA, Dimethicone, Cetearyl Glucoside, Ceteareth20, Caprylyl Glycol, Cetyl Alcohol, Phenoxyethanol, Sorbic Acid, Fragrance, Citronellol, Benzyl Benzoate, Hexyl Cinnamal, Linalool",230,2086,2.0,0.0,https://www.sephora.com/product/multi-action-overnight-treatment-P412305?icid2=products%20grid:p412305,2.0,49.5
Salve The Day Multi Balm,INC.redible,moisturizing-cream-oils-mists,12.0,"Petrolatum, Cera Alba, Butyrospermum Parkii Butter, Isopropyl Myristate, Tocopheryl Acetate, Polysorbate 60, Triticum Vulgare Germ Oil, Butyl Methoxydibenzoylmethane, Caprylyl Glycol, Glycine Soja Oil, Bht, Silica, Parfum, Hexyl Cinnamal, Isopropyl Myristate, Aloe Barbadensis Leaf Extract, Aqua, Linalool, Lactic Acid, Benzyl Alcohol, Ricinus Communis Seed Oil, Benzyl Salicylate, Amyl Cinnamal, Ci 19140, Tocopherol, Lactobacillus Ferment Lysate, Ci 15850, Citric Acid, Sodium Benzoate, Potassium Sorbate",6,786,0.35,0.0,https://www.sephora.com/product/salve-day-multi-balm-P446601?icid2=products%20grid:p446601,0.35,34.285714285714285
Moisturizing Body Milk - Surprise Flowers,SEPHORA COLLECTION,moisturizing-cream-oils-mists,12.0,"Glycerin, Dimethicone, Isopropyl Palmitate, Stearic Acid, Phenoxyethanol, Glyceryl Stearate, Acrylates, Parfum, Sodium Hydroxide, Palmitic Acid, Ethylhexylglycerin, Linalool, PEG30 Dipolyhydroxystearate, Trideceth6, Citric Acid, Eugenol, Magnolia Liliflora Flower Extract, Sodium Benzoate, Potassium Sorbate, Tocopherol",7,1115,0.0,0.0,https://www.sephora.com/product/moisturizing-body-milk-surprise-flowers-P442765?icid2=products%20grid:p442765,2.0629276649746324,5.816975652487343
Sleep Face & Body Mist,Vitruvi,moisturizing-cream-oils-mists,24.0,"Nonalcoholic Witch Hazel, Ethylhexylglycerin, Phenylpropanol, Lavender, Frankincense, Ylang Ylang, Roman Chamomile, Vetiver",3,1082,1.0,0.0,https://www.sephora.com/product/sleep-face-body-mist-P440478?icid2=products%20grid:p440478,1.0,24.0
Belle de Jour Fantastic Fluid,KENZOKI,moisturizing-cream-oils-mists,107.0,"Nonalcoholic Witch Hazel, Ethylhexylglycerin, Phenylpropanol, Lavender, Frankincense, Ylang Ylang, Roman Chamomile, Vetiver",1,642,1.7,0.0,https://www.sephora.com/product/belle-de-jour-fantastic-fluid-P399724?icid2=products%20grid:p399724,1.7,62.941176470588246
Immortelle Precious Essential Face Mist,L'Occitane,moisturizing-cream-oils-mists,22.0,"Aqua, Helichrysum, Italicum Extract, Polysorbate 20, Rosa Centifolia Flower Helianthus, Annuus Seed Oil, Peg40 Hydrogenated, Castor Oil, Sodium Pca, Levulinic Acid, Sodium Levulinate, Disodium Edta, Sodium Hydroxide, Methylpropanediol, Sodium, Hyaluronate, Tocopherol, Citric Acid, Hyaluronic Acid, Silanetriol, Sodium Benzoate, Potassium Sorbate, Parfum, Hexyl Cinnamal, Benzyl Salicylate, Alphaisomethyl, Ionone, Citral, Limonene",1,185,1.6,0.0,https://www.sephora.com/product/immortelle-precious-eye-balm-P451995?icid2=products%20grid:p451995,1.6,13.75
Pure Shots Hydra Bounce Essence-In-Lotion,Yves Saint Laurent,moisturizing-cream-oils-mists,78.0,"Aqua, Dipropylene Glycol, Butylene Glycol, Isononyl Isononanoate, Alcohol Denat, Pentylene Glycol, Phenoxyethanol, Niacinamide, Methyl Gluceth10, BisBehenyl, Tocopherol, Peg, Carbomer, Chlorphenesin, Polyglyceryl2 Isostearate, Xanthan Gum, Sclerotium Gum, Potassium Hydroxide, Propylene Glycol, Tetrasodium Glutamate Diacetate, Adenosine, Sodium Hyaluronate, Ribose, Panthenol, Linalool, Geraniol, Citrus Aurantium Amara Flower Extract, Benzyl Alcohol, Cellulose Acetate Butyrate, Polyphosphorylcholine Glycol Acrylate, Ammonium Polyacryloyldimethyl Taurate, Polyvinyl Alcohol, Caprylyl Glycol, Sodium Chloride, Parfum",1,188,6.7,0.0,https://www.sephora.com/product/yves-saint-laurent-pure-shots-hydra-bounce-essence-in-lotion-P454078?icid2=products%20grid:p454078,6.7,11.641791044776118
Essential Hydration Cream,Alpha-H,moisturizing-cream-oils-mists,52.0,"Dimethicone, Propylene Glycol, Glycerin, Hydrolysed Corallina Officinalis Extract, Simmondsia Chinensis Seed Oil, Macadamia Ternifolia Seed Oil, Oenothera Biennis Oil, Glyceryl Stearate, Cetearyl Alcohol, Ethylhexyl Palmitate, Caprylic, Carbomer, Phenoxyethanol, Potassium Hydroxide, Tocopheryl Acetate, Panthenol, Symphytum Officinale Leaf Extract, Panax Ginseng Root Extract, Isomerized Linoleic Acid, Aluminium, Caprylyl Glycol, Triticum Vulgare Germ Oil Germ Oil, Pelargonium Graveolens Oil, Triolein, Palmitoyl Tripeptide5, Palmitic Acid, Polygonatum Officinale Rhizome, Arnica Montana Flower Extract, Hordeum Vulgare Root Extract, Cupressus Sempervirens Seed Extract, Propyl Gallate, Citric Acid, Ascorbyl Palmitate, Tocopherol, BetaSitosterol, Citral, Citronellol, Geraniol, Linalool",6,442,1.69,0.0,https://www.sephora.com/product/essential-hydration-cream-P442543?icid2=products%20grid:p442543,1.69,30.76923076923077
Ultra Facial Deep Moisture Balm,Kiehl's Since 1851,moisturizing-cream-oils-mists,30.0,"Glycerin, Shea Butter, Glyceryl Stearate, Ethylhexyl Palmitate, Squalane, Cetyl Alcohol, Cocoa Seed Butter, Mannose, Peg100 Stearate, Carnauba Wax, Phenoxyethanol, Caprylyl Glycol, Sorbic Acid, Tocopherol, Sodium Polyacrylate, Leontopodium Alpinum Extract, Sodium Hydroxide, Stearyl Alcohol, Ceramide 3, Myristyl Alcohol, Adenosine, Capryloyl Salicylic Acid, Pseudoalteromonas Ferment Extract, Lavender Oil, Linalool",85,5045,1.7,0.0,https://www.sephora.com/product/ultra-facial-deep-moisture-balm-P422511?icid2=products%20grid:p422511,1.7,17.647058823529417
Cream with a Sheen,KENZOKI,moisturizing-cream-oils-mists,49.0,"Glycerin, Methyl Trimethicone, Pentylene Glycol, Boron Nitride, Caprylic, Dimethicone, Hydrogenated Polyisobutene, Silica, Steareth21, Cetearyl Isononanoate, Nelumbo Nucifera Root Fragrance, Paeonia Suffruticosa Root Extract, Nelumbo Nucifera Flower Extract, Ethylhexyl Methoxycinnamate, Dimethicone, Phenoxyethanol, Cetyl Palmitate, Glyceryl Stearate, Steareth2, Acrylates, Cetyl Alcohol, Stearyl Alcohol, Palmitic Acid, Stearic Acid, CI 77891, Butylene Glycol, Butyl Methoxydibenzoylmethane, Butylene Glycol Dicaprylate, Sodium Hydroxide, Tin Oxide, Citric Acid, Hexyl Cinnamal, Hydroxyisohexyl 3Cyclohexene Carboxaldehyde, Bht, Hydroxycitronellal, Palmaria Palmata Extract, Linalool, AlphaIsomethyl Ionone, CI 14700, CI 42090",18,941,1.7,0.0,https://www.sephora.com/product/cream-with-sheen-P399710?icid2=products%20grid:p399710,1.7,28.823529411764714
Extra Repair Moisturizing Balm,Bobbi Brown,moisturizing-cream-oils-mists,100.0,"Petrolatum, Dimethicone, BisDiglyceryl Polyacyladipate2, Ceresin, Butyrospermum Parkii, Pentylene Glycol, Lauryl Peg9 Polydimethylsiloxyethyl Dimethicone, Lanolin Alcohol, Olea Europaea Fruit Extract, Aloe Barbadensis Leaf Extract, Salvia Sclarea Extract, Pisum Sativum Extract, Bambusa Vulgaris Extract, Cucumis Sativus Fruit Extract, Cananga Odorata, Triticum Vulgare Extract, Rosmarinus Officinalis, Chamomilla Recutita, Brassica Campestris Seed Oil, Pelargonium Graveolens Flower Oil, Oenothera Biennis Oil, Persea Gratissima Oil, Simmondsia Chinensis Seed Oil, Triticum Vulgare Germ Oil, Prunus Armeniaca Kernel Oil, Vitis Vinifera Seed Oil, Olea Europaea Fruit Oil, Sesamum Indicum Seed Oil, Rosa Canina Fruit Oil, Limnanthes Alba Seed Oil, DiC1215 Alkyl Fumarate, Acetyl Hexapeptide8, Glycerin, Caffeine, Cholesterol, Sucrose, Peg30 Dipolyhydroxystearate, Panthenol, Whey Protein, Glucosamine Hcl, Hydroxystearic Acid, Tocopheryl Acetate, Peg8 Distearate, Stearic Acid, Behenyl Alcohol, Palmitic Acid, Linoleic Acid, Butylene Glycol, Tetrahexyldecyl Ascorbate, Sodium Hyaluronate, Potassium Hydroxide, Sodium Chloride, Sodium Hydroxide, Trisodium Edta, Linalool, Limonene, Geraniol, Citronellol, Chlorphenesin, Phenoxyethanol",36,2004,1.7,0.0,https://www.sephora.com/product/extra-repair-moisturizing-balm-P305144?icid2=products%20grid:p305144,1.7,58.82352941176471
Dr. Andrew Weil For Origins™ Mega Defense Barrier-Boosting Essence Oil,Origins,moisturizing-cream-oils-mists,58.0,"Caprylic, Neopentyl Glycol Diheptanoate, Dimethicone, Trisiloxane, Octyldodecanol, Tricaprylin, Camellia Oleifera Seed Oil, Oenothera Biennis Oil, Salicornia Herbacea Extract, Olea Europaea Fruit Oil, Citrus Aurantium Dulcis Peel Oil, Pelargonium Graveolens Flower Oil, Cananga Odorata Flower Oil, Eugenia Caryophyllus Bud Oil, Rosa Damascena Flower Oil, Jasminum Officinale Oil, Viola Odorata Flower, Polianthes Tuberosa Extract, Farnesol, Eugenol, Benzyl Salicylate, Citronellol, Citral, Benzyl Benzoate, Geraniol, Hydrogenated Polyisobutene, Silybum Marianum Seed Oil, Vegetable Oil\Olus\Huile Végétale, Tetrahexyldecyl Ascorbate, Tocopherol, Tocopheryl Acetate Essential Oil",7,1472,1.0,0.0,https://www.sephora.com/product/dr-andrew-weil-for-origins-mega-defense-barrier-boosting-essence-oil-P408236?icid2=products%20grid:p408236,1.0,58.0
Rosa Artica Youth Regenerating Cream,Kiehl's Since 1851,moisturizing-cream-oils-mists,79.0,"Ethylhexl Palamitate, Glyceryl Stearate, Theobroma Cacao Seed Butter, Butyrospermum Parkii Butter, Cetyl Alcohol, Squalane, Beet Root Extract, PEG100 Stearate, Carnauba Wax, Phenoxyethanol, Caprylyl Glycol, Glycolic Acid, Sorbic Acid, Tocopherol, Sodium Hydroxide, Sodium Polyacrylate, Stearyl Alcohol, Myristyl Alcohol, Adenosine, Yeast Extract, Haberlea Rhodopensis Leaf Extract",7,1251,2.5,0.0,https://www.sephora.com/product/rosa-artica-youth-regenerating-cream-P437673?icid2=products%20grid:p437673,2.5,31.6
Resurgence® Age–Balancing Moisture Broad Spectrum SPF 30,Murad,moisturizing-cream-oils-mists,74.0,"C1215 Alkyl Benzoate, Glycerin, Tapioca Starch, Hydrogenated Vegetable Glycerides, Butyrospermum Parkii, Caprylyl Methicone, Cetearly Alcohol, Dicaprylyl Carbonate, Helianthus Annus Seed Oil, Diethylhexyl 2, 6Naphthalate, Ethoxydiglycol, Phenyl Trimethicone, Sodium Polyacrylate, Butylene Glycol, Vitis Vinifera Seed Oil, Jojoba Alcohol, Potassium Jojobate, Panthenol, Arginine, Allantoin, Bisabolol, Dioscorea Villosa Root Extract, Disodium EDTA, Octdecyl Ditbutyl4 Hydroxyhydrocinnamate, Persea Gratissima Oil, Tocopheryl Acetate, Benzoic Acid, Dehydroacetic Acid, Disodium Adenosine Triphosphate, Dipotassium Glycyrrhizate, Polymethylsilsequioxane, Selaginella Lepidophylla Extract, Trifolium Pratense Flower Extract, Propylene Glycol, Betaine, Inositol, Taurine, Trehalose, Urea, Yeast Amnio Acids, Proline, Glycine, Sorbitol, Carica Papaya Fruit Extract, Algin, Sodium Hyaluronate, Hydrolyzed Soy Protein, Copper Tripeptide1, Iris Florentina Root Extract, Phenoxyethanol, Fragrance, Limonene, Linalool",31,2011,1.7,0.0,https://www.sephora.com/product/resurgence-age-balancing-moisture-broad-spectrum-spf-30-P388821?icid2=products%20grid:p388821,1.7,43.529411764705884
Future Solution LX Replenishing Treatment Oil,Shiseido,moisturizing-cream-oils-mists,188.0,"Dimethicone, Caprylic, Ethylhexyl Palmitate, Peg, Isopropyl Myristate, Mineral Oil, Diethylhexyl Succinate, Ethylhexyl Methoxycinnamate, Diphenylsiloxy Phenyl Trimethicone, Peg20 Hydrogenated Castor Oil, Fragrance, Isostearic Acid, BisEthylhexyloxyphenol Methoxyphenyl Triazine, Dipropylene Glycol, Linalool, Limonene, Butylphenyl Methylpropional, BHT, Tocopherol, AlphaIsomethyl Ionone, Citronellol, Geraniol, Benzyl Benzoate, Argania Spinosa Kernel Oil, Carthamus Tinctorius Seed Oil, Oenothera Biennis Oil, Macadamia Ternifolia Seed Oil, Simmondsia Chinensis Seed Oil, Sodium Acetylated Hyaluronate, Alcohol, Red 17, Saccharomyces Ferment Lysate Filtrate, BetaCarotene, Piperidinepropionic Acid, Camellia Sinensis Leaf Extract, Phenoxyethanol",7,1680,2.5,0.0,https://www.sephora.com/product/future-solution-lx-replenishing-treatment-oil-P405402?icid2=products%20grid:p405402,2.5,75.2
Énergie de Vie The Overnight Recovery Sleeping Mask,Lancôme,moisturizing-cream-oils-mists,66.0,"Glycerin, Dimethicone, Propanediol, Dimethicone, Tocopherol, Alcohol, Lycium Barbarum Fruit Extract, Lactic Acid, Sodium Chloride, Sodium Citrate, Sodium Benzoate, Phenoxyethanol, Peg10 Dimethicone, Polymethylsilsesquioxane, Chlorphenesin, Melissa Officinalis Leaf Oil, Tamarindus Indica Seed Gum, Limonene, Pentylene Glycol, Gentiana Lutea Root Extract, Dioscorea Villosa Root Extract, Dipropylene Glycol, Disodium Edta, Citric Acid, Potassium Sorbate, Citral, Hexyldecanol, Fragrance",131,5286,2.6,0.0,https://www.sephora.com/product/energie-de-vie-overnight-recovery-sleeping-mask-P409979?icid2=products%20grid:p409979,2.6,25.384615384615387
Bienfait Teinté Beauty Balm Sunscreen Broad Spectrum SPF 30,Lancôme,moisturizing-cream-oils-mists,47.0,"Cyclopentasiloxane, Cyclohexasiloxane, Glycerin, Phenyl Trimethicone, Polyglyceryl4 Isostearate, Hexyl Laurate, Cetyl Peg, Disteardimonium Hectorite, Pentylene Glycol, Moringa Pterygosperma Seed Extract, Triethanolamine, Trihydroxystearin, Silica, Alumina, Aluminum Hydroxide, Magnesium Sulfate, Alcohol Denat, Ascorbyl Glucoside, Disodium Stearoyl Glutamate, Acetylated Glycol Stearate, Panthenol, Castanea Sativa Seed Extract, Tocopheryl Acetate, Methylparaben, Phenoxyethanol, Diazolidinyl Urea, Linalool, Geraniol, AlphaIsomethyl Ionone, Citronellol, Benzyl Alcohol, Benzyl Salicylate, Fragrance, May Contain: Titanium Dioxide, Iron Oxides",97,9274,1.7,0.0,https://www.sephora.com/product/bienfait-teinte-beauty-balm-sunscreen-broad-spectrum-spf-30-P380690?icid2=products%20grid:p380690,1.7,27.64705882352941
SPLASH Absolute Hydration Replenishing Gel Moisturizer,Algenist,moisturizing-cream-oils-mists,58.0,"Dimethicone, Butylene Glycol, Glycerin, BisPEG12 Dimethicone, Sea Water, PEG10 Dimethicone Crosspolymer, PEG9 Polydimethylsiloxyethyl Dimethicone, Phenoxyethanol, Algae Exopolysaccharides, Porphyridium Cruentum Extract, Enteromorpha Compressa Extract, Algae Extract, Rhizobian Gum, Alteromonas Ferment Filtrate, Citrullus Lanatus Fruit Extract, Lens Esculenta Fruit Extract, Pyrus Malus Fruit Extract, Sorbitol, Adenosine, Citric Acid, Chondrus Crispus Extract, Disodium EDTACopper, Sodium Lactate, Sodium PCA, Sodium Chloride, Propanediol, Potassium Sorbate, Sodium Benzoate, Fragrance, Hexyl Cinnamal, Hydroxyisohexyl 3Cyclohexene Carboxaldehyde, Butylphenyl Methylpropional, Benzyl Benzoate",93,3268,2.0,0.0,https://www.sephora.com/product/splash-absolute-hydration-replenishing-gel-moisturizer-P407332?icid2=products%20grid:p407332,2.0,29.0
Extra–Firming Day Cream All Skin Types,Clarins,moisturizing-cream-oils-mists,86.0,"Isononyl Isononanoate, Glycerin, Dicaprylyl Carbonate, Dimethicone, Cetearyl Alcohol, Glyceryl Stearate, Peg100 Stearate, Corn Starch Modified, Cetearyl Glucoside, Phenoxyethanol, Parfum, Carbomer, Avena Sativa Kernel Extract, Butylene Glycol, Tocopheryl Acetate, Diethylhexyl Adipate, Disodium Edta, Sodium Hyaluronate, Sodium Hydroxide, Tocopherol, Musa Sapientum Fruit Extract, Pentylene Glycol, Thymus Citriodorus Flower, Sodium Benzoate, Biosaccharide Gum4, Decarboxy Carnosine Hcl, Methylisothiazolinone, Thermus Thermophillus Ferment, Helianthus Annuus Seed Oil, Humulus Lupulus Extract, Lapsana Communis Flower, Bocoa Prouacensis Extract, Potassium Sorbate, Camellia Sinensis Leaf Extract, Rhodiola Rosea Root Extract, Sodium Lauryl Sulfate, Ci 15985",24,2003,1.7,0.0,https://www.sephora.com/product/extra-firming-day-cream-all-skin-types-P309205?icid2=products%20grid:p309205,1.7,50.58823529411765
Calm Cool & Corrected,DERMAdoctor,moisturizing-cream-oils-mists,85.0,"Caprylic, Cyclopentasiloxane, Squalane, Glyceryl Stearate, PEG100 Stearate, Petrolatum, Glycerin, Cetyl Alcohol, Cyclohexasiloxane, Aloe Barbadensis Leaf Juice, Dimethicone, Methyl Methacrylate, Pentaerythrityl Tetraisostearate, Butylene Glycol, Dimethicone, PEG60 Almond Glycerides, Caprylyl Glycol, Nordihydroguaiaretic Acid, Oleanolic Acid, Sodium Hyaluronate, Stearyl Alcohol, Butyrospermum Parkii, Tocopheryl Acetate, Camellia Sinensis Leaf Extract, Panthenol, Chamomilla Recutita Flower Extract, Superoxide Dismutase, Carbomer, Sodium Hydroxide, Citric Acid, Propylene Glycol, Lecithin, Phenoxyethanol, Butylparaben, Ethylparaben, Propylparaben, Methylparaben",277,4538,1.7,0.0,https://www.sephora.com/product/calm-cool-corrected-P73517?icid2=products%20grid:p73517,1.7,50.0
WHITE Brightening Lotion,Eve Lom,moisturizing-cream-oils-mists,75.0,"Propanediol, Methyl Methacrylate Crosspolymer, Betaine, Glycerin, Phenoxyethanol, Polyacrylate Crosspolymer6, Zinc Pca, Divinyldimethicone, Dipotassium Glycyrrhizate, Lecithin, Foeniculum Vulgare Seed Extract, Ethylhexylglycerin, Algae Extract, Methyl Undecenoyl Leucinate, Sodium Benzoate, Potassium Sorbate, Rosa Damascena Flower Oil, C1213 Pareth3, C1213 Pareth23, Citric Acid, Sodium Hydroxide, Citronellol, Geraniol, Hexanoyl Dipeptide3 Norleucine Acetate",7,1117,4.05,0.0,https://www.sephora.com/product/white-brightening-lotion-P409627?icid2=products%20grid:p409627,4.05,18.51851851851852
Capture Totale C.E.L.L. ENERGY - Firming & Wrinkle-Correcting Crème,Dior,moisturizing-cream-oils-mists,155.0,"Propanediol, Methyl Methacrylate Crosspolymer, Betaine, Glycerin, Phenoxyethanol, Polyacrylate Crosspolymer6, Zinc Pca, Divinyldimethicone, Dipotassium Glycyrrhizate, Lecithin, Foeniculum Vulgare Seed Extract, Ethylhexylglycerin, Algae Extract, Methyl Undecenoyl Leucinate, Sodium Benzoate, Potassium Sorbate, Rosa Damascena Flower Oil, C1213 Pareth3, C1213 Pareth23, Citric Acid, Sodium Hydroxide, Citronellol, Geraniol, Hexanoyl Dipeptide3 Norleucine Acetate",9,98,1.7,0.0,https://www.sephora.com/product/dior-capture-totale-cell-energy-firming-wrinkle-correcting-creme-P454806?icid2=products%20grid:p454806,1.7,91.17647058823529
Neuropeptide Firming Moisturizer,Perricone MD,moisturizing-cream-oils-mists,290.0,"Isopropyl Palmitate, Taurine, Cetearyl Alcohol, LTyrosine, Phosphatidylcholine, Ceteareth20, Glyceryl Stearate, PEG100 Stearate, Dimethyl MEA, Dimethicone, Phenoxyethanol, Caprylyl Glycol, Pyridoxine HCl, Disodium EDTA, Elaeis Guineensis Oil, Tocotrienols, Sorbic Acid, Tocopherol, Sodium Hyaluronate, Acetyl Hexapeptide8, Fragrance",3,315,2.0,0.0,https://www.sephora.com/product/neuropeptide-firming-moisturizer-P434344?icid2=products%20grid:p434344,2.0,145.0
Daily Deflector™ Waterlight Broad Spectrum SPF 50+ PA+++ Anti-Aging Sunscreen,Kate Somerville,moisturizing-cream-oils-mists,48.0,"Isododecane, Dimethicone, Butyloctyl Salicylate, C1215 Alkyl Benzoate, CocoCaprylate, Glycerin, Caprylyl Methicone, Dicaprylyl Ether, Nylon6, Dicaprylyl Carbonate, Butylene Glycol, Cetyl PEG, Coconut Alkanes, Methylcellulose, Stearic Acid, Polyhydroxystearic Acid, Sodium Hyaluronate, Tocopheryl Acetate, Adenosine, Lentinus Edodes Extract, Trehalose, Triacetin, Tocopherol, Palmitoyl Oligopeptide, Palmitoyl Tetrapeptide7, Urea, Sodium PCA, Parfum, Ethylhexylglycerin, Polysorbate 20, Polyquaternium51, Carbomer, Pentylene Glycol, Sodium Lactate, Disodium EDTA, Benzoic Acid, Potassium Sorbate, Phenoxyethanol, Alumin",71,3431,1.7,0.0,https://www.sephora.com/product/daily-deflector-waterlight-broad-spectrum-spf-50-pa-anti-aging-sunscreen-P381034?icid2=products%20grid:p381034,1.7,28.235294117647058
Balancing Rose Mist,KORA Organics,moisturizing-cream-oils-mists,34.0,"Aloe Barbadensis Leaf Juice, Rosa Damascena Flower Glycerin, Sodium PCA, Aqua, Polyglycerin10Myristate, Glyceryl Caprylate, Morinda Citrifolia Fruit Extract, Hibiscus Sabdariffa Flower Extract, Malpighia Glabra Fruit Extract, Pelargonium Graveolens Flower Oil, Tocopherol, Sodium Levulinate, Sodium Anisate, Maltodextrin, Sea Salt, Lactic Acid, Quartz, Citronellol, Geraniol, Linalool",22,3695,3.38,0.0,https://www.sephora.com/product/balancing-rose-mist-P423732?icid2=products%20grid:p423732,3.38,10.059171597633137
DD Cream Dermatologically Defining BB Cream Broad Spectrum SPF 30,DERMAdoctor,moisturizing-cream-oils-mists,40.0,"Alumina, Aluminum Hydroxide, Behenyl Alcohol, Butylene Glycol, C1215 Alkyl Benzoate, Caprylic, Caprylyl Glycol, Carbomer, Cellulose Gum, Cetyl Alcohol, Dextrin Palmitate, Dimethicone, Dimethylacrylamide, Disodium EDTA, Ethoxydiglycol, Ethylhexylglycerin, Glycerin, Hexylene Glycol, Hydrogenated Lecithin, Isostearic Acid, Lycium Barbarum Fruit Extract, Lysine, Magnesium Chloride, Nordihydroguaiaretic Acid, Octyldodecyl Neopentanoate, Oleanolic Acid, Palmitoyl Hexapeptide14, Panthenol, PEG60 Almond Glycerides, Phenoxyethanol, Phospholipids, Phytantriol, Polyglyceryl3 Diisostearate, Polysorbate 80, Potassium Chloride, Silica, Sodium Benzoate, Sodium Chloride, Sodium Dehydroacetate, Sodium Hyaluronate Crosspolymer, Sodium Hydroxide, Squalane, Steareth2, Steareth21, Stearic Acid, Superoxide Dismutase, Tetrahexyldecyl Ascorbate, Tocopherol, Tocopheryl Acetate, Triethoxycaprylylsilane, Triethylhexanoin, Xanthan Gum, Zinc Chloride, May Contain: Mica, Titanium Dioxide, Iron Oxides",283,4343,1.3,0.0,https://www.sephora.com/product/dd-cream-dermatologically-defining-bb-cream-broad-spectrum-spf-30-P381802?icid2=products%20grid:p381802,1.3,30.76923076923077
Kakadu C™ High Potency Evening Oil,DERMAdoctor,moisturizing-cream-oils-mists,74.0,"Alumina, Aluminum Hydroxide, Behenyl Alcohol, Butylene Glycol, C1215 Alkyl Benzoate, Caprylic, Caprylyl Glycol, Carbomer, Cellulose Gum, Cetyl Alcohol, Dextrin Palmitate, Dimethicone, Dimethylacrylamide, Disodium EDTA, Ethoxydiglycol, Ethylhexylglycerin, Glycerin, Hexylene Glycol, Hydrogenated Lecithin, Isostearic Acid, Lycium Barbarum Fruit Extract, Lysine, Magnesium Chloride, Nordihydroguaiaretic Acid, Octyldodecyl Neopentanoate, Oleanolic Acid, Palmitoyl Hexapeptide14, Panthenol, PEG60 Almond Glycerides, Phenoxyethanol, Phospholipids, Phytantriol, Polyglyceryl3 Diisostearate, Polysorbate 80, Potassium Chloride, Silica, Sodium Benzoate, Sodium Chloride, Sodium Dehydroacetate, Sodium Hyaluronate Crosspolymer, Sodium Hydroxide, Squalane, Steareth2, Steareth21, Stearic Acid, Superoxide Dismutase, Tetrahexyldecyl Ascorbate, Tocopherol, Tocopheryl Acetate, Triethoxycaprylylsilane, Triethylhexanoin, Xanthan Gum, Zinc Chloride, May Contain: Mica, Titanium Dioxide, Iron Oxides",3,746,1.0,0.0,https://www.sephora.com/product/kakadu-c-tm-high-potency-evening-oil-P430400?icid2=products%20grid:p430400,1.0,74.0
"Resilience Lift Firming/Sculpting Face and Neck Lotion Broad Spectrum SPF 15, Normal/Combination",Estée Lauder,moisturizing-cream-oils-mists,82.0,"Alumina, Aluminum Hydroxide, Behenyl Alcohol, Butylene Glycol, C1215 Alkyl Benzoate, Caprylic, Caprylyl Glycol, Carbomer, Cellulose Gum, Cetyl Alcohol, Dextrin Palmitate, Dimethicone, Dimethylacrylamide, Disodium EDTA, Ethoxydiglycol, Ethylhexylglycerin, Glycerin, Hexylene Glycol, Hydrogenated Lecithin, Isostearic Acid, Lycium Barbarum Fruit Extract, Lysine, Magnesium Chloride, Nordihydroguaiaretic Acid, Octyldodecyl Neopentanoate, Oleanolic Acid, Palmitoyl Hexapeptide14, Panthenol, PEG60 Almond Glycerides, Phenoxyethanol, Phospholipids, Phytantriol, Polyglyceryl3 Diisostearate, Polysorbate 80, Potassium Chloride, Silica, Sodium Benzoate, Sodium Chloride, Sodium Dehydroacetate, Sodium Hyaluronate Crosspolymer, Sodium Hydroxide, Squalane, Steareth2, Steareth21, Stearic Acid, Superoxide Dismutase, Tetrahexyldecyl Ascorbate, Tocopherol, Tocopheryl Acetate, Triethoxycaprylylsilane, Triethylhexanoin, Xanthan Gum, Zinc Chloride, May Contain: Mica, Titanium Dioxide, Iron Oxides",3,915,1.7,0.0,https://www.sephora.com/product/resilience-lift-firming-sculpting-face-neck-lotion-broad-spectrum-spf-15-normal-combination-P380040?icid2=products%20grid:p380040,1.7,48.235294117647065
Blue Herbal Moisturizer,Kiehl's Since 1851,moisturizing-cream-oils-mists,25.0,"Glycerin, Montmorillonite, Dimethicone, Cyclohexasiloxane, Glyceryl Stearate Se, Polyglyceryl-3 Methylglucose Distearate, Stearyl Alcohol, Pentylene Glycol, Propylene Glycol, Methylparaben, Chlorphenesin, Xanthan Gum, Carbomer Sodium Hydroxide, Sodium Pca, Butylparaben, Dipropylene Glycol, Tetrasodium Edta, Laminaria Saccharina Extract, Menthol, Aloe Barbadensis Leaf Juice, Boswellia Serrata Extract, Camphor, Hamamelis Virginiana Leaf Extract, Poterium Officinale Root Extract, Zingiber Officinale Root Extract, Cinnamomum Cassia Bark Extract, Blue 1",20,1006,3.4,0.0,https://www.sephora.com/product/blue-herbal-moisturizer-P422256?icid2=products%20grid:p422256,3.4,7.352941176470589
Boosted Contouring Serum,Tata Harper,moisturizing-cream-oils-mists,295.0,"Hordeum Vulgare Leaf Juice, Glycerin, Capric Triglyceride, Rosa Damascena Flower Water, Propanediol, Cocos Nucifera Fruit Extract, Silybum Marianum Ethyl Ester, Arachidyl Alcohol, Glyceryl Stearate SE, Helianthus Annuus Seed Wax, Cetearyl Olivate, Cetyl Alcohol, Dipalmitoyl Hydroxyproline, Glyceryl Undecylenate, Algae Extract, Narcissus Tazetta Bulb Extract, Hyaluronic Acid, Citrus Aurantium Dulcis Flower Extract, Punica Granatum Extract, Carthamus Tinctorius Oleosomes, Leontopodium Alpinum Callus Culture Extract, Sambucus Nigra Fruit Extract, Calcium Ketogluconate, Phoenix Dactylifera Seed Extract, Sodium Hyaluronate, Voandzeia Subterranea Seed Extract, Pistacia Lentiscus Gum, Centella Asiatica Extract, Algae Oligosaccharides, Alaria Esculenta Extract, Menyanthes Trifoliata Leaf Extract, Rosmarinyl Glucoside, Lavandula Stoechas Extract, Caffeyl Glucoside, Gallyl Glucoside, Sorbitan Olivate, Ribose, Rosa Rubiginosa Seed Oil, Saccharide Isomerate, Arachidyl Glucoside, Salix Alba Bark Extract, Glyceryl Caprylate, Helianthus Annuus Seed Oil, Opuntia Ficus Indica, Santalum Spicatum Seed Oil, Camellia Oleifera Seed Oil, Camellia Sinensis Seed Oil, Euterpe Oleracea Fruit Oil, Plukenetia Volubilis Seed Oil, Arnica Montana Extract, Borago Officinalis Leaf Extract, Calendula Officinalis Flower Extract, Medicago Sativa Extract, Spiraea Ulmaria Extract, Tocopherol, Olea Europaea Oil, Aroma, Behenyl Alcohol, Maltodextrin, Xanthan Gum, p-Anisic Acid, Acacia Senegal Gum, Radish Root Ferment Filtrate, Citric Acid, Sodium Citrate, Benzyl Alcohol, Benzyl Benzoate, Citral, Citronellol, Eugenol, Geraniol, Limonene, Linalool",1,285,1.0,0.0,https://www.sephora.com/product/boosted-contouring-serum-P449409?icid2=products%20grid:p449409,1.0,295.0
Pure Shots Perfect Plumper Face Cream,Yves Saint Laurent,moisturizing-cream-oils-mists,88.0,"Aqua, Butyrospermum Parkii Butter, Cyclohexasiloxane, Isononyl Isononanoate, Butylene Glycol, Dimethicone, Isopropyl Lauroyl Sarcosinate, Peg100 Stearate, Glyceryl Stearate, Citrus Aurantium Amara Flower Extract, Adenosine, Capryloyl Salicylic Acid, Disodium Edta, Ribose, Sodium Hydroxide, Niacinamide, Panthenol, Tocopherol, Cera Alba, Boron Nitride, Stearalkonium Hectorite, Acrylates, Acrylates, Alkyl Acrylate Crosspolymer, Behenyl Alcohol, Biosaccharide Gum1, Caprylyl Glycol, Cetyl Hydroxyethylcellulose, Ci 77891, Citric Acid, Mica, Myristic Acid, Palmitic Acid, Potassium Cetyl Phosphate, Propylene Carbonate, Propylene Glycol, Stearic Acid, Tin Oxide, Dimethiconol, Polysilicone11, Benzyl Alcohol, Geraniol, Linalool, Ci 14700, Ci 15985, Ci 19140, Chlorphenesin, Phenoxyethanol, Parfum",1,164,1.6,0.0,https://www.sephora.com/product/yves-saint-laurent-pure-shots-perfect-plumper-face-cream-P454079?icid2=products%20grid:p454079,1.6,55.0
White Lotus Moisturizing Jelly,KENZOKI,moisturizing-cream-oils-mists,45.0,"Aqua, Butyrospermum Parkii Butter, Cyclohexasiloxane, Isononyl Isononanoate, Butylene Glycol, Dimethicone, Isopropyl Lauroyl Sarcosinate, Peg100 Stearate, Glyceryl Stearate, Citrus Aurantium Amara Flower Extract, Adenosine, Capryloyl Salicylic Acid, Disodium Edta, Ribose, Sodium Hydroxide, Niacinamide, Panthenol, Tocopherol, Cera Alba, Boron Nitride, Stearalkonium Hectorite, Acrylates, Acrylates, Alkyl Acrylate Crosspolymer, Behenyl Alcohol, Biosaccharide Gum1, Caprylyl Glycol, Cetyl Hydroxyethylcellulose, Ci 77891, Citric Acid, Mica, Myristic Acid, Palmitic Acid, Potassium Cetyl Phosphate, Propylene Carbonate, Propylene Glycol, Stearic Acid, Tin Oxide, Dimethiconol, Polysilicone11, Benzyl Alcohol, Geraniol, Linalool, Ci 14700, Ci 15985, Ci 19140, Chlorphenesin, Phenoxyethanol, Parfum",1,177,1.7,0.0,https://www.sephora.com/product/white-lotus-moisturizing-jelly-P427533?icid2=products%20grid:p427533,1.7,26.470588235294123
Neuropeptide Night Cream,Perricone MD,moisturizing-cream-oils-mists,240.0,"Glycerin, Isononyl Isononanoate, Pentaerythrityl Tetraethylhexanoate, Cetearyl Alcohol, Butyrospermum Parkii Butter, C1220 Acid PEG8 Ester, Dimethyl Isosorbide, C1018 Triglycerides, Isodecyl Salicylate, Butylene Glycol, Hydroxyethyl Acrylate, Squalane, C1215 Alkyl Benzoate, Dimethicone, Polymethyl Methacrylate, Dimethyl MEA, Acetyl Hexapeptide8, Pentapeptide18, Tetrapeptide21, Dipeptide2, Palmitoyl Tetrapeptide7, Palmitoyl Hexapeptide12, Tyrosine, Tocopheryl Acetate, Dipotassium Glycyrrhizate, Hesperidin Methyl Chalcone, Ceramide NG, Fructose, Allantoin, Trehalose, Maltose, Glucose, Sodium Hyaluronate, Citric Acid, Sodium Hydroxide, Disodium EDTA, Sodium Chloride, Steareth20, Polysorbate 60, Caprylyl Glycol, Tribehenin, CocoGlucoside, Pentylene Glycol, Hexylene Glycol, Urea, PEG10 Rapeseed Sterol, Sodium Lactate, Sodium PCA, Phenoxyethanol, Potassium Sorbate, Fragrance, Linalool, Limonene",0,226,2.5,0.0,https://www.sephora.com/product/neuropeptide-night-cream-P434343?icid2=products%20grid:p434343,2.5,96.0
Pure Shots Perfect Plumper Face Cream Refill,Yves Saint Laurent,moisturizing-cream-oils-mists,70.0,"Aqua, Butyrospermum Parkii Butter, Cyclohexasiloxane, Isononyl Isononanoate, Butylene Glycol, Dimethicone, Isopropyl Lauroyl Sarcosinate, Peg100 Stearate, Glyceryl Stearate, Citrus Aurantium Amara Flower Extract, Adenosine, Capryloyl Salicylic Acid, Disodium Edta, Ribose, Sodium Hydroxide, Niacinamide, Panthenol, Tocopherol, Cera Alba, Boron Nitride, Stearalkonium Hectorite, Acrylates, Acrylates, Alkyl Acrylate Crosspolymer, Behenyl Alcohol, Biosaccharide Gum1, Caprylyl Glycol, Cetyl Hydroxyethylcellulose, Ci 77891, Citric Acid, Mica, Myristic Acid, Palmitic Acid, Potassium Cetyl Phosphate, Propylene Carbonate, Propylene Glycol, Stearic Acid, Tin Oxide, Dimethiconol, Polysilicone11, Benzyl Alcohol, Geraniol, Linalool, Ci 14700, Ci 15985, Ci 19140, Chlorphenesin, Phenoxyethanol, Parfum",0,226,1.6,0.0,https://www.sephora.com/product/yves-saint-laurent-pure-shots-perfect-plumper-face-cream-refill-P454080?icid2=products%20grid:p454080,1.6,43.75
Superfood Antioxidant Cleanser,Youth To The People,cleanser,36.0,"Sodium Cocoyl Glutamate, Cocamidopropyl Betaine, Panthenol, Tocopheryl Acetate, Ascorbic Acid, Butylene Glycol, Brassica Oleracea Leaf Extract, Spinacia Oleracea Leaf Extract, Camellia Sinensis Leaf Extract, Chamomilla Recutita Flower Extract, Medicago Sativa Extract, Aloe Barbadensis Leaf Extract, Natural Fragrance, Lecithin, HydroxypropylMethylcellulose, Phenoxyethanol, Potassium Sorbate, Sodium Benzoate, Chlorophyll",1000,76936,0.0,8.0,https://www.sephora.com/product/kale-spinach-green-tea-age-prevention-cleanser-P411387?icid2=products%20grid:p411387,8.0,4.5
Glycolic Acid 7% Toning Solution,The Ordinary,cleanser,8.7,"Glycolic Acid, Rosa damascena flower water, Centaurea cyanus flower water, Aloe Barbadensis Leaf Propanediol, Glycerin, Triethanolamine, Aminomethyl Propanol, Panax Ginseng Root Extract, Tasmannia Lanceolata Fruit, Aspartic Acid, Alanine, Glycine, Serine, Valine, Isoleucine, Proline, Threonine, Histidine, Phenylalanine, Glutamic Acid, Arginine, PCA, Sodium PCA, Sodium Lactate, Fructose, Glucose, Sucrose, Urea, Hexyl Nicotinate, Dextrin, Citric Acid, Polysorbate 20, Gellan Gum, Trisodium Ethylenediamine Disuccinate, Sodium Chloride, Hexylene Glycol, Potassium Sorbate, Sodium Benzoate, 12Hexanediol, Caprylyl Glycol",1000,168585,8.0,0.0,https://www.sephora.com/product/the-ordinary-deciem-glycolic-acid-7-toning-solution-P427406?icid2=products%20grid:p427406,8.0,1.0875
Green Clean Makeup Removing Cleansing Balm,Farmacy,cleanser,34.0,"Cetyl Ethylhexanoate, Caprylic, Peg20 Glyceryl Triisostearate, Peg10 Isostearate, Polyethylene, Echinacea Purpurea Root Extract, Carica Papaya Fruit Extract, Moringa Pterygosperma Seed Extract, Moringa Oleifera Seed Oil, Zingiber Officinale Root Oil, Helianthus Annuus Seed Oil, Sorbitan Sesquioleate, Citrus Aurantifolia Oil, Citrus Aurantium Bergamia Fruit Oil, Glycerin, Melia Azadirachta Leaf Extract, Melia Azadirachta Flower Extract, Corallina Officinalis Extract, Citrus Aurantium Dulcis Peel Oil, Amber Powder, Cananga Odorata Flower Oil, Coccinia Indica Fruit Extract, Solanum Melongena Fruit Extract, Curcuma Longa Root Extract, Ocimum Sanctum Leaf Extract, Butylene Glycol, Disodium Phosphate, Citric Acid, Phenoxyethanol, Citral, Limonene, Linalool",3000,181566,0.0,3.4,https://www.sephora.com/product/green-clean-makeup-meltaway-cleansing-balm-P417238?icid2=products%20grid:p417238,3.4,10.0
Soy Face Cleanser,Fresh,cleanser,38.0,"CocoGlucoside, Glycerin, Butylene Glycol, PEG7 Glyceryl Cocoate, Xanthan Gum, Glycine Soja Oil, Helianthus Annuus Seed Oil, Borago Officinalis Seed Oil, Aloe Barbadensis Leaf Juice, Cucumis Sativus Fruit Extract, Rosa Damascena Extract, Rosa Damascena Flower Centaurea Cyanus Flower Extract, Glycine Soja Sterols, Panax Ginseng Root Extract, Rosa Damascena Flower Oil, Malva Sylvestris Flower Extract, Tocopherol, Ascorbyl Palmitate, PEG120 Methyl Glucose Dioleate, PEG40 Hydrogenated Castor Oil, Caprylyl Glycol, Polysorbate 20, Caprylic, Silica, Benzoic Acid, Disodium EDTA, Citric Acid, Behenyl Alcohol, Glyceryl Stearate, Lecithin, Pentylene Glycol, Hydrolyzed Soy Protein, Caramel, Sodium Benzoate, Potassium Sorbate, Phenoxyethanol",7000,168737,0.0,5.1,https://www.sephora.com/product/soy-face-cleanser-P7880?icid2=products%20grid:p7880,5.1,7.450980392156862
The Deep Cleanse Exfoliating Cleanser,Tatcha,cleanser,38.0,Hadasei3,1000,92912,0.0,5.0,https://www.sephora.com/product/the-deep-cleanse-P427536?icid2=products%20grid:p427536,5.0,7.6
Cleansing & Exfoliating Wipes,SEPHORA COLLECTION,cleanser,8.0,"Aqua, Caprylic, Peg40 Hydrogenated Castor Oil, Phenoxyethanol, Glycerin, Parfum, Benzyl Alcohol, Ethylhexylglycerin, Glyceryl Stearate, Lauryl Glucoside, Sodium Lauroyl Lactylate, Citric Acid, Cetearyl Alcohol, Sodium Stearoyl Lactylate, Limonene, Cannabis Sativa Seed Oil, Tocopherol",3000,207690,0.0,0.0,https://www.sephora.com/product/cleansing-exfoliating-wipes-P409800?icid2=products%20grid:p409800,4.92609452736319,1.6240045649879542
The Rice Polish Foaming Enzyme Powder,Tatcha,cleanser,65.0,"Microcrystalline Cellulose, Oryza Sativa Powder, Sodium Lauryl Phosphate, Sodium Palmoyl Glutamate, Sodium Lauroyl Glutamate, Lauryl Betaine, Sodium Lauroyl Methylaminopropionate, Saccharomyces, Papain, Oryza Sativa Bran, Sericin, Hydrolyzed Silk, Propanediol, Dextrin, Phytosteryl, Ethylhexylglycerin, Tocopherol, Propyl Alcohol, Alcohol, Phenoxyethanol Hadasei3",1000,97066,2.1,0.0,https://www.sephora.com/product/polished-rice-enzyme-powder-P426340?icid2=products%20grid:p426340,2.1,30.952380952380953
Beste™ No. 9 Jelly Cleanser,Drunk Elephant,cleanser,32.0,"Glycerin, Cocamidopropyl Betaine, CocoGlucoside, Sodium Lauroyl Methyl Isethionate, Cocamidopropyl Hydroxysultaine, Sodium Methyl Oleoyl Taurate, Propanediol, Aloe Barbadensis Leaf Extract, Glycolipids, LinoleicAcid, Linolenic Acid, Lauryl Glucoside, Cucumis Melo Cantalupensis Fruit Extract, SclerocaryaBirrea Seed Oil, Dipotassium Glycyrrhizate, Tocopherol, Citric Acid, Phenoxyethanol, Sodium Hydroxide, Sodium Benzoate, Sodium Chloride, Polylysine",1000,67248,5.0,0.0,https://www.sephora.com/product/beste-no-9-jelly-cleanser-P426836?icid2=products%20grid:p426836,5.0,6.4
Purity Made Simple Cleanser,philosophy,cleanser,24.0,"Glycerin, Cocamidopropyl Betaine, CocoGlucoside, Sodium Lauroyl Methyl Isethionate, Cocamidopropyl Hydroxysultaine, Sodium Methyl Oleoyl Taurate, Propanediol, Aloe Barbadensis Leaf Extract, Glycolipids, LinoleicAcid, Linolenic Acid, Lauryl Glucoside, Cucumis Melo Cantalupensis Fruit Extract, SclerocaryaBirrea Seed Oil, Dipotassium Glycyrrhizate, Tocopherol, Citric Acid, Phenoxyethanol, Sodium Hydroxide, Sodium Benzoate, Sodium Chloride, Polylysine",11000,172523,0.0,8.0,https://www.sephora.com/product/purity-made-simple-P7109?icid2=products%20grid:p7109,8.0,3.0
Daily Microfoliant Exfoliator,Dermalogica,cleanser,59.0,"Microcrystalline Cellulose, Magnesium Oxide, Sodium Cocoyl Isethionate, Sodium Lauroyl Glutamate, Colloidal Oatmeal, Disodium Lauryl Sulfosuccinate, Oryza Sativa Bran, Oryza Sativa Starch, Allantoin, Papain, Salicylic Acid, Ginkgo Biloba Leaf Extract, Camellia Sinensis Leaf Extract, Glycyrrhiza Glabra Root Extract, PCA, Hydrolyzed Wheat Protein, Populus Tremuloides Bark Extract, Cyclodextrin, Lauryl Methacrylate, Melaleuca Alternifolia Leaf Oil, Limonene, Citrus Paradisi Peel Oil, Citric Acid, Titanium Dioxide, Hexylene Glycol",274,23787,0.0,2.6,https://www.sephora.com/product/daily-microfoliant-P423688?icid2=products%20grid:p423688,2.6,22.69230769230769
Squalane Cleanser,The Ordinary,cleanser,7.9,"Squalane, CocoCaprylate, Glycerin, Sucrose Stearate, Ethyl Macadamiate, Caprylic, Sucrose Laurate, Hydrogenated Starch Hydrolysate, Sucrose Dilaurate, Sucrose Trilaurate, Polyacrylate Crosspolymer6, Isoceteth20, Sodium Polyacrylate, Tocopherol, Hydroxymethoxyphenyl Decanone, Trisodium Ethylenediamine Disuccinate, Malic Acid, Ethylhexylglycerin, Chlorphenesin",195,23969,0.0,1.7,https://www.sephora.com/product/the-ordinary-squalane-cleanser-P444718?icid2=products%20grid:p444718,1.7,4.647058823529412
Truth Juice™ Daily Cleanser,OLEHENRIKSEN,cleanser,28.0,"Sodium Cocoyl Isethionate, Sodium Cocoamphoacetate, Cocamidopropyl Hydroxysultaine, Sodium Chloride, Acrylates, Phenoxyethanol, Citrus Aurantium Dulcis Oil, Glycol Distearate, Gluconolactone, Propanediol, Glycerin, 12Hexanediol, Citrus Aurantium Dulcis Peel Oil, Sodium Benzoate, Citrus Aurantium Dulcis Fruit Titanium Dioxide, Citrus Sinensis Fruit Extract, Triethyl Citrate, Caprylhydroxamic Acid, Citrus Aurantium Dulcis Fruit Extract, Citrus Limon Fruit Extract, Hippophae Rhamnoides Kernel Extract, Lycium Barbarum Fruit Extract, Rosa Canina Fruit Extract, Calcium Gluconate, Helianthus Annuus Seed Oil, Leuconostoc, Sodium Hydroxide, Yellow 6, Citric Acid, Potassium Sorbate, Xanthan Gum, Sodium Citrate, Limonene, Linalool",107,13584,5.0,0.0,https://www.sephora.com/product/ole-henriksen-truth-juice-daily-cleanser-P453227?icid2=products%20grid:p453227,5.0,5.6
Glow2OH™ Dark Spot Toner,OLEHENRIKSEN,cleanser,29.0,"Sodium Cocoyl Isethionate, Sodium Cocoamphoacetate, Cocamidopropyl Hydroxysultaine, Sodium Chloride, Acrylates, Phenoxyethanol, Citrus Aurantium Dulcis Oil, Glycol Distearate, Gluconolactone, Propanediol, Glycerin, 12Hexanediol, Citrus Aurantium Dulcis Peel Oil, Sodium Benzoate, Citrus Aurantium Dulcis Fruit Titanium Dioxide, Citrus Sinensis Fruit Extract, Triethyl Citrate, Caprylhydroxamic Acid, Citrus Aurantium Dulcis Fruit Extract, Citrus Limon Fruit Extract, Hippophae Rhamnoides Kernel Extract, Lycium Barbarum Fruit Extract, Rosa Canina Fruit Extract, Calcium Gluconate, Helianthus Annuus Seed Oil, Leuconostoc, Sodium Hydroxide, Yellow 6, Citric Acid, Potassium Sorbate, Xanthan Gum, Sodium Citrate, Limonene, Linalool",2000,72641,0.0,6.5,https://www.sephora.com/product/glow2oh-dark-spot-toner-P439061?icid2=products%20grid:p439061,6.5,4.461538461538462
Take The Day Off Cleansing Balm,CLINIQUE,cleanser,30.0,"Ethylhexyl Palmitate, Carthamus Tinctorius Seed Oil, Caprylic, Sorbeth30 Tetraoleate, Polyethylene, Peg5 Glyceryl Triisostearate, Tocopherol, Phenoxyethanol",3000,139674,0.0,3.8,https://www.sephora.com/product/take-the-day-off-cleansing-balm-P126301?icid2=products%20grid:p126301,3.8,7.894736842105264
Rose Deep Hydration Facial Toner,Fresh,cleanser,45.0,"Glycerin, Butylene Glycol, Rosa Centifolia Flower, Rosa Damascena Flower Rosa Multiflora Fruit Extract, Angelica Keiskei Extract, Rosa Damascena Flower Oil, Sodium Hyaluronate, PEG150, PPG26Buteth26, PEG40 Hydrogenated Castor Oil, Sodium Citrate, Xanthan Gum, Citric Acid, BHT, Parfum, Phenoxyethanol, Citronellol, Geraniol",1000,121977,0.0,8.4,https://www.sephora.com/product/rose-deep-hydration-facial-toner-P417936?icid2=products%20grid:p417936,8.4,5.357142857142857
Bi-Facil Double-Action Eye Makeup Remover,Lancôme,cleanser,30.0,"Aqua, Isohexadecane, Sodium Chloride, Poloxamer 184, Hexylene Glycol, Dipotassium Phosphate, Benzyl Alcohol, Potassium Phosphate, Quaternium15, Benzalkonium Chloride, Parfum, Citronellol, Geraniol",3000,52966,0.0,4.2,https://www.sephora.com/product/bi-facil-double-action-eye-makeup-remover-P54477?icid2=products%20grid:p54477,4.2,7.142857142857142
Pure Skin Face Cleanser,First Aid Beauty,cleanser,21.0,"Sodium Cocoyl Isethionate, Glycerin, Stearic Acid, Hydrogenated Coconut Acid, Sodium Isethionate, Stearyl Alcohol, Allantoin, Chrysanthemum Parthenium Extract, Camellia Sinensis Leaf Extract, Glycyrrhiza Glabra Extract, Aloe Barbadensis Leaf Juice, Tocopherol, Caprylyl Glycol, Sodium PCA, CocoGlucoside, Glyceryl Oleate, Hydroxypropyl Methylcellulose, Hydrogenated Palm Glycerides Citrate, Disodium Cocoamphodiacetate, Phenoxyethanol, Sodium Chloride, Disodium EDTA, Citric Acid, Maltodextrin, Leuconostoc, EDTA",3000,85588,0.0,5.0,https://www.sephora.com/product/face-cleanser-P248404?icid2=products%20grid:p248404,5.0,4.2
Super Amino Gel Cleanser,Summer Fridays,cleanser,38.0,"Water, CocoGlucoside, Disodium Cocoamphodiacetate, Glycerin, Sodium Lauroamphoacetate, Aloe Barbadensis Leaf Juice, Sodium PCA, Sodium Lactate, Arginine, Aspartic Acid, PCA, Glycine, Alanine, Serine, Valine, Proline, Threonine, Isoleucine, Histidine, Phenylalanine, Maris Sal, Helianthus Annuus Seed Oil, Phytosteryl, Tocopheryl Acetate, Natural Fragrance, Acrylates, Citric Acid, Phenoxyethanol, Ethylhexylglycerin",0,3710,5.0,0.0,https://www.sephora.com/product/summer-fridays-super-amino-gel-cleanser-P455242?icid2=products%20grid:p455242,5.0,7.6
Balancing Force™ Oil Control Toner,OLEHENRIKSEN,cleanser,29.0,"Polysorbate 20, Hamamelis Virginiana  Gylcerin, Gluconolactone, Glycolic Acid, Lactic Acid, Oleth20, Salicylic Acid, Sodium Hydroxide, Sodium Benzoate, Menthyl Lactate, Eucalpytus Globulus Leaf Oil, Mentha Piperita Oil, Melia Azadirachta Seed Oil, Linoleic Acid, Macrocystis Pyrifera Extract, Eucalyptus Globulus Leaf Extract, Chondrus Crispus Extract, Camellia Sinensis Leaf Extract, Linolenic Acid, Phenoxyethanol, Calcium Gluconate, Benzoic Acid, Tocopherol, Limonene",1000,67924,6.5,0.0,https://www.sephora.com/product/balancing-force-oil-control-toner-P416816?icid2=products%20grid:p416816,6.5,4.461538461538462
ExfoliKate® Intensive Pore Exfoliating Treatment,Kate Somerville,cleanser,24.0,"Polysorbate 20, Hamamelis Virginiana  Gylcerin, Gluconolactone, Glycolic Acid, Lactic Acid, Oleth20, Salicylic Acid, Sodium Hydroxide, Sodium Benzoate, Menthyl Lactate, Eucalpytus Globulus Leaf Oil, Mentha Piperita Oil, Melia Azadirachta Seed Oil, Linoleic Acid, Macrocystis Pyrifera Extract, Eucalyptus Globulus Leaf Extract, Chondrus Crispus Extract, Camellia Sinensis Leaf Extract, Linolenic Acid, Phenoxyethanol, Calcium Gluconate, Benzoic Acid, Tocopherol, Limonene",2000,56428,0.0,0.5,https://www.sephora.com/product/exfolikate-intensive-exfoliating-treatment-P232915?icid2=products%20grid:p232915,0.5,48.0
Calendula Herbal Extract Alcohol Free Toner,Kiehl's Since 1851,cleanser,38.0,"Propylene Glycol, Pentylene Glycol, Methylparaben, Disodium EDTA, Arctium Lappa Extract, Calendula Officinalis Extract, Calendula Officinalis Flower Extract, Hydrolyzed Corn Starch, Allantoin, Hedera Helix Extract Ivy Leaf, Althaea Officinalis",133,24410,0.0,8.4,https://www.sephora.com/product/calendula-herbal-extract-alcohol-free-toner-P421997?icid2=products%20grid:p421997,8.4,4.523809523809524
Checks and Balances™ Frothy Face Wash,Origins,cleanser,24.0,"Propylene Glycol, Pentylene Glycol, Methylparaben, Disodium EDTA, Arctium Lappa Extract, Calendula Officinalis Extract, Calendula Officinalis Flower Extract, Hydrolyzed Corn Starch, Allantoin, Hedera Helix Extract Ivy Leaf, Althaea Officinalis",2000,77499,0.0,5.0,https://www.sephora.com/product/checks-balances-frothy-face-wash-P297516?icid2=products%20grid:p297516,5.0,4.8
"Take The Day Off Makeup Remover For Lids, Lashes & Lips",CLINIQUE,cleanser,19.5,"Isohexadecane, Dimethicone, Cyclopentasiloxane, Trisiloxane, Peg4 Dilaurate, Lauryl Methyl Gluceth10 Hydroxypropyldimonium Chloride, Hexylene Glycol, Sodium Chloride, Potassium Phosphate, Dipotassium Phosphate, Dipotassium Edta, Phenoxyethanol",3000,67918,0.0,4.2,https://www.sephora.com/product/take-the-day-off-makeup-remover-for-lids-lashes-lips-P122735?icid2=products%20grid:p122735,4.2,4.6428571428571415
Slaai™  Makeup-Melting Butter Cleanser,Drunk Elephant,cleanser,34.0,"Bambusa Arundinacea Stem Extract, Charcoal Powder, Microcrystalline Cellulose, Mannitol, Zea Mays Starch, Potassium Sorbate",838,47052,0.0,0.0,https://www.sephora.com/product/slaai-makeup-melting-butter-cleanser-P442566?icid2=products%20grid:p442566,4.92609452736319,6.902019401198807
Waterproof Eye Makeup Remover,SEPHORA COLLECTION,cleanser,11.0,"Bambusa Arundinacea Stem Extract, Charcoal Powder, Microcrystalline Cellulose, Mannitol, Zea Mays Starch, Potassium Sorbate",3000,68564,0.0,4.2,https://www.sephora.com/product/waterproof-eye-makeup-remover-P276319?icid2=products%20grid:p276319,4.2,2.619047619047619
Facial Cotton,Shiseido,cleanser,12.0,"Bambusa Arundinacea Stem Extract, Charcoal Powder, Microcrystalline Cellulose, Mannitol, Zea Mays Starch, Potassium Sorbate",2000,95088,0.0,0.0,https://www.sephora.com/product/facial-cotton-P173726?icid2=products%20grid:p173726,4.92609452736319,2.436006847481931
The Clean Truth™ Foaming Cleanser,OLEHENRIKSEN,cleanser,30.0,"Sodium Methyl Cocoyl Taurate, Cocamidopropyl Betaine, PPG5Ceteth20, Fragrance, Cocamidopropyl PGDimonium Chloride Phosphate, PEG8 Dimethicone, Phenoxyethanol, PEG8 Ricinoleate, Leuconostoc, Citric Acid, Ascorbic Acid, Aloe Barbadensis Leaf Juice, Glycerin, Calcium Ascorbate, Cucurbita Pepo Fruit Extract, Chamomilla Recutita Flower Extract, Aspalathus Linearis Leaf Extract, Ribes Nigrum Seed Oil, Linum Usitatissimum Seed Oil, Daucus Carota Sativa Seed Oil, Borago Officinalis Seed Oil, Butyrospermum Parkii Butter, Sodium Benzoate, Potassium Sorbate, Sodium Sulfite, Limonene",1000,52649,0.0,7.0,https://www.sephora.com/product/the-clean-truth-foaming-cleanser-P211343?icid2=products%20grid:p211343,7.0,4.285714285714286
Sugar Strawberry Exfoliating Face Wash,Fresh,cleanser,33.0,"Glycerin, Sucrose, Butylene Glycol, Fragaria Vesca Fruit Extract, PEG6 Caprylic, Ribes Nigrum Fruit Extract, Zea Mays Starch, Vitis Vinifera Seed Oil, Fragaria Ananassa Fruit Juice, Sapindus Mukorossi Peel Extract, Tocopherol, Parfum, Carbomer, Sodium Hydroxide, BHT, Potassium Sorbate, Phenoxyethanol, Limonene, Citral, Benzyl Alcohol, Linalool",916,34416,0.0,4.2,https://www.sephora.com/product/sugar-strawberry-exfoliating-face-wash-P445827?icid2=products%20grid:p445827,4.2,7.857142857142858
Transforming Walnut Scrub,OLEHENRIKSEN,cleanser,28.0,"Cocamidopropyl Hydroxysultaine, Juglans Regia Shell Powder, Glyceryl Stearate SE, Sodium Lauroyl Sarcosinate, Prunus Armenaica Seed Powder, Cetyl Alcohol, Sorbitol, Acrylates Copolymer, Parfum, Benzyl Alcohol, Sodium Chloride, Phenoxyethanol, Chlorphenesin, Caprylyl Glycol, Glycerin, Sodium Benzoate, Glycol Distearate, Cocomidopropyl Betaine, Hexylene Glycol, Ethylhexylglycerin, Potassium Hydroxide, Tetrasodium EDTA, Laureth4, Panax Ginseng Root Extract, Chamomilla Recutita Flower Extract, Calendula Officinalis Flower Extract, Tocopheryl Acetate, Lecithin, Allantoin, Aloe Barbadensis Leaf Juice Powder, Citric Acid, Linalool, Hexyl Cinnamal, Limonene",1000,48450,3.0,0.0,https://www.sephora.com/product/transforming-walnut-scrub-P42318?icid2=products%20grid:p42318,3.0,9.333333333333334
Greek Yoghurt Foaming Cream Cleanser ,KORRES,cleanser,26.0,"WaterSodium Cocoyl Isethionate, CocobetaineCetearyl Alcohol, DisodiuLauryl Sulfosuccinate, Zea Mays Flower ExtractParfum, Sodium CocoyAlaninate, Sodium Cocoyl HydrolyzeAmaranth Protein, Sodium PhytateTitanium Dioxide, Yogurt Powder",3000,50225,0.0,5.07,https://www.sephora.com/product/greek-yoghurt-foaming-cream-cleanser-P392253?icid2=products%20grid:p392253,5.07,5.128205128205128
Ready Steady Glow Daily AHA Toner,REN Clean Skincare,cleanser,38.0,"WaterSodium Cocoyl Isethionate, CocobetaineCetearyl Alcohol, DisodiuLauryl Sulfosuccinate, Zea Mays Flower ExtractParfum, Sodium CocoyAlaninate, Sodium Cocoyl HydrolyzeAmaranth Protein, Sodium PhytateTitanium Dioxide, Yogurt Powder",589,37523,0.0,8.5,https://www.sephora.com/product/ready-steady-glow-daily-aha-tonic-P428095?icid2=products%20grid:p428095,8.5,4.470588235294118
CoQ-10 Toner,Indie Lee,cleanser,34.0,"Aloe Barbadensis, Ubiquinone, Hyaluronic Acid, Anthemis Nobilis, Salvia Officinalis, Carica Papaya Leaf Extract, Cucums Sativus Extract, Citrus Aurantium Flower Oil, Propanediol, Ethylhexylglycerin, Potassium Sorbate",233,21841,4.2,0.0,https://www.sephora.com/product/coq-10-toner-P432272?icid2=products%20grid:p432272,4.2,8.095238095238095
Special Cleansing Gel,Dermalogica,cleanser,39.0,"Aloe Barbadensis, Ubiquinone, Hyaluronic Acid, Anthemis Nobilis, Salvia Officinalis, Carica Papaya Leaf Extract, Cucums Sativus Extract, Citrus Aurantium Flower Oil, Propanediol, Ethylhexylglycerin, Potassium Sorbate",167,9259,0.0,8.4,https://www.sephora.com/product/special-cleansing-gel-P423136?icid2=products%20grid:p423136,8.4,4.6428571428571415
ExfoliKate® Cleanser Daily Foaming Wash,Kate Somerville,cleanser,38.0,"Stearic Acid, Sodium Cocoyl Glycinate, Lauramidopropyl Betaine, Glycerin, Hydroxypropyl Starch Phosphate, CetearylPhosphate, Xylitylglucoside, Dimethicone PEG8 Meadowfoamate, Anhydroxylitol, Xylitol, Leuconostoc, Bromelain, Papain, Lactobacillus, Lauramide DIPA, Aloe Barbadensis Leaf Juice Powder, Lactic Acid, Glycolic Acid, Citrus Aurantium Bergamia Fruit Oil, Aniba Rosaeodora Wood Extract, Citrus Aurantium Dulcis Peel Oil, Glucose, Pelargonium Graveolens Flower Oil, Citral, Benzyl Benzoate, Benzyl Alcohol, Sodium Hydroxide, Limonene, Chlorphenesin, Linalool, Citronellol, Maltodextrin, Geraniol, CI 75810",702,40929,0.0,4.0,https://www.sephora.com/product/exfolikate-cleanser-daily-foaming-wash-P404322?icid2=products%20grid:p404322,4.0,9.5
microdermabrasion age defying exfoliator,Dr. Brandt Skincare,cleanser,79.0,"Water, Alumina, Glycerin, Caprylic, Cetyl Alcohol, Glyceryl Stearate, Ammonium Acryloyldimethyltaurate, Simmondsia Chinensis Seed Oil, Xanthan Gum, Peg100 Stearate, Phenoxyethanol, Lactic Acid, Menthone Glycerin Acetal, Caprylyl Glycol, Allantoin, Disodium Edta, Tocopheryl Acetate, Sodium Benzoate, Aloe Barbadensis Leaf Extract, Vitis Vinifera Seed Extract, Sd Alcohol 40a, Camellia Sinensis Leaf Extract, Propylene Glycol, Chamomilla Recutita Flower Extract, Fragrance, Citral, Limonene",1000,43838,0.0,2.0,https://www.sephora.com/product/microdermabrasion-age-defying-exfoliator-P45503?icid2=products%20grid:p45503,2.0,39.5
Liquid Facial Soap,CLINIQUE,cleanser,18.5,"Sodium Laureth Sulfate, Sodium Chloride, Cocamidopropyl Hydroxysultaine, Lauramidopropyl Betaine, Sodium Cocoyl Sarcosinate, TeaCocoyl Glutamate, DiPpg2 Myreth10 Adipate, Aloe Barbadensis Leaf Juice, Peg120 Methyl Glucose Dioleate, Sucrose, Sodium Hyaluronate, Cetyl Triethylmonium Dimethicone Peg8 Succinate, Butylene Glycol, Hexylene Glycol, Polyquaternium7, Laureth2, Caprylyl Glycol, Sodium Sulfate, Tocopheryl Acetate, Edta, Disodium Edta, Phenoxyethanol",2000,45129,0.0,6.7,https://www.sephora.com/product/liquid-facial-soap-P139000?icid2=products%20grid:p139000,6.7,2.7611940298507456
Cleansing Wipes - Coconut Water,SEPHORA COLLECTION,cleanser,8.0,"Sodium Laureth Sulfate, Sodium Chloride, Cocamidopropyl Hydroxysultaine, Lauramidopropyl Betaine, Sodium Cocoyl Sarcosinate, TeaCocoyl Glutamate, DiPpg2 Myreth10 Adipate, Aloe Barbadensis Leaf Juice, Peg120 Methyl Glucose Dioleate, Sucrose, Sodium Hyaluronate, Cetyl Triethylmonium Dimethicone Peg8 Succinate, Butylene Glycol, Hexylene Glycol, Polyquaternium7, Laureth2, Caprylyl Glycol, Sodium Sulfate, Tocopheryl Acetate, Edta, Disodium Edta, Phenoxyethanol",80,0,0.0,0.0,https://www.sephora.com/product/cleansing-exfoliating-wipes-P410144?icid2=products%20grid:p410144,4.92609452736319,1.6240045649879542
Find Your Balance™ Oil Control Cleanser,OLEHENRIKSEN,cleanser,26.0,"Sodium Cocoyl Isethionate, Decyl Glucoside, Cocamidopropyl Betaine, Glycerin, Acrylates Copolymer, Glycol Distearate, Phenoxyethanol, Glycolic Acid, Lactic Acid, Sodium Hydroxide, Caprylyl Glycol, Eucalyptus Globulus Leaf Oil, Mentha Piperita Oil, Laureth4, Ethylhexylglycerin, Hexylene Glycol, Melia Azadirachta Seed Oil, Linoleic Acid, Camellia Sinensis Leaf Extract, Chonrus Crispus Extract, Eucalyptus Globulus Leaf Extract, Macrocystis Pyrifera Extract, Phytic Acid, Linolenic Acid, Sodium Benzoate, Tocopherol, Limonene",1000,46075,0.0,5.0,https://www.sephora.com/product/find-your-balance-oil-control-cleanser-P416815?icid2=products%20grid:p416815,5.0,5.2
The Cleansing Foam,La Mer,cleanser,95.0,"Declustered Water \Aqua\Eau DeStructuree, Myristic Acid, Glycerin, Behenic Acid, Palmitic Acid, Sodium Methyl Cocoyl Taurate, Potassium Hydroxide, Lauric Acid, Stearic Acid, Algae Extract, Sesamum Indicum Seed Oil, Medicago Sativa Seed Powder, Helianthus Annuus Seedcake, Prunus Amygdalus Dulcis Seed Meal, Eucalyptus Globulus Leaf Oil, Sodium Gluconate, Copper Gluconate, Calcium Gluconate, Magnesium Gluconate, Zinc Gluconate, Tocopheryl Succinate, Niacin, Sesamum Indicum Seed Powder, Quartz Powder, Nephrite Powder, Pearl Powder, Caffeine, Sea Salt\Maris Sal\Sel Marin, Humic Acids, Sodium Hyaluronate, Sucrose, Tourmaline, Macrocystis Pyrifera Protein, Polyquaternium51, Aloe Barbadensis Leaf Trehalose, Cellulose, Butylene Glycol, Sodium Coco PgDimonium Chloride Phosphate, Sodium Bicarbonate, Sodium Pca, Peg3 Distearate, Urea, Fragrance, Disodium Edta, Linalool, Limonene, Phenoxyethanol, Methylchloroisothiazolinone, Methylisothiazolinone, Yellow 5, Yellow 6, Blue 1, Green 5",81,14077,0.0,4.2,https://www.sephora.com/product/the-cleansing-foam-P416344?icid2=products%20grid:p416344,4.2,22.619047619047613
Brightening Cleanser,Indie Lee,cleanser,34.0,"Declustered Water \Aqua\Eau DeStructuree, Myristic Acid, Glycerin, Behenic Acid, Palmitic Acid, Sodium Methyl Cocoyl Taurate, Potassium Hydroxide, Lauric Acid, Stearic Acid, Algae Extract, Sesamum Indicum Seed Oil, Medicago Sativa Seed Powder, Helianthus Annuus Seedcake, Prunus Amygdalus Dulcis Seed Meal, Eucalyptus Globulus Leaf Oil, Sodium Gluconate, Copper Gluconate, Calcium Gluconate, Magnesium Gluconate, Zinc Gluconate, Tocopheryl Succinate, Niacin, Sesamum Indicum Seed Powder, Quartz Powder, Nephrite Powder, Pearl Powder, Caffeine, Sea Salt\Maris Sal\Sel Marin, Humic Acids, Sodium Hyaluronate, Sucrose, Tourmaline, Macrocystis Pyrifera Protein, Polyquaternium51, Aloe Barbadensis Leaf Trehalose, Cellulose, Butylene Glycol, Sodium Coco PgDimonium Chloride Phosphate, Sodium Bicarbonate, Sodium Pca, Peg3 Distearate, Urea, Fragrance, Disodium Edta, Linalool, Limonene, Phenoxyethanol, Methylchloroisothiazolinone, Methylisothiazolinone, Yellow 5, Yellow 6, Blue 1, Green 5",374,24021,4.2,0.0,https://www.sephora.com/product/brightening-cleanser-P432271?icid2=products%20grid:p432271,4.2,8.095238095238095
Blueberry Bounce Gentle Cleanser,Glow Recipe,cleanser,34.0,"Palm Kernel, Caulerpa Lentillifera Extract, Sodium Hyaluronate, Vaccinium Angustifolium Fruit Extract, Vaccinium Angustifolium Fruit, Glycolic Acid, Lactic Acid, Physalis Peruviana Fruit Extract, Rubus Idaeus Fruit Extract, Arctostaphylos Uva Ursi Leaf Extract, Morus Nigra Fruit Extract, Vaccinium Myrtillus Fruit Extract, BetaGlucan, Scutellaria Baicalensis Root Extract, Paeonia Suffruticosa Root Extract, Glycyrrhiza Glabra Root Extract, Betaine, Sodium Chloride, Fragrance",485,29595,0.0,5.41,https://www.sephora.com/product/blueberry-bounce-gentle-cleanser-P436359?icid2=products%20grid:p436359,5.41,6.284658040665433
MakeUp-BreakUp Cool Cleansing Oil,boscia,cleanser,32.0,"Cetyl Ethylhexanoate, Olea Europaea Fruit Oil, Polyglyceryl10 Diisostearate, Hydrogenated Polyisobutene, PEG20 Glyceryl Triisostearate, Glyceryl Behenate, Persea Gratissima Oil, Camellia Sinensis Leaf Extract, Rosa Canina Fruit Oil, Eucalyptus Globulus Leaf Oil, Camellia Oleifera Leaf Extract, Corallina Officinalis Extract, Simmondsia Chinensis Seed Extract, Epilobium Angustifolium Flower, Curcuma Longa Root Extract, Ocimum Sanctum Leaf Extract, Aloe Barbadensis Flower Extract, Carthamus Tinctorius Seed Oil, Solanum Melongena Fruit Extract, Coccinia Indica Fruit Extract, Simmondsia Chinensis Seed Oil, Melia Azadirachta Flower Extract, Melia Azadirachta Leaf Extract, Isostearic Acid, Menthol, Butylene Glycol, Tocopheryl Acetate",2000,84713,0.0,5.0,https://www.sephora.com/product/makeup-breakup-cool-cleansing-oil-P254604?icid2=products%20grid:p254604,5.0,6.4
Regenerating Exfoliating Cleanser,Tata Harper,cleanser,42.0,"Hordeum Vulgare Leaf Juice, Cetearyl Alcohol, Cetearyl Olivate, Helianthus Annuus Seed Oil, Propanediol, Prunus Armeniaca Seed Powder, Sorbitan Olivate, Lactobacillus Ferment, Lactobacillus, Leuconostoc Ferment Filtrate, Sambucus Nigra Fruit Extract, Salix Alba Bark Extract, Arnica Montana Extract, Borago Officinalis Leaf Extract, Calendula Officinalis Flower Extract, Medicago Sativa Extract, Spiraea Ulmaria Extract, CocoGlucoside, Cetearyl Glucoside, Olea Europaea Oil, Kaolin, Sclerotium Gum, Cetyl Palmitate, Sorbitan Palmitate, Sodium Phytate, CI77491, Aroma, Alcohol, Citral, Limonene, LinaloolIngredients from farming Clinical grade essential oils blend",388,25324,0.0,1.7,https://www.sephora.com/product/regenerating-cleanser-P379710?icid2=products%20grid:p379710,1.7,24.705882352941174
Calendula Deep Clean Foaming Face Wash,Kiehl's Since 1851,cleanser,32.0,"Aqua, CocoBetaine, Glycerin, Acrylates Copolymer, Sodium Chloride, Phenoxyethanol, Citrus Limon Peel Oil, Limonene, Sodium Hydroxide, Tetrasodium Edta, Propylene Glycol, Geranium Maculatum Oil, Citral, Calendula Officinalis Flower Extract, Cymbopogon Schoenanthus Oil, Artemisia Absinthium Extract, Citric Acid",178,20697,0.0,7.7,https://www.sephora.com/product/calendula-deep-clean-foaming-face-wash-P422013?icid2=products%20grid:p422013,7.7,4.155844155844156
The Original MakeUp Eraser® Makeup Remover Cloth,Makeup Eraser,cleanser,20.0,"Aqua, CocoBetaine, Glycerin, Acrylates Copolymer, Sodium Chloride, Phenoxyethanol, Citrus Limon Peel Oil, Limonene, Sodium Hydroxide, Tetrasodium Edta, Propylene Glycol, Geranium Maculatum Oil, Citral, Calendula Officinalis Flower Extract, Cymbopogon Schoenanthus Oil, Artemisia Absinthium Extract, Citric Acid",2000,77558,0.0,0.0,https://www.sephora.com/product/the-original-makeup-eraser-makeup-remover-cloth-P396033?icid2=products%20grid:p396033,4.92609452736319,4.060011412469885
Instant Foaming Cleanser,Caudalie,cleanser,28.0,"Hydroxyethylcellulose, Sodium Hyaluronate, Disodium EDTA, Sodium Nitrate, Algae Extract, Calcium Pantothenate, Glycerin, Phenoxyethanol",13,1680,0.0,5.0,https://www.sephora.com/product/caudalie-instant-foaming-cleanser-P454778?icid2=products%20grid:p454778,5.0,5.6
Treatment Enzyme Peel Cleansing Powder,AMOREPACIFIC,cleanser,60.0,"Mannitol, Sodium Cocoyl Glycinate, Sodium Lauroyl Glutamate, Zeolite, Silica, Betaine, Allantoin, Potassium Laurate, Polycaprolactone, Fragrance, Zea Mays Starch, Peg75, Dipotassium Glycyrrhizate, Disodium Edta, Trehalose, Butylene Glycol, Papain, Lactobacillus Ferment Lysate, Yellow 5, Zingiber Officinale Root Extract, Zizyphus Jujuba Fruit Extract, Camellia Sinensis Leaf Extract",1000,54186,0.0,1.76,https://www.sephora.com/product/treatment-enzyme-peel-P232931?icid2=products%20grid:p232931,1.76,34.09090909090909
EradiKate® Daily Cleanser Acne Treatment,Kate Somerville,cleanser,38.0,"Sodium Cocoyl Isethionate, CocoGlucoside, Acrylates Copolymer, Coconut Alcohol, Glycereth18 Ethylhexanoate, Glycereth18, Stearyl Alcohol, Mel Extract, Oryza Sativa Bran Extract, Avena Sativa Kernel Extract, Oligopeptide10, Boswellia Serrata Extract, Behenyl Alcohol, Glycerin, Xanthan Gum, Caprylyl Glycol, Hexylene Glycol, Butylene Glycol, Phenoxyethanol, Parfum, Citric Acid, Sodium Hydroxide, Ethylhexylglycerin, Disodium EDTA, Disodium Carboxyethyl Siliconate, Linalool, Potassium Sorbate, Sodium Benzoate, CI 77891, CI 77491",477,27820,4.0,0.0,https://www.sephora.com/product/eradikate-daily-cleanser-acne-treatment-P415667?icid2=products%20grid:p415667,4.0,9.5
Cleanser,Eve Lom,cleanser,80.0,"Paraffinum Liquidum, PEG30 Lanolin, Cetearyl Alcohol, BisDiglyceryl Polyacyladipate2, Aluminum Stearate, Theobroma Cacao Seed Butter, Peg75 Lanolin, Phenoxyethanol, Eugenia Caryophyllus Leaf Oil, Humulus Lupulus Oil, Chamomilla Recutita Flower Oil, Eucalyptus Globulus Leaf Oil, BHT",630,29083,0.0,3.4,https://www.sephora.com/product/cleanser-P381436?icid2=products%20grid:p381436,3.4,23.529411764705888
Kombucha + 11% AHA Exfoliation Power Toner,Youth To The People,cleanser,38.0,"LArginine, Lactic Acid, Glycolic Acid, Pentylene Glycol, Glycerin, Betaine, Phenoxyethanol, Potassium Sorbate, Zingiber Officinale  Citrus Limon Fruit Saccharomyces, Tetrasodium Glutamate Diacetate, Pichia Ferment Lysate Filtrate, Caramel",421,25340,4.0,0.0,https://www.sephora.com/product/kombucha-11-aha-exfoliation-power-toner-P446935?icid2=products%20grid:p446935,4.0,9.5
Ultra Repair Wild Oat Hydrating Toner,First Aid Beauty,cleanser,22.0,"Glycerin, Glycereth26, Squalane, Sorbitan Oleate, Avena Strigosa Seed Extract, Mel, Saccharomyces, Sodium Hyaluronate, Colloidal Oatmeal, Avena Sativa Kernel Extract, Propolis Extract, Glycyrrhiza Glabra Root Extract, Chrysanthemum Parthenium Extract, Camellia Sinensis Leaf Extract, BetaGlucan, Acrylates, Leuconostoc, Xanthan Gum, Ethylhexylglycerin, Ethylhexyl Salicylate, Phenoxyethanol, Sodium Hydroxide, Citric Acid, Potassium Sorbate, Sodium Benzoate, Chlorphenesin, Sorbic Acid, Benzoic Acid",94,10608,6.0,0.0,https://www.sephora.com/product/ultra-repair-wild-oat-hydrating-toner-P447603?icid2=products%20grid:p447603,6.0,3.6666666666666665
Squalane + Glycolic Renewal Mask,Biossance,cleanser,68.0,"Glycerin, Glycolic Acid, Squalane, Caprylic, Stearyl Alcohol, Arachidyl Alcohol, Clay Mineral Oxides, Behenyl Alcohol, Sodium Hydroxide, Lactic Acid, Pyrus Malus Fruit Extract, Capryloyl Glycerin, Vaccinium Myrtillus Fruit Extract, Saccharum Officinarum Extract, Acer Saccharum Extract, Kaolin, Sodium Hyaluronate, Xanthan Gum, Diheptyl Succinate, Citrus Aurantium Dulcis Fruit Extract, Citrus Limon Fruit Extract, Citric Acid, Tartaric Acid, Glycyrrhiza Glabra Root Extract, Citrus Limon Peel Oil, Montmorillonite, Illite, Acacia Senegal Gum, Biosaccharide Gum1, Arachidyl Glucoside, Polyacrylate Crosspolymer6, Phenoxyethanol, Ethylhexylglycerin, Sodium Phytate, Limonene",116,26574,2.02,0.0,https://www.sephora.com/product/squalane-glycolic-renewal-facial-P433886?icid2=products%20grid:p433886,2.02,33.663366336633665
Purifying Cleansing Gel,boscia,cleanser,28.0,"Hydrogenated Starch Hydrolysate, Disodium Cocoyl Glutamate, Diglycerin, Acrylates, Sodium Cocoyl Glycinate, Butylene Glycol, Methyl Gluceth10, Sodium Cocoyl Glutamate, Simmondsia Chinensis Seed Extract, Epilobium Angustifolium Flower, Rosmarinus Officinalis Leaf Extract, Camellia Oleifera Leaf Extract, Hydrangea Serrata Leaf Extract, Pelargonium Graveolens Flower Oil, Citric Acid, Glycerin, 12Hexanediol, Caprylyl Glycol, Cellulose Gum, Sclerotium Gum, Trisodium Ethylenediamine Disuccinate, Sodium Lauroyl Glutamate, Sodium Chloride, Polysorbate 20",1000,47848,5.0,0.0,https://www.sephora.com/product/purifying-cleansing-gel-P61204?icid2=products%20grid:p61204,5.0,5.6
Pore-Balance™ Facial Sauna Scrub,OLEHENRIKSEN,cleanser,28.0,Neem Seed Oil: A legendary ingredient in Ayurveda,633,43347,3.0,0.0,https://www.sephora.com/product/pore-balance-tm-facial-sauna-scrub-P418872?icid2=products%20grid:p418872,3.0,9.333333333333334
Precleanse Cleansing Oil,Dermalogica,cleanser,45.0,Rice Bran: Gently exfoliates,162,11876,0.0,5.1,https://www.sephora.com/product/precleanse-P423148?icid2=products%20grid:p423148,5.1,8.823529411764708
Clear Complexion Cleanser,boscia,cleanser,28.0,"Hydrogenated Starch Hydrolysate, Disodium Cocoyl Glutamate, Diglycerin, Acrylates, Sodium Cocoyl Glycinate, Butylene Glycol, Methyl Gluceth10, Sodium Cocoyl Glutamate, Salix Nigra Bark Extract, Simmondsia Chinensis Seed Extract, Epilobium Angustifolium, Rosmarinus Officinalis Leaf Extract, Pelargonium Graveolens Flower Oil, Citric Acid, 12Hexanediol, Caprylyl Glycol, Sodium Lauroyl Glutamate, Trisodium Ethylenediamine Disuccinate, Cellulose Gum, Sclerotium Gum, Polysorbate 20",1000,42828,5.0,0.0,https://www.sephora.com/product/clear-complexion-cleanser-P199612?icid2=products%20grid:p199612,5.0,5.6
Facial Treatment Clear Lotion Toner,SK-II,cleanser,76.0,"Galactomyces Ferment Filtrate, Butylene Glycol, Polysorbate 20, Glycerin, Sodium Hyaluronate, PEG150, Cellulose Gum, Disodium EDTA, Citric Acid, Salicylic Acid, Lactic Acid, Malic Acid, Sodium Citrate, Sodium Benzoate, Methylparaben",176,15368,0.0,5.4,https://www.sephora.com/product/facial-treatment-clear-lotion-P375853?icid2=products%20grid:p375853,5.4,14.074074074074073
Moisturizing Toner,Caudalie,cleanser,28.0,"Butylene Glycol, Peg40 Hydrogenated Castor Oil, Sodium Carboxymethyl Betaglucan, Methylpropanediol, Sodium Benzoate, Fragrance, Caprylyl Glycol, Citric Acid, Biosaccharide Gum1, Phenylpropanol, Glyceryl Caprylate",514,33640,0.0,6.7,https://www.sephora.com/product/moisturizing-toner-P253623?icid2=products%20grid:p253623,6.7,4.17910447761194
Ultra Facial Cleanser,Kiehl's Since 1851,cleanser,21.0,"Sodium Laureth Sulfate, Decyl Glucoside, Glycerin, Cocamidopropyl Betaine, Disodium Cocoamphodiacetate, Acrylates Copolymer, PEG200 Hydrogenated Glyceryl Palmate, Lauryl Glucoside, Sodium Chloride, Pentylene Glycol, Triethanolamine, Phenoxyethanol, PEG7 Glyceryl Cocoate, Distearyl Ether, Behenyl Alcohol, Methylparaben, Laureth2, Propylparaben, Sodium Methylparaben, Squalane, Prunus Amygdalus Dulcis Oil, Prunus Armeniaca Kernel Oil, Tocopherol, Ascorbyl Glucoside, Persea Gratissima Oil, Sodium Hydroxide, Citric Acid",645,26092,5.0,0.0,https://www.sephora.com/product/ultra-facial-cleanser-P422007?icid2=products%20grid:p422007,5.0,4.2
Tonique Confort Re-Hydrating Comforting Toner with Acacia Honey,Lancôme,cleanser,31.0,"Aqua, Glycerin, Cyclopentasiloxane, Phenoxyethanol, Isopropyl Palmitate, Peg60 Hydrogenated Castor Oil, Triethanolamine, Acrylates, Methylparaben, Mel, Mannitol, Parfum, Tocopheryl Acetate, Propylparaben, Sodium Hyaluronate, Cyclodextrin, Prunus Amygdalus Dulcis Protein, Hexyl Cinnamal, Faex, AlphaIsomethyl Ionone, Disodium Succinate, Ci 14700",1000,38090,0.0,6.7,https://www.sephora.com/product/tonique-confort-comforting-rehydrating-toner-P54509?icid2=products%20grid:p54509,6.7,4.626865671641791
Clarifying Lotion 2,CLINIQUE,cleanser,17.0,"Alcohol Denat, Glycerin, Hamamelis Virginiana, Menthol, Acetyl Glucosamine, Trehalose, Sodium Hyaluronate, Butylene Glycol, Sodium Bicarbonate, Red 6, Red 33, Ext Violet 2",1000,30526,0.0,6.7,https://www.sephora.com/product/clarifying-lotion-2-P122882?icid2=products%20grid:p122882,6.7,2.5373134328358207
Sugar Face Polish Exfoliator,Fresh,cleanser,62.0,"Alcohol Denat, Glycerin, Hamamelis Virginiana, Menthol, Acetyl Glucosamine, Trehalose, Sodium Hyaluronate, Butylene Glycol, Sodium Bicarbonate, Red 6, Red 33, Ext Violet 2",969,65059,0.0,4.4,https://www.sephora.com/product/sugar-face-polish-P12295?icid2=products%20grid:p12295,4.4,14.09090909090909
Vinopure Pore Purifying Gel Cleanser,Caudalie,cleanser,28.0,"Alcohol Denat, Glycerin, Hamamelis Virginiana, Menthol, Acetyl Glucosamine, Trehalose, Sodium Hyaluronate, Butylene Glycol, Sodium Bicarbonate, Red 6, Red 33, Ext Violet 2",124,12279,5.0,0.0,https://www.sephora.com/product/vinopure-pore-purifying-gel-cleanser-P446939?icid2=products%20grid:p446939,5.0,5.6
Alpha Beta® Pore Perfecting Cleansing Gel,Dr. Dennis Gross Skincare,cleanser,38.0,"Alcohol Denat, Glycerin, Hamamelis Virginiana, Menthol, Acetyl Glucosamine, Trehalose, Sodium Hyaluronate, Butylene Glycol, Sodium Bicarbonate, Red 6, Red 33, Ext Violet 2",228,15088,0.0,7.5,https://www.sephora.com/product/alpha-beta-r-pore-perfecting-cleansing-gel-P430816?icid2=products%20grid:p430816,7.5,5.066666666666666
Sens’Eyes - Waterproof Sensitive Eye Cleanser,MAKE UP FOR EVER,cleanser,25.0,"Isododecane, Methylpropanediol, Pentylene Glycol, Acrylates Copolymer, Tromethamine, Butylene Glycol, Glycerin, Caprylyl Glycol, Sodium Dehydroacetate, Disodium Edta, Panthenol, Mel Extract, Sodium Lauryl Sulfate, Urea, Gossypium Herbaceum Flower Extract, Ci 42090, Fructose, Glucose, Inositol, Sucrose, Trehalose, Arginine Hcl, Lysine Hcl, Ornithine Hcl, Sodium Lactate, Sodium Citrate",2000,25305,0.0,3.38,https://www.sephora.com/product/sens-eyes-waterproof-sensitive-eye-cleanser-P171101?icid2=products%20grid:p171101,3.38,7.396449704142013
Confidence in a Cleanser,IT Cosmetics,cleanser,28.0,"Isododecane, Methylpropanediol, Pentylene Glycol, Acrylates Copolymer, Tromethamine, Butylene Glycol, Glycerin, Caprylyl Glycol, Sodium Dehydroacetate, Disodium Edta, Panthenol, Mel Extract, Sodium Lauryl Sulfate, Urea, Gossypium Herbaceum Flower Extract, Ci 42090, Fructose, Glucose, Inositol, Sucrose, Trehalose, Arginine Hcl, Lysine Hcl, Ornithine Hcl, Sodium Lactate, Sodium Citrate",296,16419,0.0,5.0,https://www.sephora.com/product/confidence-in-cleanser-tm-skin-transforming-hydrating-cleansing-serum-P426829?icid2=products%20grid:p426829,5.0,5.6
Exfoliating Scrub,CLINIQUE,cleanser,23.0,"Isododecane, Methylpropanediol, Pentylene Glycol, Acrylates Copolymer, Tromethamine, Butylene Glycol, Glycerin, Caprylyl Glycol, Sodium Dehydroacetate, Disodium Edta, Panthenol, Mel Extract, Sodium Lauryl Sulfate, Urea, Gossypium Herbaceum Flower Extract, Ci 42090, Fructose, Glucose, Inositol, Sucrose, Trehalose, Arginine Hcl, Lysine Hcl, Ornithine Hcl, Sodium Lactate, Sodium Citrate",1000,29592,3.4,0.0,https://www.sephora.com/product/exfoliating-scrub-P122718?icid2=products%20grid:p122718,3.4,6.764705882352941
"Take The Day Off Makeup Remover For Lids, Lashes & Lips Jumbo",CLINIQUE,cleanser,26.0,"Isohexadecane, Dimethicone, Cyclopentasiloxane, Trisiloxane, PEG4 Dilaurate, Lauryl Methyl Gluceth10 Hydroxypropyldimonium Chloride, Hexylene Glycol, Sodium Chloride, Potassium Phosphate, Dipotassium Phosphate, Dipotassium EDTA, Phenoxyethanol",1,0,0.0,6.7,https://www.sephora.com/product/take-day-off-makeup-remover-for-lids-lashes-lips-jumbo-P433827?icid2=products%20grid:p433827,6.7,3.880597014925373
The Method: Polish,LANCER Skincare,cleanser,75.0,"Isohexadecane, Dimethicone, Cyclopentasiloxane, Trisiloxane, PEG4 Dilaurate, Lauryl Methyl Gluceth10 Hydroxypropyldimonium Chloride, Hexylene Glycol, Sodium Chloride, Potassium Phosphate, Dipotassium Phosphate, Dipotassium EDTA, Phenoxyethanol",510,13728,0.0,4.2,https://www.sephora.com/product/the-method-polish-P399737?icid2=products%20grid:p399737,4.2,17.857142857142858
AHA/BHA Exfoliating Cleanser,Murad,cleanser,40.0,"Sodium Laureth Sulfate, Cocamidopropyl Betaine, Jojoba Esters, Acrylates Copolymer, Glycol Stearate, Butylene Glycol, Sodium PCA, Dipotassium Glycyrrhizate, Sodium Ascorbyl Phosphate, Glycolic Acid, Lactic Acid, Salicylic Acid, Polyquaternium4, Sodium Hydroxide, Sodium Chloride, Citric Acid, Disodium EDTA, Phenoxyethanol, Methylparaben, Propylparaben",660,31120,0.0,6.75,https://www.sephora.com/product/aha-bha-exfoliating-cleanser-P4010?icid2=products%20grid:p4010,6.75,5.925925925925926
Facial Treatment Cleanser,SK-II,cleanser,75.0,"Sodium Lauroyl Glutamate, Propylene Glycol, PEG150 Stearate, Galactomyces Ferment Filtrate, Sodium PCA, Glycol Stearate, Butylene Glycol, Cocamide Mea, Rosa Canina Fruit Oil, Stearamide Amp, Pentylene Glycol, Salix Alba Bark Extract, Dipotassium Glycyrrhizate, Hydroxyphenyl Propamidobenzoic Acid, Ascorbyl Palmitate, BHT, Phenethyl Alcohol, Methylparaben, Propylparaben",90,9875,3.6,0.0,https://www.sephora.com/product/facial-treatment-cleanser-P375850?icid2=products%20grid:p375850,3.6,20.83333333333333
Cleansing Wipes - Watermelon - Hydrating,SEPHORA COLLECTION,cleanser,8.0,"Sodium Lauroyl Glutamate, Propylene Glycol, PEG150 Stearate, Galactomyces Ferment Filtrate, Sodium PCA, Glycol Stearate, Butylene Glycol, Cocamide Mea, Rosa Canina Fruit Oil, Stearamide Amp, Pentylene Glycol, Salix Alba Bark Extract, Dipotassium Glycyrrhizate, Hydroxyphenyl Propamidobenzoic Acid, Ascorbyl Palmitate, BHT, Phenethyl Alcohol, Methylparaben, Propylparaben",70,0,0.0,0.0,https://www.sephora.com/product/cleansing-wipes-watermelon-hydrating-P433300?icid2=products%20grid:p433300,4.92609452736319,1.6240045649879542
Clarifying Cleanser,Murad,cleanser,30.0,"Sodium Lauroyl Glutamate, Propylene Glycol, PEG150 Stearate, Galactomyces Ferment Filtrate, Sodium PCA, Glycol Stearate, Butylene Glycol, Cocamide Mea, Rosa Canina Fruit Oil, Stearamide Amp, Pentylene Glycol, Salix Alba Bark Extract, Dipotassium Glycyrrhizate, Hydroxyphenyl Propamidobenzoic Acid, Ascorbyl Palmitate, BHT, Phenethyl Alcohol, Methylparaben, Propylparaben",2000,40295,0.0,6.75,https://www.sephora.com/product/clarifying-cleanser-P4016?icid2=products%20grid:p4016,6.75,4.4444444444444455
Clean Bee Ultra Gentle Facial Cleanser,Farmacy,cleanser,28.0,"Sodium Lauroyl Glutamate, Propylene Glycol, PEG150 Stearate, Galactomyces Ferment Filtrate, Sodium PCA, Glycol Stearate, Butylene Glycol, Cocamide Mea, Rosa Canina Fruit Oil, Stearamide Amp, Pentylene Glycol, Salix Alba Bark Extract, Dipotassium Glycyrrhizate, Hydroxyphenyl Propamidobenzoic Acid, Ascorbyl Palmitate, BHT, Phenethyl Alcohol, Methylparaben, Propylparaben",546,29142,5.0,0.0,https://www.sephora.com/product/clean-bee-ultra-gentle-facial-cleanser-P431187?icid2=products%20grid:p431187,5.0,5.6
Vinopure Natural Salicylic Acid Pore Minimizing Toner,Caudalie,cleanser,28.0,Plant origin,219,23514,6.7,0.0,https://www.sephora.com/product/vinopure-natural-salicylic-acid-pore-minimizing-toner-P433625?icid2=products%20grid:p433625,6.7,4.17910447761194
Ultra Facial Toner,Kiehl's Since 1851,cleanser,17.0,"Glycerin, Squalane, Phenoxyethanol, Acrylates, Sorbitan Oleate, Ethylhexyl Salicylate, Peg100 Stearate, Potassium Sorbate, Triethanolamine, PAnisic Acid, Ascorbyl Glucoside, Sodium Hyaluronate, Prunus Amygdalus Dulcis Oil, Prunus Armeniaca Kernel Oil, Tocopherol, Persea Gratissima Oil",112,18878,0.0,8.4,https://www.sephora.com/product/ultra-facial-toner-P422011?icid2=products%20grid:p422011,8.4,2.023809523809524
Bye Bye Makeup Cleansing Balm,IT Cosmetics,cleanser,38.0,"Ethylhexyl Palmitate, Peg20 Glyceryl Triisostearate, Carthamus Tinctorius Seed Oil, Polyethylene, Macadamia Ternifolia Seed Oil, Peg8 Isostearate, Butyrospermum Parkii Butter, Tocopheryl Acetate, Aloe Barbadensis Leaf Extract, Camellia Sinensis Leaf Extract, Butylene Glycol, Glycerin, Glyceryl Linolenate, BetaSitosterol, Ceteth24, Cholesterol, Glyceryl Linoleate, Choleth24, Polysorbate 20, Niacinamide, Squalane, Peg40 Hydrogenated Castor Oil, Glyceryl Arachidonate, Propylene Glycol, Panthenol, Avena Sativa Kernel Extract, Ubiquinone, Ceramide Np, Ceramide Ap, Phytosphingosine, Curcuma Longa Root Extract, Palmitoyl Tripeptide1, Disteardimonium Hectorite, Propylene Carbonate, Palmitoyl Tetrapeptide7, Palmitoyl Hexapeptide12, Xanthan Gum, Copper Tripeptide1, Palmitoyl Pentapeptide4, Acetyl Hexapeptide8, Ceramide Eos, Melaleuca Alternifolia Leaf Oil, Sodium Ascorbyl Phosphate, Retinyl Palmitate, Potassium Cetyl Phosphate, Silica, Hyaluronic Acid, Glycyrrhiza Glabra Root Extract, Hydrolyzed Collagen, Chamomilla Recutita Flower Colloidal Oatmeal, Leuconostoc, Biotin, Octyldodecanol, Hydrogenated Lecithin, Carbomer, Caprylic, Sodium Lauroyl Lactylate, Sodium Lactate, Lecithin, Pentaerythrityl Tetraisostearate, Cyclomethicone, Dimethicone, Paraffinum Liquidum, Citrus Aurantium Dulcis Oil, Citric Acid, Disodium EDTA, Caprylyl Glycol, Phenoxyethanol, 12Hexanediol, Ethylhexylglycerin, Fragrance, Alcohol",456,24757,0.0,2.82,https://www.sephora.com/product/bye-bye-makeup-3-in-1-makeup-melting-cleansing-balm-P411399?icid2=products%20grid:p411399,2.82,13.47517730496454
SUPERTONER™ Exfoliating Acid Solution Toner,GLAMGLOW,cleanser,42.0,"Ethylhexyl Palmitate, Peg20 Glyceryl Triisostearate, Carthamus Tinctorius Seed Oil, Polyethylene, Macadamia Ternifolia Seed Oil, Peg8 Isostearate, Butyrospermum Parkii Butter, Tocopheryl Acetate, Aloe Barbadensis Leaf Extract, Camellia Sinensis Leaf Extract, Butylene Glycol, Glycerin, Glyceryl Linolenate, BetaSitosterol, Ceteth24, Cholesterol, Glyceryl Linoleate, Choleth24, Polysorbate 20, Niacinamide, Squalane, Peg40 Hydrogenated Castor Oil, Glyceryl Arachidonate, Propylene Glycol, Panthenol, Avena Sativa Kernel Extract, Ubiquinone, Ceramide Np, Ceramide Ap, Phytosphingosine, Curcuma Longa Root Extract, Palmitoyl Tripeptide1, Disteardimonium Hectorite, Propylene Carbonate, Palmitoyl Tetrapeptide7, Palmitoyl Hexapeptide12, Xanthan Gum, Copper Tripeptide1, Palmitoyl Pentapeptide4, Acetyl Hexapeptide8, Ceramide Eos, Melaleuca Alternifolia Leaf Oil, Sodium Ascorbyl Phosphate, Retinyl Palmitate, Potassium Cetyl Phosphate, Silica, Hyaluronic Acid, Glycyrrhiza Glabra Root Extract, Hydrolyzed Collagen, Chamomilla Recutita Flower Colloidal Oatmeal, Leuconostoc, Biotin, Octyldodecanol, Hydrogenated Lecithin, Carbomer, Caprylic, Sodium Lauroyl Lactylate, Sodium Lactate, Lecithin, Pentaerythrityl Tetraisostearate, Cyclomethicone, Dimethicone, Paraffinum Liquidum, Citrus Aurantium Dulcis Oil, Citric Acid, Disodium EDTA, Caprylyl Glycol, Phenoxyethanol, 12Hexanediol, Ethylhexylglycerin, Fragrance, Alcohol",290,18341,7.0,0.0,https://www.sephora.com/product/supertoner-exfoliating-acid-solution-P441865?icid2=products%20grid:p441865,7.0,6.0
Acne Solutions Cleansing Foam,CLINIQUE,cleanser,22.0,"Glycerin, Butylene Glycol, Sodium Methyl Cocoyl Taurate, Sucrose, Disodium Phosphate, Arginine Cocoate, Laminaria Saccharina Extract, Caffeine, Algae Extract, Cola Acuminata Seed Extract, Sea Whip Extract, Peg, Sodium Hyaluronate, Ppg6Decyltetradeceth30, Lactobacillus Ferment, Stearamidopropyl Dimethylamine, Acetyl Glucosamine, Capryloyl Glycine, 10Hydroxydecanoic Acid, Polyquaternium7, Phospholipids, Stearic Acid, Sodium Hydroxide, Disodium Edta, Phenoxyethanol, Chloroxylenol",956,29697,4.2,0.0,https://www.sephora.com/product/acne-solutions-cleansing-foam-P188309?icid2=products%20grid:p188309,4.2,5.238095238095238
Clarifying Blemish & Oil Control Cleanser,Tata Harper,cleanser,72.0,"Hordeum Vulgare Leaf Juice, Caprylyl, Coco Glucoside, Glycerin, Decyl Glucoside, Lauryl Glucoside, Maltooligosyl Glucoside, Mel, Salix Alba Bark Extract, Hydrogenated Starch Hydrolysate, Aroma, Hydrolyzed Opuntia FicusIndica Flower Extract, Lactobacillus Ferment, Leuconostoc Ferment Filtrate, Gaultheria Procumbens Leaf Extract, L Lactic Acid, Citric Acid, Yucca Schidigera Extract, Chlorella Pyrenoidosa, Juniperus Communis Fruit Extract, Saccharide Isomerate, Arnica Montana Extract, Borago Officinalis Leaf Extract, Calendula Officinalis Flower Extract, Medicago Sativa Extract, Spiraea Ulmaria Extract, Olea Europaea Oil, Serenoa Serrulata Fruit Extract, Tocopherol, Sambucus Nigra Fruit Extract, pAnisic Acid, Menthol, Menthyl Lactate, Sodium Phytate, Acacia Senegal Gum, Xanthan Gum, Sodium Citrate, Sodium Caproyl, Polyglyceryl10 Laurate, CI 77288, Alcohol, Limonene, Linalool",122,12747,4.1,0.0,https://www.sephora.com/product/clarifying-cleanser-P429954?icid2=products%20grid:p429954,4.1,17.5609756097561
Knockout Tingle Treatment Toner,tarte,cleanser,39.0,"niacinamide, lactic acid, citric acid, propanediol, glycerin, gluconolactone, malic acid, phytic acid, salicylic acid, sodium benzoate, magnesium chloride, acetic acid, potassium sorbate, allium cepa bulb extract, calcium gluconate, cochlearia armoracia root extract, commiphora myrrha resin extract, myrtus communis extract, rumex acetosa leaf extract, thymus vulgaris flower, calcium chloride, sodium chloride, potassium chloride, sulfur",578,33256,0.0,5.0,https://www.sephora.com/product/knockout-tingling-treatment-P427427?icid2=products%20grid:p427427,5.0,7.8
Treatment Cleansing Foam,AMOREPACIFIC,cleanser,50.0,"Glycerin, Stearic Acid, Myristic Acid, Potassium Hydroxide, Lauric Acid, Peg8, Sodium Myristoyl Glutamate, Glyceryl Stearate, Peg32, Peg, Sorbitol, Peg200 Hydrogenated Glyceryl Palmate, Cocamidopropyl Betaine, Phyllostachis Bambusoides Juice, Panax Ginseng Root Extract, Mangifera Indica Seed Butter, Olea Europaea Fruit Oil, Helianthus Annuus Seed Oil, Algae Extract, Glycyrrhiza Glabra Root Extract, Corallina Officinalis Extract, Lactose, Disodium Edta, Microcrystalline Cellulose, Butylene Glycol, Sucrose, Alcohol, Zea Mays Starch, Olive Oil Peg8 Esters, Ultramarines, Xanthan Gum, Tocopheryl Acetate, Trehalose, Triclosan, Phosphatidylcholine, Propylene Glycol, Peg100 Stearate, Peg14m, Peg5 Rapeseed Sterol, Peg7 Glyceryl Cocoate, Hydrogenated Lecithin, Sodium Benzoate, Fragrance",441,14052,0.0,4.1,https://www.sephora.com/product/treatment-cleansing-foam-P232930?icid2=products%20grid:p232930,4.1,12.19512195121951
Truth™ On the Glow Cleansing Cloths,OLEHENRIKSEN,cleanser,15.0,"Gluconolactone, Olea Europaea Fruit Oil, Sodium Benzoate, Glycerin, Parfum, CocoGlucoside, Aroma, Dehydroacetic Acid, Tocopheryl Acetate, Citric Acid, Ascorbic Acid, Calcium Gluconate, Elaeis Guineensis Oil, Vitis Vinifera Seed Oil, Simmondsia Chinensis Seed Oil, Squalane, Propylene Glycol, Ribes Nigrum Seed Oil, Pullulan, Cera Carnauba, Camellia Sinensis Leaf Extract, Rosa Gallica Flower Extract, Decyl Glucoside, Nannochloropsis Oculata Extract, Pentylene Glycol, Punica Granatum Fruit Extract, Potassium Sorbate, Phenoxyethanol, Ubiquinone, Vitis Vinifera Seed Extract, Tocopherol, Sorbic Acid, Rosa Damascena Flower Oil, Sodium Sulfite, Trisodium EDTA, Limonene, Benzyl Alcohol, Citral, Linalool",618,22036,0.0,0.0,https://www.sephora.com/product/truth-on-the-glow-cleansing-cloths-P385342?icid2=products%20grid:p385342,4.92609452736319,3.0450085593524143
Cleansing Wipes - Rose - Moisturizing,SEPHORA COLLECTION,cleanser,8.0,"Gluconolactone, Olea Europaea Fruit Oil, Sodium Benzoate, Glycerin, Parfum, CocoGlucoside, Aroma, Dehydroacetic Acid, Tocopheryl Acetate, Citric Acid, Ascorbic Acid, Calcium Gluconate, Elaeis Guineensis Oil, Vitis Vinifera Seed Oil, Simmondsia Chinensis Seed Oil, Squalane, Propylene Glycol, Ribes Nigrum Seed Oil, Pullulan, Cera Carnauba, Camellia Sinensis Leaf Extract, Rosa Gallica Flower Extract, Decyl Glucoside, Nannochloropsis Oculata Extract, Pentylene Glycol, Punica Granatum Fruit Extract, Potassium Sorbate, Phenoxyethanol, Ubiquinone, Vitis Vinifera Seed Extract, Tocopherol, Sorbic Acid, Rosa Damascena Flower Oil, Sodium Sulfite, Trisodium EDTA, Limonene, Benzyl Alcohol, Citral, Linalool",78,0,0.0,0.0,https://www.sephora.com/product/cleansing-exfoliating-wipes-P410148?icid2=products%20grid:p410148,4.92609452736319,1.6240045649879542
Exfoliating Wipes - Charcoal - Detoxifying,SEPHORA COLLECTION,cleanser,8.0,"Gluconolactone, Olea Europaea Fruit Oil, Sodium Benzoate, Glycerin, Parfum, CocoGlucoside, Aroma, Dehydroacetic Acid, Tocopheryl Acetate, Citric Acid, Ascorbic Acid, Calcium Gluconate, Elaeis Guineensis Oil, Vitis Vinifera Seed Oil, Simmondsia Chinensis Seed Oil, Squalane, Propylene Glycol, Ribes Nigrum Seed Oil, Pullulan, Cera Carnauba, Camellia Sinensis Leaf Extract, Rosa Gallica Flower Extract, Decyl Glucoside, Nannochloropsis Oculata Extract, Pentylene Glycol, Punica Granatum Fruit Extract, Potassium Sorbate, Phenoxyethanol, Ubiquinone, Vitis Vinifera Seed Extract, Tocopherol, Sorbic Acid, Rosa Damascena Flower Oil, Sodium Sulfite, Trisodium EDTA, Limonene, Benzyl Alcohol, Citral, Linalool",97,0,0.0,0.0,https://www.sephora.com/product/cleansing-exfoliating-wipes-P410157?icid2=products%20grid:p410157,4.92609452736319,1.6240045649879542
Micellar Cleansing Water,Caudalie,cleanser,14.0,"Glycerin, Poloxamer 188, Vitis Vinifera Fruit Heptyl Glucoside, Capryl, Sodium Levulinate, Sodium Anisate, Sodium Chloride, Fragrance, Chamomilla Recutita Flower Extract, Citric Acid, Vitis Vinifera Juice, Sodium Benzoate, Potassium Sorbate Plant Origin",584,28639,0.0,3.38,https://www.sephora.com/product/micellar-cleansing-water-P381020?icid2=products%20grid:p381020,3.38,4.142011834319527
Pekee™ Cleansing Bar,Drunk Elephant,cleanser,28.0,"Sodium CocoSulfate, Disodium Lauryl Sulfosuccinate, Triticum Vulgare Starch, Cetearyl Alcohol, Paraffin, Sclerocarya Birrea Seed Oil, Titanium Dioxide, Honey, Glycerin, Vaccinium Angustifolium Fruit Extract",381,17486,4.0,0.0,https://www.sephora.com/product/pekee-bar-tm-P392248?icid2=products%20grid:p392248,4.0,7.0
Anti-Aging Cleansing Gel,Peter Thomas Roth,cleanser,39.0,"Sodium CocoSulfate, Disodium Lauryl Sulfosuccinate, Triticum Vulgare Starch, Cetearyl Alcohol, Paraffin, Sclerocarya Birrea Seed Oil, Titanium Dioxide, Honey, Glycerin, Vaccinium Angustifolium Fruit Extract",1000,22458,0.0,8.5,https://www.sephora.com/product/anti-aging-cleansing-gel-P39274?icid2=products%20grid:p39274,8.5,4.588235294117646
Pore Clarifying Toner 10% Glycolic Acid + Pore Control Complex,Saturday Skin,cleanser,30.0,"Sodium CocoSulfate, Disodium Lauryl Sulfosuccinate, Triticum Vulgare Starch, Cetearyl Alcohol, Paraffin, Sclerocarya Birrea Seed Oil, Titanium Dioxide, Honey, Glycerin, Vaccinium Angustifolium Fruit Extract",2,2610,4.22,0.0,https://www.sephora.com/product/saturday-skin-pore-clarifying-toner-10-glycolic-acid-pore-control-complex-P455234?icid2=products%20grid:p455234,4.22,7.109004739336492
Acne Solutions Clarifying Lotion,CLINIQUE,cleanser,17.0,"Alcohol Denat, Nylon12, Butylene Glycol, Hamamelis Virginiana, Laminaria Saccharina Extract, Caffeine, Sucrose, Glycerin, Acetyl Glucosamine, Sorbitol, Sea Whip Extract, Barium Sulfate, 10Hydroxydecanoic Acid, Silica, Disodium Edta, Benzalkonium Chloride",925,28917,6.7,0.0,https://www.sephora.com/product/acne-solutions-clarifying-lotion-P188307?icid2=products%20grid:p188307,6.7,2.5373134328358207
Exfoliating Peel Gel,boscia,cleanser,34.0,"Alcohol Denat, Nylon12, Butylene Glycol, Hamamelis Virginiana, Laminaria Saccharina Extract, Caffeine, Sucrose, Glycerin, Acetyl Glucosamine, Sorbitol, Sea Whip Extract, Barium Sulfate, 10Hydroxydecanoic Acid, Silica, Disodium Edta, Benzalkonium Chloride",1000,45647,5.0,0.0,https://www.sephora.com/product/exfoliating-peel-gel-P393292?icid2=products%20grid:p393292,5.0,6.8
Umbrian Clay Pore Purifying Face Exfoliator,Fresh,cleanser,33.0,"Alcohol Denat, Nylon12, Butylene Glycol, Hamamelis Virginiana, Laminaria Saccharina Extract, Caffeine, Sucrose, Glycerin, Acetyl Glucosamine, Sorbitol, Sea Whip Extract, Barium Sulfate, 10Hydroxydecanoic Acid, Silica, Disodium Edta, Benzalkonium Chloride",156,22327,3.3,0.0,https://www.sephora.com/product/umbrian-clay-mattifying-face-exfoliant-P379065?icid2=products%20grid:p379065,3.3,10.0
GinZing™ Refreshing Scrub Cleanser,Origins,cleanser,21.0,"Alcohol Denat, Nylon12, Butylene Glycol, Hamamelis Virginiana, Laminaria Saccharina Extract, Caffeine, Sucrose, Glycerin, Acetyl Glucosamine, Sorbitol, Sea Whip Extract, Barium Sulfate, 10Hydroxydecanoic Acid, Silica, Disodium Edta, Benzalkonium Chloride",1000,30908,5.0,0.0,https://www.sephora.com/product/ginzing-refreshing-scrub-cleanser-P386197?icid2=products%20grid:p386197,5.0,4.2
Clarifying Cleansing Foam,Shiseido,cleanser,36.0,"Stearic Acid, Peg8, Myristic Acid, Glycerin, Potassium Hydroxide, Dipropylene Glycol, Lauric Acid, Glyceryl Stearate Se, Sorbitol, Cocamidopropyl Betaine, Peg60 Glyceryl Isostearate, Sodium Methyl Cocoyl Taurate, Phytosteryl Macadamiate, Fragrance, Polyquaternium39, Disodium Edta, Oryza Sativa Germ Oil, Linalool, Geraniol, Citronellol, Kaolin, Sodium Benzoate, Butylene Glycol, Acrylates Copolymer, Betaine, Silk Powder, Tocopherol, Sodium Acetylated Hyaluronate, Artemisia Princeps Leaf Extract, Sodium Lauryl Sulfate",34,4291,4.6,0.0,https://www.sephora.com/product/clarifying-cleansing-foam-P433618?icid2=products%20grid:p433618,4.6,7.82608695652174
Detoxifying Black Charcoal Cleanser,boscia,cleanser,30.0,"Glycereth26, Glycerin, Sodium Cocoyl Glutamate, Sodium Lauroyl Glutamate, PEG120 Methyl Glucose Dioleate, Charcoal Powder, Cynara Scolymus Leaf Extract, Ascorbyl Glucoside, Glycyrrhiza Glabra Root Extract, Glycolic Acid, Simmondsia Chinensis Seed Extract, Pelargonium Graveolens Flower Oil, Epilobium Angustifolium Flower, Citrus Paradisi Seed Extract, Glucosyl Hesperidin, Ceteth25, Oleth10, Xanthan Gum, Butylene Glycol, Polysorbate 20",2000,97036,0.0,5.0,https://www.sephora.com/product/detoxifying-black-cleanser-P302940?icid2=products%20grid:p302940,5.0,6.0
The Microdelivery Exfoliating Facial Wash,philosophy,cleanser,8.0,"Solum Diatomeae, Sodium Cocoyl Apple Amino Acids, Glycerin, Acrylates, Acrylates Copolymer, Decyl Glucoside, Disodium Cocoamphodiacetate, Phenoxyethanol, Lauryl Glucoside, Lithium Magnesium Sodium Silicate, Polysorbate 20, Hexylene Glycol, Sodium Hydroxide, Citrus Aurantium Dulcis Peel Extract, Limonene, Decylene Glycol, Ethylhexylglycerin, Panthenol, Tetrasodium Edta, 12Hexanediol, Ascorbyl Glucoside, Borago Officinalis Seed Oil, Tocopherol, Helianthus Annuus Seed Oil, Tocotrienols, Triolein, Trilinolein, Magnesium Nitrate, Methylisothiazolinone, Methylchloroisothiazolinone, Magnesium Chloride",3000,42923,0.0,2.0,https://www.sephora.com/product/the-microdelivery-exfoliating-wash-P184109?icid2=products%20grid:p184109,2.0,4.0
JuJu Exfoliating Bar,Drunk Elephant,cleanser,28.0,"Sodium CocoSulfate, Disodium Lauryl Sulfosuccinate, Triticum Vulgare Starch, Cetearyl Alcohol, Bambusa Vulgaris Leaf, Paraffin, Sclerocarya Birrea Seed Oil, Heilmoor Clay, Titanium Dioxide, Helianthus Annuus Seed Oil, Euterpe Oleracea Fruit Extract, Lycium Barbarum Fruit Extract",349,25215,4.0,0.0,https://www.sephora.com/product/juju-bar-P392249?icid2=products%20grid:p392249,4.0,7.0
Barrier+ Foaming Oil Cleanser,Skinfix,cleanser,28.0,"Glycerin, Caprylyl, Sodium Methyl Cocoyl Taurate, Sodium Lauroamphoacetate, Sodium Cocoyl Isethionate, Cocamidopropyl Hydroxysultaine, Glycol Distearate, Betaine, Sodium Hyaluronate, Panthenol, Aloe Barbadensis Leaf Juice, Gluconolactone, Jojoba Oil, Squalene, Phytosteryl Macadamiate, Phytosterols, Tocopherol, Chondrus Crispus Extract, Hydroxypropyl Guar Hydroxypropyltrimonium Chloride, Ethylhexylglycerin, Trisodium Ethylenediamine Disuccinate, Caprylic, Propanediol, Xanthan Gum, Coconut Acid, Citric Acid, Phenoxyethanol, Sodium Chloride, Benzoic Acid, Sodium Benzoate",354,8086,6.0,0.0,https://www.sephora.com/product/barrier-foaming-oil-cleanser-P442836?icid2=products%20grid:p442836,6.0,4.666666666666667
Bye Bye Pores Leave-On Solution Pore-Refining Toner,IT Cosmetics,cleanser,34.0,"Alcohol Denat, Glycerin, Propanediol, Silica, Phenoxyethanol, Methyl Methacrylate Crosspolymer, Kaolin, Zinc Gluconate, Aloe Barbadensis Leaf Juice Powder, Parfum, Menthoxypropanediol, Cocos Nucifera Fruit Juice, Hamamelis Virginiana Water, Hydrolyzed Silk, Avena Sativa Kernel Flour, Linalool, Salicylic Acid, Propylene Glycol, Pentylene Glycol, Hydrolyzed Rice Protein, Limonene, Citric Acid, Soluble Collagen, Sodium Benzoate, Potassium Sorbate, Disodium Edta, Trisodium Edta",131,14563,6.8,0.0,https://www.sephora.com/product/bye-bye-pores-leave-on-solution-pore-refining-toner-P448934?icid2=products%20grid:p448934,6.8,5.0
Rare Earth Deep Pore Daily Cleanser,Kiehl's Since 1851,cleanser,24.0,"Kaolin, Bentonite, Propanediol, Glycerin, CI 77891, Caprylic, Cetearyl Alcohol, Zea Mays Starch, Phenoxyethanol, Ceteareth20, Caprylyl Glycol, Xanthan Gum, Ethylhexylglycerin, Tocopherol, Lecithin, Aloe Barbadensis, Avena Sativa Flour, Allantoin",123,14477,5.0,0.0,https://www.sephora.com/product/rare-earth-deep-pore-daily-cleanser-P422248?icid2=products%20grid:p422248,5.0,4.8
Time Release Acne Cleanser,Murad,cleanser,39.0,"Disodium Cocoamphodiacetate, Glycerin, Cetyl Alcohol, Cocamidopropyl Betaine, Cetearyl Alcohol, Sodium Cocoyl Isethionate, PEG100 Stearate, Glyceryl Stearate, Butylene Glycol, Sodium Hyaluronate, Tocopheryl Acetate, Caprylic, Retinol, Salix Alba Bark Extract, Ascorbic Acid, Chitosan, Silver Citrate, Sodium PCA, Betaine, Sorbitol, Glycine, Alanine, Proline, Serine, Threonine, Arginine, Lysine, Glutamic Acid, Zinc Gluconate, Argania Spinosa Kernel Extract, Serenoa Serrulata Fruit Extract, Sesamum Indicum Seed Extract, Cimicifuga Racemosa Root Extract, Melaleuca Alternifolia Leaf Oil, Cocamidopropyl Dimethylamine, Zea Mays Starch, Hydrolyzed Corn Starch, Hydrolyzed Corn Starch Octenylsuccinate, Citric Acid, Disodium EDTA, Propyl Gallate, Polysorbate 80, Menthol, Cetearyl Glucoside, Glycol Distearate, Steareth4, PEG150 Distearate, Hydroxyethylcellulose, Polyacrylate13, Polyisobutene, Polysorbate 20, Trisodium Ethylenediamine Disuccinate, Phenoxyethanol, Caprylyl Glycol, Chlorphenesin, Fragrance",850,27033,6.75,0.0,https://www.sephora.com/product/time-release-acne-cleanser-P254720?icid2=products%20grid:p254720,6.75,5.777777777777778
Hemp Cleansing Wipes,SEPHORA COLLECTION,cleanser,8.0,"Aqua, Caprylic, Peg40 Hydrogenated Castor Oil, Phenoxyethanol, Glycerin, Parfum, Benzyl Alcohol, Ethylhexylglycerin, Glyceryl Stearate, Lauryl Glucoside, Sodium Lauroyl Lactylate, Citric Acid, Cetearyl Alcohol, Sodium Stearoyl Lactylate, Limonene, Cannabis Sativa Seed Oil, Tocopherol",2,0,0.0,0.0,https://www.sephora.com/product/sephora-collection-hemp-cleansing-wipes-P455211?icid2=products%20grid:p455211,4.92609452736319,1.6240045649879542
Rub-A-Dub Refining Peel Gel,Saturday Skin,cleanser,28.0,Bromelian : Assists in gentle exfoliation,1000,16674,2.53,0.0,https://www.sephora.com/product/rub-a-dub-refining-peel-gel-P423971?icid2=products%20grid:p423971,2.53,11.067193675889328
Rinse-Off Foaming Cleanser,CLINIQUE,cleanser,22.0,"Potassium Myristate, Glycerin, Potassium Behenate, Sodium Methyl Cocoyl Taurate, Potassium Palmitate, Potassium Laurate, Potassium Sterate, Peg3 Distearate, Cholesteryl Hydroxystearate, Butylene Glycol, Sodium Hyaluronate, Trisodium Edta, Disodium Edta, Phenoxyethanol, Ext Violet 2, Red 4",765,12032,0.0,5.0,https://www.sephora.com/product/rinse-off-foaming-cleanser-P122762?icid2=products%20grid:p122762,5.0,4.4
Polyhydroxy Acid (PHA) Gentle Exfoliating Toner,The INKEY List,cleanser,10.99,"Water, Propanediol, Gluconolactone, Niacinamide, Pentylene Glycol, Glycerin, Aloe Barbadensis Leaf Juice, Potassium Sorbate, Sodium Benzoate, Ppg26Buteth26, Peg40 Hydrogenated Castor Oil, 12Hexanediol, Caprylyl Glycol, Ethylhexylglycerin, Citric Acid, Sodium Hydroxide",18,5421,3.4,0.0,https://www.sephora.com/product/poly-hydroxide-acid-toner-P450262?icid2=products%20grid:p450262,3.4,3.2323529411764707
Blackhead Solutions Self-heating Blackhead Extractor,CLINIQUE,cleanser,29.0,"Magnesium Sulfate, Dimethicone, Isononyl Isononanoate, Isododecane, Polysilicone11, Phenyl Trimethicone, Hydrogenated Lecithin, Acetyl Glucosamine, Polysorbate 20, Polysorbate 80, Polyethylene, Diatomaceous Earth, Triethylhexanoin, Pumice, Bambusa Arundinacea Stem Extract, Peg15, Caprylyl Glycol, Stearyl Glycyrrhetinate, Silica",129,23254,0.68,0.0,https://www.sephora.com/product/blackhead-solutions-self-heating-blackhead-extractor-P432243?icid2=products%20grid:p432243,0.68,42.647058823529406
Gentle Cleansing Foam,Sulwhasoo,cleanser,38.0,"Water, Potassium Cocoyl Glycinate, Disodium Cocoamphodiacetate, Cocamidopropyl Betaine, Acrylates, Peg200 Hydrogenated Glyceryl Palmate, Sodium Chloride, Pentylene Glycol, 12Hexanediol, Sodium Methyl Cocoyl Taurate, Caprylyl, Peg7 Glyceryl Cocoate, Fragrance, Isostearic Acid, Potassium Hydroxide, Butylene Glycol, Limonene, Disodium Edta, Ethylhexylglycerin, Sodium Benzoate, Tetrasodium Edta, Coix LacrymaJobi MaYuen Seed Extract, Citrus Unshiu Peel Extract, Castanea Crenata Shell Extract, Linalool, Spirodela Polyrhiza Extract, Dioscorea Japonica Root Extract, Dextrin, Theobroma Cacao Extract, Rubus Idaeus Fruit Extract, Ulmus Davidiana Root Extract, Salicornia Herbacea E",5,1355,6.76,0.0,https://www.sephora.com/product/gentle-cleansing-foam-P450632?icid2=products%20grid:p450632,6.76,5.621301775147929
Clean Skin Gel - Cleanse + Tone,SEPHORA COLLECTION,cleanser,10.0,"CocoGlucoside, Glycerin, Xanthan Gum, Sodium PCA, Sodium Benzoate, Potassium Sorbate, Fragrance, Citric Acid, Aloe Barbadensis Extract, Sodium Hydroxide",345,12064,0.0,0.0,https://www.sephora.com/product/clean-skin-gel-cleanse-tone-P438618?icid2=products%20grid:p438618,4.92609452736319,2.0300057062349426
Midnight Recovery Botanical Cleansing Oil,Kiehl's Since 1851,cleanser,32.0,Evening Primrose Oil: Boosts radiance,148,15489,5.9,0.0,https://www.sephora.com/product/midnight-recovery-botanical-cleansing-oil-P422257?icid2=products%20grid:p422257,5.9,5.423728813559323
FLASHMUD™ Brightening Treatment Mask,GLAMGLOW,cleanser,59.0,Evening Primrose Oil: Boosts radiance,648,64640,0.0,1.7,https://www.sephora.com/product/flashmud-tm-brightening-treatment-P397313?icid2=products%20grid:p397313,1.7,34.70588235294117
Essential-C Cleanser,Murad,cleanser,39.0,Evening Primrose Oil: Boosts radiance,320,11316,0.0,6.5,https://www.sephora.com/product/essential-c-cleanser-P9941?icid2=products%20grid:p9941,6.5,6.0
Multi-Active Toner ,Dermalogica,cleanser,41.0,Evening Primrose Oil: Boosts radiance,120,4134,0.0,8.4,https://www.sephora.com/product/multi-active-toner-P423150?icid2=products%20grid:p423150,8.4,4.8809523809523805
Gentle Foaming Cleanser with Cottonseed,Clarins,cleanser,26.0,"Glycerin, Stearic Acid, Myristic Acid, Potassium Hydroxide, Dimethicone, Lauric Acid, Sodium Lauroyl Sarcosinate, TipaLaureth Sulfate, Glycol Distearate, Glyceryl Behenate, Ozokerite, Parfum, Propylene Glycol, Tetrasodium Edta, AlphaGlucan Oligosaccharide, Polymnia Sonchifolia Root Juice, Maltodextrin, Gossypium Herbaceum Seed Extract, Gypsophila Paniculata Root Extract, Lactobacillus, Potassium Sorbate, Methylchloroisothiazolinone, Methylisothiazolinone, Bh, Benzyl Salicylate, Butylphenyl, Methylpropional, Limonene, Linalool, Ci7789",504,11729,4.4,0.0,https://www.sephora.com/product/gentle-foaming-cleanser-P228101?icid2=products%20grid:p228101,4.4,5.909090909090907
Ceramic Slip Cleanser,SUNDAY RILEY,cleanser,35.0,"Disodium Laureth Sulfosuccinate, Octyldoecanol, Polyacrylate33, Propanediol, Polygyceryl2 Caprate, Sodium Cocoyl Isethionate, Montmorillonoite, Kaolin, Olive Oil Polyglyceryl6 esters, Rice Oil Glycereth8 esters, Phospholipids, Sodium Lauroamphoacetate, Bisabolol, Pentylene Glycol, Sodium Chloride, Sodium Phytate, Caprylyl Glycol, Dehydeoacetic Acid, Benzoic Acid, Propylene Carbonate, Linalool, Farnesol",832,40703,0.0,5.0,https://www.sephora.com/product/ceramic-slip-clay-cleanser-P309310?icid2=products%20grid:p309310,5.0,7.0
Clarifying Lotion 3,CLINIQUE,cleanser,17.0,"Alcohol Denat, Salicylic Acid, Hamamelis Virginiana, Butylene Glycol, Glycerin, Trehalose, Sodium Hyaluronate, Citric Acid, Sodium Hydroxide, Disodium Edta, Bht, Phenoxyethanol, Benzophenone4, Ext Violet 2, Red 6, Orange 4",860,19687,0.0,6.7,https://www.sephora.com/product/clarifying-lotion-3-P122881?icid2=products%20grid:p122881,6.7,2.5373134328358207
SEA Deep Dive Cleansing Gel,tarte,cleanser,25.0,"Alcohol Denat, Salicylic Acid, Hamamelis Virginiana, Butylene Glycol, Glycerin, Trehalose, Sodium Hyaluronate, Citric Acid, Sodium Hydroxide, Disodium Edta, Bht, Phenoxyethanol, Benzophenone4, Ext Violet 2, Red 6, Orange 4",1000,47187,0.0,5.0,https://www.sephora.com/product/sea-deep-dive-cleansing-gel-P405096?icid2=products%20grid:p405096,5.0,5.0
Enzyme Cleanser,Dr. Barbara Sturm,cleanser,75.0,"Sodium Lauroyl Glutamate, Talc, Cellulose, Maltodextrin, Water, Xanthan Gum, Ascorbic Acid, Subtilisin, Lipase",7,1451,2.6,0.0,https://www.sephora.com/product/dr-barbara-sturm-enzyme-cleanser-P448554?icid2=products%20grid:p448554,2.6,28.84615384615385
Mattifying Blotting Films,SEPHORA COLLECTION,cleanser,8.0,"Sodium Lauroyl Glutamate, Talc, Cellulose, Maltodextrin, Water, Xanthan Gum, Ascorbic Acid, Subtilisin, Lipase",130,11123,0.0,0.0,https://www.sephora.com/product/mattifying-blotting-films-P388013?icid2=products%20grid:p388013,4.92609452736319,1.6240045649879542
Deep Cleansing Exfoliator,Caudalie,cleanser,35.0,"Polylactic Acid, Hexyldecyl Stearate, Glycerin, Glyceryl Stearate, Pentaerythrityl Distearate, Arachidyl Alcohol, Polyacrylate Crosspolymer6, Vitis Vinifera Fruit Behenyl Alcohol, Arachidyl Glucoside, Potassium Cetyl Phosphate, Fragrance, Caprylyl Glycol, Tocopherol, Helianthus Annuus Seed Oil, Potassium Sorbate, Xanthan Gum, Menthol, Sodium Phytate, Vitis Vinifera Juice, Vitis Vinifera Fruit Extract, Sodium Hydroxide, Citric Acid, Sodium Benzoate, Alcohol, Limonene, Butylphenyl, Methylpropional",164,15548,2.5,0.0,https://www.sephora.com/product/deep-cleansing-exfoliator-P374574?icid2=products%20grid:p374574,2.5,14.0
The Tonic,La Mer,cleanser,95.0,"Declustered Water \Aqua\Eau DeStructuree, Methyl Gluceth20, Glycereth26, Laminaria Saccharina Extract, Algae Extract, Sesamum Indicum Seed Oil, Medicago Sativa Seed Powder, Helianthus Annuus Seedcake, Prunus Amygdalus Dulcis Seed Meal, Eucalyptus Globulus Leaf Oil, Sodium Gluconate, Copper Gluconate, Calcium Gluconate, Magnesium Gluconate, Zinc Gluconate, Tocopheryl Succinate, Niacin, Sesamum Indicum Seed Powder, Butylene Glycol, Ppg28Buteth35, Ppg5Ceteth20, Sodium Hyaluronate, Citric Acid, Sodium Citrate, Polysorbate 20, Sucrose, Caffeine, Disodium Edta, Benzophenone4, Phenoxyethanol, Potassium Sorbate, Fragrance, Linalool, Yellow 5, Red 33",26,5451,6.7,0.0,https://www.sephora.com/product/the-tonic-P417243?icid2=products%20grid:p417243,6.7,14.17910447761194
Pure Clean Daily Facial Cleanser,Jack Black,cleanser,19.0,"Declustered Water \Aqua\Eau DeStructuree, Methyl Gluceth20, Glycereth26, Laminaria Saccharina Extract, Algae Extract, Sesamum Indicum Seed Oil, Medicago Sativa Seed Powder, Helianthus Annuus Seedcake, Prunus Amygdalus Dulcis Seed Meal, Eucalyptus Globulus Leaf Oil, Sodium Gluconate, Copper Gluconate, Calcium Gluconate, Magnesium Gluconate, Zinc Gluconate, Tocopheryl Succinate, Niacin, Sesamum Indicum Seed Powder, Butylene Glycol, Ppg28Buteth35, Ppg5Ceteth20, Sodium Hyaluronate, Citric Acid, Sodium Citrate, Polysorbate 20, Sucrose, Caffeine, Disodium Edta, Benzophenone4, Phenoxyethanol, Potassium Sorbate, Fragrance, Linalool, Yellow 5, Red 33",223,7601,0.0,6.0,https://www.sephora.com/product/pure-clean-daily-facial-cleanser-P171300?icid2=products%20grid:p171300,6.0,3.1666666666666665
Toning Lotion with Camomile,Clarins,cleanser,26.0,"Sorbitol, Dipropylene Glycol, Oleth20, Glycerin, Panthenol, Butylene Glycol, Propylene Glycol, Parfum, PEG8, AlphaGlucan Oligosaccharide, PEG32, Lactic Acid, Carbomer, Tilia Cordata Wood Extract, Tocopheryl Acetate, Anthemis Nobilis Flower Extract, Bletia Hycinthina Bulb Extract, Retinyl Palmitate, Helianthus Annuus Seed Oil, Phenoxyethanol, Methylparaben, Sodium Citrate, Disodium EDTA, BHT, Limonene, Linalool, Geraniol, Citral, Citronellol, CI 19140",328,14769,6.8,0.0,https://www.sephora.com/product/toning-lotion-normal-dry-skin-P94801?icid2=products%20grid:p94801,6.8,3.8235294117647056
Triple Action Cleansing Water,SEPHORA COLLECTION,cleanser,12.0,"PEG6 Caprylic, Propanediol, PEG12 Dimethicone, PEG40 Hydrogenated Castor Oil, Sodium Chloride, Phenoxyethanol, Polaxmer 184, Parfum, Tetrasodium Edta, Glycerin, Citric Acid, Panthenol, Zinc Gluconate, Butylenr Glycol, Calendula Officinalis Flower Extract, Cassia Angustifolia Seed Polysaccharide, DLimonene, Linalool, Sodium Hydroxide, Hydroxyethylcellulose, BHT",1000,29538,0.0,0.0,https://www.sephora.com/product/triple-action-cleansing-water-P297132?icid2=products%20grid:p297132,4.92609452736319,2.436006847481931
Soothing Face Cleanser Oil,Bobbi Brown,cleanser,50.0,"PEG6 Caprylic, Propanediol, PEG12 Dimethicone, PEG40 Hydrogenated Castor Oil, Sodium Chloride, Phenoxyethanol, Polaxmer 184, Parfum, Tetrasodium Edta, Glycerin, Citric Acid, Panthenol, Zinc Gluconate, Butylenr Glycol, Calendula Officinalis Flower Extract, Cassia Angustifolia Seed Polysaccharide, DLimonene, Linalool, Sodium Hydroxide, Hydroxyethylcellulose, BHT",7,2018,6.8,0.0,https://www.sephora.com/product/soothing-face-cleanser-oil-P446518?icid2=products%20grid:p446518,6.8,7.352941176470589
Salicylic Acid Acne + Pore Cleanser,The INKEY List,cleanser,9.99,"Glycerin, Sodium Methyl Cocoyl Taurate, Cocamidopropyl Betaine, Cocamidopropyl Dimethylamine, PEG120 Methyl Glucose Dioleate, Salicylic Acid, Betaine, Zinc PCA, Phenoxyethanol, Sodium Chloride, Allantoin, CocoGlucoside, Glyceryl Oleate, Benzyl Alcohol, Coconut Acid, Ethylhexylglycerin, Sodium Benzoate, Citric Acid, Dehydroacetic Acid, Trisodium Ethylenediamine Disuccinate, Tocopherol, Hydrogenated Palm Glycerides Citrate",31,7513,5.0,0.0,https://www.sephora.com/product/salicylic-acid-cleanser-P443833?icid2=products%20grid:p443833,5.0,1.9980000000000002
White Lucent Brightening Cleansing Foam,Shiseido,cleanser,40.0,"Myristic Acid, Glycerin, Stearic Acid, Potassium Hydroxide, Sorbitol, Dipropylene Glycol, Lauric Acid, Peg60 Glyceryl Isostearate, Peg6, Peg32, Glycol Distearate, Glyceryl Stearate Se, Sodium Methyl Cocoyl Taurate, Fragrance, Disodium Edta, Limonene, Magnesium Aluminum Silicate, Serine, Tocopherol",387,17029,4.7,0.0,https://www.sephora.com/product/white-lucent-brightening-cleansing-foam-P173660?icid2=products%20grid:p173660,4.7,8.51063829787234
Take The Day Off Micellar Cleansing Towelettes for Face & Eyes,CLINIQUE,cleanser,15.5,"Isopropyl Palmitate, Pentylene Glycol, Dimethicone, Trisiloxane, Methyl Glucose Sesquistearate, Peg20 Methyl Glucose Sesquistearate, Caprylyl Glycol, Arginine, Hexylene Glycol, Sorbic Acid, Disodium Edta, Phenoxyethanol",279,13342,0.0,0.0,https://www.sephora.com/product/take-day-off-micellar-cleansing-towelettes-for-face-eyes-P406924?icid2=products%20grid:p406924,4.92609452736319,3.146508844664161
One-Step Gentle Exfoliating Cleanser with Orange Extract,Clarins,cleanser,38.0,"Sodium Laureth Sulfate, Cetearyl Alcohol, Cellulose, Cocamidopropyl Betaine, Lauramide Mipa, Glycol Distearate, Cetearyl Glucoside, Glycerin, Acrylates, TeaCocoyl Glutamate, Citrus Aurantium Dulcis Fruit Silica, Butyrospermum Parkii Fruit, Fragrance, Phenoxyisopropanol, Sodium Chloride, Propylene Glycol, Sodium Hydrozide, Benzophenone2, Butylparaben, Disodium Edta, Methylchloroisothiazolinone, Moringa Pterygosperma Seed Extract, Methylisothiazolinone, Chlorphenesin, Ethylparaben, Methylparaben, BHT, Benzyl Salicylate, Butylphenyl Methylpropional, Limone, Linalool, Geraniol, Yellow 6",472,15786,0.0,4.3,https://www.sephora.com/product/one-step-gentle-exfoliating-facial-cleanser-P94812?icid2=products%20grid:p94812,4.3,8.837209302325583
Mini Cleansing Wipes - Watermelon - Hydrating,SEPHORA COLLECTION,cleanser,3.0,"Sodium Laureth Sulfate, Cetearyl Alcohol, Cellulose, Cocamidopropyl Betaine, Lauramide Mipa, Glycol Distearate, Cetearyl Glucoside, Glycerin, Acrylates, TeaCocoyl Glutamate, Citrus Aurantium Dulcis Fruit Silica, Butyrospermum Parkii Fruit, Fragrance, Phenoxyisopropanol, Sodium Chloride, Propylene Glycol, Sodium Hydrozide, Benzophenone2, Butylparaben, Disodium Edta, Methylchloroisothiazolinone, Moringa Pterygosperma Seed Extract, Methylisothiazolinone, Chlorphenesin, Ethylparaben, Methylparaben, BHT, Benzyl Salicylate, Butylphenyl Methylpropional, Limone, Linalool, Geraniol, Yellow 6",4,0,0.0,0.0,https://www.sephora.com/product/mini-cleansing-wipes-watermelon-hydrating-P444238?icid2=products%20grid:p444238,4.92609452736319,0.6090017118704828
Face Buff Energizing Scrub,Jack Black,cleanser,18.0,"Sodium Laureth Sulfate, Cetearyl Alcohol, Cellulose, Cocamidopropyl Betaine, Lauramide Mipa, Glycol Distearate, Cetearyl Glucoside, Glycerin, Acrylates, TeaCocoyl Glutamate, Citrus Aurantium Dulcis Fruit Silica, Butyrospermum Parkii Fruit, Fragrance, Phenoxyisopropanol, Sodium Chloride, Propylene Glycol, Sodium Hydrozide, Benzophenone2, Butylparaben, Disodium Edta, Methylchloroisothiazolinone, Moringa Pterygosperma Seed Extract, Methylisothiazolinone, Chlorphenesin, Ethylparaben, Methylparaben, BHT, Benzyl Salicylate, Butylphenyl Methylpropional, Limone, Linalool, Geraniol, Yellow 6",244,7285,0.0,3.0,https://www.sephora.com/product/face-buff-energizing-scrub-P12571?icid2=products%20grid:p12571,3.0,6.0
Cleansing Oil-in-Balm,SEPHORA COLLECTION,cleanser,18.0,"Hydrogenated Coconut Oil, Isopropyl Palmitate, Glyceryl Stearate, C1215 Alkyl Benzoate, Hydrogenated Castor Oil, Myristyl Myristate, PEG20 Glyceryl Triisostearate, PEG7 Glyceryl Cocoate, Beheneth25, Stearic Acid, Palmitic Acid, Isopropyl Isostearate, Fragrance, PEG40 Hydrogenated Castor Oil, Phenoxyethanol, Acacia Dealbata Flower Cera, Jasminum Officinale Flower Cera Flower Wax, Diethylhexyl Syringylidene Malonate, Rosa Centifolia Flower Cera, Rosa Damascena Flower Cera, Caprylic, Red 40",187,11276,3.04,0.0,https://www.sephora.com/product/cleansing-oil-in-balm-P427609?icid2=products%20grid:p427609,3.04,5.921052631578947
Cleansing Spa Water Makeup Remover,Koh Gen Do,cleanser,66.0,"Hydrogenated Coconut Oil, Isopropyl Palmitate, Glyceryl Stearate, C1215 Alkyl Benzoate, Hydrogenated Castor Oil, Myristyl Myristate, PEG20 Glyceryl Triisostearate, PEG7 Glyceryl Cocoate, Beheneth25, Stearic Acid, Palmitic Acid, Isopropyl Isostearate, Fragrance, PEG40 Hydrogenated Castor Oil, Phenoxyethanol, Acacia Dealbata Flower Cera, Jasminum Officinale Flower Cera Flower Wax, Diethylhexyl Syringylidene Malonate, Rosa Centifolia Flower Cera, Rosa Damascena Flower Cera, Caprylic, Red 40",399,22021,0.0,12.85,https://www.sephora.com/product/cleansing-spa-water-P294007?skuId=2082535&icid2=products%20grid:p294007,12.85,5.136186770428017
Purity Made Simple One-Step Facial Cleansing Cloths,philosophy,cleanser,15.0,"Hydrogenated Coconut Oil, Isopropyl Palmitate, Glyceryl Stearate, C1215 Alkyl Benzoate, Hydrogenated Castor Oil, Myristyl Myristate, PEG20 Glyceryl Triisostearate, PEG7 Glyceryl Cocoate, Beheneth25, Stearic Acid, Palmitic Acid, Isopropyl Isostearate, Fragrance, PEG40 Hydrogenated Castor Oil, Phenoxyethanol, Acacia Dealbata Flower Cera, Jasminum Officinale Flower Cera Flower Wax, Diethylhexyl Syringylidene Malonate, Rosa Centifolia Flower Cera, Rosa Damascena Flower Cera, Caprylic, Red 40",319,16181,0.0,0.0,https://www.sephora.com/product/purity-made-simple-one-step-facial-cleansing-cloths-P374947?icid2=products%20grid:p374947,4.92609452736319,3.0450085593524143
Glycolic Acid Toner,Mario Badescu,cleanser,18.0,"Hydrogenated Coconut Oil, Isopropyl Palmitate, Glyceryl Stearate, C1215 Alkyl Benzoate, Hydrogenated Castor Oil, Myristyl Myristate, PEG20 Glyceryl Triisostearate, PEG7 Glyceryl Cocoate, Beheneth25, Stearic Acid, Palmitic Acid, Isopropyl Isostearate, Fragrance, PEG40 Hydrogenated Castor Oil, Phenoxyethanol, Acacia Dealbata Flower Cera, Jasminum Officinale Flower Cera Flower Wax, Diethylhexyl Syringylidene Malonate, Rosa Centifolia Flower Cera, Rosa Damascena Flower Cera, Caprylic, Red 40",42,10648,8.0,0.0,https://www.sephora.com/product/mario-badescu-glycolic-acid-toner-P440486?icid2=products%20grid:p440486,8.0,2.25
Blackhead Solutions 7 Day Deep Pore Cleanse & Scrub,CLINIQUE,cleanser,24.0,"Kaolin, Glycerin, Butylene Glycol, Magnesium Aluminum Silicate, Glyceryl Stearate, Peg100 Stearate, Silica, Sodium Lauroyl Sarcosinate, Allyl Methacrylates Crosspolymer, Gentiana Lutea Root Extract, Laminaria Saccharina Extract, Sucrose, Acetyl Glucosamine, Caprylyl Glycol, 12Hexanediol, Tocopheryl Acetate, Sodium Hydroxide, Xanthan Gum, Disodium Edta, Phenoxyethanol, Titanium Dioxide, Blue 1, Yellow 5",492,11064,4.2,0.0,https://www.sephora.com/product/blackhead-solutions-7-day-deep-pore-cleanse-scrub-P432242?icid2=products%20grid:p432242,4.2,5.7142857142857135
Bear Naked Wipes,Josie Maran,cleanser,12.0,"Kaolin, Glycerin, Butylene Glycol, Magnesium Aluminum Silicate, Glyceryl Stearate, Peg100 Stearate, Silica, Sodium Lauroyl Sarcosinate, Allyl Methacrylates Crosspolymer, Gentiana Lutea Root Extract, Laminaria Saccharina Extract, Sucrose, Acetyl Glucosamine, Caprylyl Glycol, 12Hexanediol, Tocopheryl Acetate, Sodium Hydroxide, Xanthan Gum, Disodium Edta, Phenoxyethanol, Titanium Dioxide, Blue 1, Yellow 5",1000,13907,0.0,0.0,https://www.sephora.com/product/bear-naked-wipes-P223416?icid2=products%20grid:p223416,4.92609452736319,2.436006847481931
Cleanser,Dr. Barbara Sturm,cleanser,70.0,"Sodium Cocoamphoacetate, Lauryl Glucoside, Glycerin, Aloe Barbadensis Leaf Juice, Sodium Cocoyl Glutamate, Sodium Lauryl Glucose Carboxylate, Panthenol, Urea, Lactobacillus, Citric Acid, Benzyl Alcohol, Phenoxyethanol, Potassium Sorbate, Salicylic Acid, Leuconostoc, Tocopherol, Pantolactone, Sodium Benzoate",12,1527,5.0,0.0,https://www.sephora.com/product/dr-barbara-sturm-cleanser-P447783?icid2=products%20grid:p447783,5.0,14.0
Baby Pekee Bar™ + Juju Bar Travel Duo,Drunk Elephant,cleanser,16.0,"Sodium CocoSulfate, Disodium Lauryl Sulfosuccinate, Triticum Vulgare Starch, Cetearyl Alcohol, Bambusa Vulgaris Leaf, Paraffin, Sclerocarya Birrea Seed Oil, Heilmoor Clay, Titanium Dioxide, Helianthus Annuus Seed Oil, Euterpe Oleracea Fruit Extract, Lycium Barbarum Fruit Extract",492,45498,0.0,0.0,https://www.sephora.com/product/baby-pekee-bar-tm-juju-bar-tm-travel-duo-P405584?icid2=products%20grid:p405584,4.92609452736319,3.2480091299759084
Baby Bar Travel Duo with Case,Drunk Elephant,cleanser,22.0,Juju Bar is vegan,66,13632,0.0,0.0,https://www.sephora.com/product/baby-bar-travel-duo-with-case-P440658?icid2=products%20grid:p440658,4.92609452736319,4.466012553716874
8% Glycolic Solutions Toner,Peter Thomas Roth,cleanser,40.0,"Glycolic Acid, Alcohol Denat, Methyl Gluceth20, Propylene Glycol, Hamamelis Virginiana  Sodium Hydroxide, Glycerin, Sodium PCA, Aloe Barbadensis Leaf Juice, Allantoin, Camellia Sinensis Leaf Extract, Chamomilla Recutita Flower Extract, Arginine, Sodium Ascorbyl Phosphate, Lactic Acid, Citric Acid, Polysorbate 20, Butylene Glycol, Potassium Sorbate, Sodium Benzoate, Benzoic Acid, Phenoxyethanol",74,5948,5.0,0.0,https://www.sephora.com/product/8-glycolic-solutions-toner-P422233?icid2=products%20grid:p422233,5.0,8.0
Skin Rescue Deep Cleanser With Red Clay,First Aid Beauty,cleanser,24.0,"Sodium Lauroyl Sarcosinate, Cocamidopropyl Betaine, Glycerin, Peg120 Methyl Glucose Dioleate, Acrylates, Dipropylene Glycol, Camellia Sinensis Leaf Extract, Chrysanthemum Parthenium Extract, Glycyrrhiza Uralensis Root Extract, Bisabolol, Rosmarinus Officinalis Leaf Oil, Allantoin, Acrylates, Panthenol, Illite, Potassium Hydroxide, Disodium Edta, Mica, Caprylyl Glycol, Phenoxyethanol, Iron Oxides",965,29081,4.7,0.0,https://www.sephora.com/product/skin-rescue-deep-cleanser-with-red-clay-P384539?icid2=products%20grid:p384539,4.7,5.106382978723404
Evercalm™ Gentle Cleansing Milk ,REN Clean Skincare,cleanser,32.0,"Sodium Lauroyl Sarcosinate, Cocamidopropyl Betaine, Glycerin, Peg120 Methyl Glucose Dioleate, Acrylates, Dipropylene Glycol, Camellia Sinensis Leaf Extract, Chrysanthemum Parthenium Extract, Glycyrrhiza Uralensis Root Extract, Bisabolol, Rosmarinus Officinalis Leaf Oil, Allantoin, Acrylates, Panthenol, Illite, Potassium Hydroxide, Disodium Edta, Mica, Caprylyl Glycol, Phenoxyethanol, Iron Oxides",355,13416,5.1,0.0,https://www.sephora.com/product/evercalm-gentle-cleansing-milk-P174626?icid2=products%20grid:p174626,5.1,6.2745098039215685
Aqua Bomb Jelly Cleanser,belif,cleanser,28.0,"Glycerin, Potassium Cocoyl Glycinate, CocoBetaine, 12Hexanediol, Potassium Cocoate, Lauramidopropyl Betaine, Acrylates, Stellaria Media Extract, Alchemilla Vulgaris Leaf Extract, Equisetum Arvense Leaf Extract, Urtica Dioica Leaf Extract, Avena Sativa Kernel Extract, Calendula Officinalis Flower Extract, Nepeta Cataria Extract, Rubus Idaeus Leaf Extract, Baptisia Tinctoria Root Extract, Potassium Hydroxide, Sodium Chloride, Ethylhexylglycerin, Glyceryl Oleate, CocoGlucoside, Butylene Glycol, Tetrasodium EDTA, Malachite Extract, Citric Acid, Citrus Aurantium Dulcis Peel Oil, Citrus Aurantifolia Oil, Pelargonium Graveolens Flower Oil, Rosmarinus Officinalis Leaf Oil, Limonene, Citronellol, Geraniol, Citral",537,6007,5.41,0.0,https://www.sephora.com/product/aqua-bomb-jelly-cleanser-P444057?icid2=products%20grid:p444057,5.41,5.175600739371534
Crème Radiance Gentle Cleansing Creamy-Foam Cleanser,Lancôme,cleanser,27.0,"Glycerin, Myristic Acid, Stearic Acid, Potassium Hydroxide, Palmitic Acid, Glyceryl Stearate Se, Lauric Acid, CocoGlucoside, Glycol Distearate, Fragrance, PAnisic Acid, Tocopherol, Peg14m, Nelumbo Nucifera Flower Extract, Limonene, Benzyl Salicylate, Linalool, Benzyl Alcohol, Propylene Glycol, Disodium Edta, Rosa Gallica Extract, Butylphenyl Methylpropional, Cryptomeria Japonica Bud Extract",360,13063,0.0,4.2,https://www.sephora.com/product/creme-radiance-clarifying-cream-to-foam-cleanser-P217932?icid2=products%20grid:p217932,4.2,6.428571428571428
Pep-Start 2-in-1 Exfoliating Cleanser,CLINIQUE,cleanser,19.5,"Glycerin, Sodium Laureth Sulfate, Silica, Acrylates Copolymer, Lauramidopropyl Betaine, Butylene Glycol, Sucrose, Cocamidopropyl Hydroxysultaine, Carica Papaya Fruit Extract, Bambusa Arundinacea Stem Extract, Laminaria Saccharina Extract, Salicylic Acid, Palmitoyl Tetrapeptide7, Palmitoyl Tripeptide1, Caffeine, Sodium Hyaluronate, Acetyl Glucosamine, Sodium Coco PgDimonium Chloride Phosphate, Polysorbate 20, Disodium Cocoyl Glutamate, Citric Acid, Sodium Cocoyl Glutamate, Laureth2, Sodium Chloride, Sodium Hydroxide, Sodium Sulfate, Carbomer, Monosodium Citrate, Disodium Edta, Edta, Bht, Phenoxyethanol, Orange 4, Yellow 5, Red 4",355,14014,4.2,0.0,https://www.sephora.com/product/pep-start-2-in-1-exfoliating-cleanser-P409101?icid2=products%20grid:p409101,4.2,4.6428571428571415
Ultracalming Cleanser,Dermalogica,cleanser,39.0,"Glycerin, Sodium Laureth Sulfate, Silica, Acrylates Copolymer, Lauramidopropyl Betaine, Butylene Glycol, Sucrose, Cocamidopropyl Hydroxysultaine, Carica Papaya Fruit Extract, Bambusa Arundinacea Stem Extract, Laminaria Saccharina Extract, Salicylic Acid, Palmitoyl Tetrapeptide7, Palmitoyl Tripeptide1, Caffeine, Sodium Hyaluronate, Acetyl Glucosamine, Sodium Coco PgDimonium Chloride Phosphate, Polysorbate 20, Disodium Cocoyl Glutamate, Citric Acid, Sodium Cocoyl Glutamate, Laureth2, Sodium Chloride, Sodium Hydroxide, Sodium Sulfate, Carbomer, Monosodium Citrate, Disodium Edta, Edta, Bht, Phenoxyethanol, Orange 4, Yellow 5, Red 4",26,2983,0.0,8.4,https://www.sephora.com/product/ultracalming-cleanser-P423127?icid2=products%20grid:p423127,8.4,4.6428571428571415
No:Rinse Intensive Pore Minimizing Toner,Perricone MD,cleanser,45.0,"Dimethyl MEA, Glycerin, SD Alcohol 40B, Magnesium Aspartate, Zinc Gluconate, Phosphatidylcholine, Phenoxyethanol, Caprylyl Glycol, Ethoxydiglycol, Salicylic Acid, Acetyl Tyrosine, ThiocticAcid, Polysorbate 20, Copper Complex Gluconate, Butylene Glycol, Fragrance, Sorbic Acid, Sodium Hyaluronate, Tetrapeptide21, Linalool",187,3029,4.0,0.0,https://www.sephora.com/product/no-rinse-intensive-pore-minimizing-toner-P434345?icid2=products%20grid:p434345,4.0,11.25
SUPERCLEANSE™ Clearing Cream-to-Foam Cleanser,GLAMGLOW,cleanser,32.0,"Sodium C1416 Olefin Sulfonate, Magnesium Aluminum Silicate, Sodium Cocoamphoacetate, Cetearyl Alcohol, Glyceryl Stearate, Glycerin, Charcoal Powder, Propanediol, Kaolin, Carbon, Eucalyptus Globulus Leaf Powder, Mentha Piperita Oil, Glycyrrhiza Glabra Root Extract, Nigella Sativa Seed Extract, Ethylhexylglycerin, Sodium Chloride, Glyceryl Polyacrylate, Cocamidopropyl Hydroxysultaine, Xanthan Gum, Caprylyl Glycol, Lactic Acid, Glycolic Acid, Fragrance, Linalool, Benzyl Benzoate, Phenoxyethanol, Titanium Dioxide",539,15965,5.0,0.0,https://www.sephora.com/product/supercleanse-tm-clearing-cream-to-foam-cleanser-P421948?icid2=products%20grid:p421948,5.0,6.4
Cleansing Wipes - Aloe Vera - Moisturizing,SEPHORA COLLECTION,cleanser,8.0,"Sodium C1416 Olefin Sulfonate, Magnesium Aluminum Silicate, Sodium Cocoamphoacetate, Cetearyl Alcohol, Glyceryl Stearate, Glycerin, Charcoal Powder, Propanediol, Kaolin, Carbon, Eucalyptus Globulus Leaf Powder, Mentha Piperita Oil, Glycyrrhiza Glabra Root Extract, Nigella Sativa Seed Extract, Ethylhexylglycerin, Sodium Chloride, Glyceryl Polyacrylate, Cocamidopropyl Hydroxysultaine, Xanthan Gum, Caprylyl Glycol, Lactic Acid, Glycolic Acid, Fragrance, Linalool, Benzyl Benzoate, Phenoxyethanol, Titanium Dioxide",8,0,0.0,0.0,https://www.sephora.com/product/cleansing-wipes-aloe-vera-moisturizing-P445451?icid2=products%20grid:p445451,4.92609452736319,1.6240045649879542
Zero Oil™ Pore Purifying Toner,Origins,cleanser,24.0,"Sodium C1416 Olefin Sulfonate, Magnesium Aluminum Silicate, Sodium Cocoamphoacetate, Cetearyl Alcohol, Glyceryl Stearate, Glycerin, Charcoal Powder, Propanediol, Kaolin, Carbon, Eucalyptus Globulus Leaf Powder, Mentha Piperita Oil, Glycyrrhiza Glabra Root Extract, Nigella Sativa Seed Extract, Ethylhexylglycerin, Sodium Chloride, Glyceryl Polyacrylate, Cocamidopropyl Hydroxysultaine, Xanthan Gum, Caprylyl Glycol, Lactic Acid, Glycolic Acid, Fragrance, Linalool, Benzyl Benzoate, Phenoxyethanol, Titanium Dioxide",320,21927,5.0,0.0,https://www.sephora.com/product/zero-oil-pore-purifying-toner-P297544?icid2=products%20grid:p297544,5.0,4.8
Mini Cleansing Wipes - Coconut Water,SEPHORA COLLECTION,cleanser,3.0,"Sodium C1416 Olefin Sulfonate, Magnesium Aluminum Silicate, Sodium Cocoamphoacetate, Cetearyl Alcohol, Glyceryl Stearate, Glycerin, Charcoal Powder, Propanediol, Kaolin, Carbon, Eucalyptus Globulus Leaf Powder, Mentha Piperita Oil, Glycyrrhiza Glabra Root Extract, Nigella Sativa Seed Extract, Ethylhexylglycerin, Sodium Chloride, Glyceryl Polyacrylate, Cocamidopropyl Hydroxysultaine, Xanthan Gum, Caprylyl Glycol, Lactic Acid, Glycolic Acid, Fragrance, Linalool, Benzyl Benzoate, Phenoxyethanol, Titanium Dioxide",5,0,0.0,0.0,https://www.sephora.com/product/cleansing-exfoliating-wipes-coconut-water-P444237?icid2=products%20grid:p444237,4.92609452736319,0.6090017118704828
Deep Dive™ Glycolic Facial Cleanser,Jack Black,cleanser,23.0,"Kaolin, Glycerin, Sodium Methyl Cocoyl Taurate, Magnesium Aluminum Silicate, Volcanic Ash, Aveena Sativa Kernel Meal, Acrylates Copolymer, Glycolic Acid, Helianthus Anuus Seed Oil, Calendula Officinalis Flower Extract, Chamomilla Recutita Flower Extract, Rosmarinus Officinalis Leaf Extract, Camellia Sinensis Leaf Extract, Olea Europaea Leaf Extract, Disodium Cocoamphodiacetate, Phenoxyethanol, Aloe Barbadensis Leaf Juice, Caprylyl Glycol, Sodium Hydroxide, Ethylhexylglycerin, Hexylene Glycol, Panthenol, Epilobium Angustifolium Flower, Arnica Montana Flower Extract, Allantoin, Tetrahexyldecyl Ascorbate, Tocopheryl Acetate",250,10933,5.0,0.0,https://www.sephora.com/product/deep-dive-glycolic-facial-cleanser-P385674?icid2=products%20grid:p385674,5.0,4.6
Epidermal Re-Texturizing Micro-Dermabrasion,Kiehl's Since 1851,cleanser,41.0,"Alumina, Paraffinum Liquidum, Glycerin, Dimethicone, Butyrospermum Parkii, PEG100 Stearate, Stearyl Alcohol, Glyceryl Stearate, Solum Diatomeae, Ammonium PolyacryloylDimethyl Taurate, Phenoxyethanol, Methylparaben, Butylparaben, Epilobium Angustifolium, Disodium EDTA, Hydrolyzed Algin",41,9594,2.5,0.0,https://www.sephora.com/product/epidermal-re-texturizing-micro-dermabrasion-P431733?icid2=products%20grid:p431733,2.5,16.4
Witch Hazel Herbal Extract Toner,belif,cleanser,28.0,"Monarda Didyma Leaf Extract 8%, Glycerin, Alcohol Denat, Butylene Glycol, Salvia Officinalis Leaf Extract, Corchorus Olitorius Leaf Extract, Glycerin, 12Hexanediol, Pentaerythirityl Tetraethylhexanoate, Hexyldecyl Ethylhexanoate, Poncirus Trifoliata Fruit Extract, Alcohol Denat, Avena Sativa Kernel Extract, Calendula Officinalis Flower Extract, Nepeta Cataria Extract, Rubus Idaeus Leaf Extract, Baptisia Tinctoria Root Extract, Stellaria Media Extract, Sodium Hyaluronate, Cyclopentasiloxane, Betaine, Tromethamine, Acrylates, Dimethicone, Trisodium EDTA, Fragrance, Limonene Napiers Original Formula Fragrances of Natural Origin",223,24554,6.75,0.0,https://www.sephora.com/product/witch-hazel-herbal-extract-toner-P394632?icid2=products%20grid:p394632,6.75,4.148148148148148
Rise + Shine Gentle Cleanser,Saturday Skin,cleanser,26.0,"Monarda Didyma Leaf Extract 8%, Glycerin, Alcohol Denat, Butylene Glycol, Salvia Officinalis Leaf Extract, Corchorus Olitorius Leaf Extract, Glycerin, 12Hexanediol, Pentaerythirityl Tetraethylhexanoate, Hexyldecyl Ethylhexanoate, Poncirus Trifoliata Fruit Extract, Alcohol Denat, Avena Sativa Kernel Extract, Calendula Officinalis Flower Extract, Nepeta Cataria Extract, Rubus Idaeus Leaf Extract, Baptisia Tinctoria Root Extract, Stellaria Media Extract, Sodium Hyaluronate, Cyclopentasiloxane, Betaine, Tromethamine, Acrylates, Dimethicone, Trisodium EDTA, Fragrance, Limonene Napiers Original Formula Fragrances of Natural Origin",993,11058,4.05,0.0,https://www.sephora.com/product/rise-shine-gentle-cleanser-P428249?icid2=products%20grid:p428249,4.05,6.419753086419753
Green Tea Moisture-Balancing Toner,innisfree,cleanser,17.0,"Water, Propanediol, Butylene Glycol, Hydrogenated Polyisobutene, 12Hexanediol, Betaine, Behenyl Alcohol, Ammonium Acryloyldimethyltaurate, Fragrance, Glyceryl Caprylate, Tromethamine, Carbomer, Acrylates, Ethylhexylglycerin, Disodium Edta, Camellia Sinensis Leaf Extract",12,3346,6.76,0.0,https://www.sephora.com/product/green-tea-moisture-balancing-toner-P449844?icid2=products%20grid:p449844,6.76,2.514792899408284
Liquid Gold Exfoliating Treatment,Alpha-H,cleanser,60.0,"Alcohol Denat, Glycolic Acid, Glycerin, Hydrolyzed Silk, Potassium Hydroxide, Phenoxyethanol, Caprylyl Glycol, Glycyrrhiza Glabra Root Extract",631,6074,0.0,3.38,https://www.sephora.com/product/liquid-gold-with-glycolic-acid-P440949?icid2=products%20grid:p440949,3.38,17.75147928994083
7 Day Scrub Cream Rinse-Off Formula,CLINIQUE,cleanser,23.0,"Tridecyl Stearate, Tridecyl Trimellitate, Dipentaerythrityl Hexacaprylate, Butylene Glycol, Glyceryl Stearate, Cocos Nucifera Oil, Caprylic, Silica, Cetearyl Alcohol, Ceteareth20, Sorbitol, Hexyldecyl Stearate, Bisabolol, Disodium Cocoamphodipropionate, Triethanolamine, Oleth10 Phosphate, Caprylyl Glycol, 12Hexanediol, Stearyl Alcohol, Carbomer, Disodium Edta, Phenoxyethanol, Potassium Sorbate, Chlorphenesin",773,13364,0.0,3.4,https://www.sephora.com/product/7-day-scrub-cream-rinse-off-formula-P122661?icid2=products%20grid:p122661,3.4,6.764705882352941
A Perfect World™ Age-Defense Treatment Lotion with White Tea,Origins,cleanser,27.0,"Butylene Glycol, Citrus Aurantium Bergamia Fruit Oil, Citrus Medica Limonum Peel Oil, Citrus Aurantium Dulcis Oil, Cinnamomum Camphora Bark Oil, Mentha Viridis Leaf Oil, Magnolia Acuminata Flower Extract, Iris Pallida Root Extract, Rosa Damascena Extract, Citral, Linalool, Limonene, Camellia Sinensis Leaf Extract, Glycerin, Thermus Thermophillus Ferment, Trehalose, Sorbitol, Sodium Hyaluronate, Caprylyl Glycol, Polysorbate 20, Magnesium Ascorbyl Phosphate, Hexylene Glycol, Tocopheryl Acetate, Citric Acid, Sodium Citrate, Sodium Benzoate, Phenoxyethanol Essential Oil",297,13789,5.0,0.0,https://www.sephora.com/product/a-perfect-world-age-defense-treatment-lotion-with-white-tea-P297529?icid2=products%20grid:p297529,5.0,5.4
Gentle Cleansing Milk,Caudalie,cleanser,28.0,"Cetearyl Isononanoate, Butylene Glycol, Glycerin, Cetyl Alcohol, Prunus Amygdalus Dulcis Oil, Simmondsia Chinensis Seed Oil, Sodium Cocoyl Glutamate, Decyl Glucoside, Butyrospermum Parkii Butter Extract, Maltodextrin, Carbomer, Potassium Cetyl Phosphate, Caprylyl Glycol, Hydrolyzed Vegetable Protein, Acrylates, Potassium Sorbate, Sodium Hydroxide, Trehalose, Tocopherol, Fragrance, Avena Sativa Kernel Extract, Centaurea Cyanus Flower Extract, Palmitoyl Grape Seed Extract, Hexyl Cinnamal, Linalool, Limonene Plant origin",716,10862,0.0,6.7,https://www.sephora.com/product/gentle-cleansing-milk-P6026?icid2=products%20grid:p6026,6.7,4.17910447761194
3% Glycolic Solutions Cleanser,Peter Thomas Roth,cleanser,39.0,"Sodium Laureth Sulfate, Propylene Glycol, Glycolic Acid, Cocamidopropyl Betaine, Lauryl Glucoside, Allantoin, Panthenol, Arginine, PEG6 Caprylic, Sodium Chloride, PEG150 Pentaerythrityl Tetrastearate, Sodium Hydroxide, Potassium Sorbate, Sodium Benzoate, Phenoxyethanol",342,3767,8.5,0.0,https://www.sephora.com/product/3-glycolic-solutions-cleanser-P422232?icid2=products%20grid:p422232,8.5,4.588235294117646
FAB Skin Lab Resurfacing Liquid 10% AHA,First Aid Beauty,cleanser,55.0,"Polysorbate 80, Glycolic Acid, Butylene Glycol, Caprylic, Sodium Hydroxide, Malic Acid, Tartaric Acid, Lactic Acid, Citrus Limon Peel Extract, Colloidal Oatmeal, Magnesium Ascorbyl Phosphate, Hydrolyzed Elastin, Papain, Hydrolyzed Hyaluronic Acid, Soluble Collagen, Avena Sativa Kernel Extract, Triolein, Ceramide NP, Cucumis Sativus Fruit Extract, Glycyrrhiza Glabra Root Extract, Morus Alba Bark Extract, Phytosteryl Canola Glycerides, Allantoin, Lecithin, Lysolecithin, Oleic Acid, Palmitic Acid, Maltodextrin, Aloe Barbadensis Leaf Juice, Glycerin, Tocopherol, Glycine Soja Oil, Caprylyl Glycol, Linoleic Acid, Sclerotium Gum, Xanthan Gum, Pullulan, Mica, Stearic Acid, Leuconostoc, Silica, Phenoxyethanol, Chlorphenesin, Disodium EDTA",139,18426,1.0,0.0,https://www.sephora.com/product/fab-skin-lab-resurfacing-liquid-10-aha-P416826?icid2=products%20grid:p416826,1.0,55.0
Black Charcoal Blotting Linens,boscia,cleanser,10.0,"Natural Abaca Leaf Fiber, Black Bamboo Charcoal",233,13781,0.0,0.0,https://www.sephora.com/product/black-charcoal-blotting-linens-P387006?icid2=products%20grid:p387006,4.92609452736319,2.0300057062349426
Martian Mattifying Melting Water-Gel Toner,SUNDAY RILEY,cleanser,55.0,"Natural Abaca Leaf Fiber, Black Bamboo Charcoal",646,23000,0.0,4.4,https://www.sephora.com/product/martian-mattifying-melting-water-gel-toner-P410243?icid2=products%20grid:p410243,4.4,12.499999999999998
Essential Power Skin Toner for Normal to Dry Skin,LANEIGE,cleanser,28.0,"Glycereth26, Alcohol, Butylene Glycol, PEG, Glycogen, Glutamic Acid, Lysine HCL, Magnesium Sulfate, Mannitol, Manganese Sulfate, Opuntia Coccinellifera Fruit Extract, Betaglucan, Betaine, Serine, Sucrose, Citrulline, Ascorbyl Glucoside, Alanine, Arginine, Betula Platyphylla Japonica Juice, Zinc Sulfate, Calcium Chloride, Chenopodium Quinoa Seed Extract, Threonine, Panthenol, PCA, Histidine HCL, Glycerin, BISPEG18 Methyl Ether Dimethyl Silane, Ethylhexylglycerin, Xanthan Gum, Phenyl Trimethicone, Propanediol, PEG60 Hydrogenated Castor Oil, Hydroxyethyl Acrylate, Disodium EDTA, Phenoxyethanol, Fragrance",140,11407,6.7,0.0,https://www.sephora.com/product/essential-power-skin-toner-for-normal-to-dry-skin-P420671?icid2=products%20grid:p420671,6.7,4.17910447761194
Plantscription™ Anti-Aging Cleanser,Origins,cleanser,34.0,"Glycereth26, Alcohol, Butylene Glycol, PEG, Glycogen, Glutamic Acid, Lysine HCL, Magnesium Sulfate, Mannitol, Manganese Sulfate, Opuntia Coccinellifera Fruit Extract, Betaglucan, Betaine, Serine, Sucrose, Citrulline, Ascorbyl Glucoside, Alanine, Arginine, Betula Platyphylla Japonica Juice, Zinc Sulfate, Calcium Chloride, Chenopodium Quinoa Seed Extract, Threonine, Panthenol, PCA, Histidine HCL, Glycerin, BISPEG18 Methyl Ether Dimethyl Silane, Ethylhexylglycerin, Xanthan Gum, Phenyl Trimethicone, Propanediol, PEG60 Hydrogenated Castor Oil, Hydroxyethyl Acrylate, Disodium EDTA, Phenoxyethanol, Fragrance",88,5019,0.0,5.0,https://www.sephora.com/product/plantscription-tm-anti-aging-cleanser-P377919?icid2=products%20grid:p377919,5.0,6.8
Goat Milk Moisturizing Cleanser,Kate Somerville,cleanser,38.0,"Water Sodium Cocoyl Isethionate, Cocamidopropyl Hydroxysultaine, Glycerin, Polyglyceryl3 Methylglucose Distearate, Betaine, Glyceryl Distearate, Vitis Vinifera Seed Oil, Simmondsia Chinensis Seed Oil, Persea Gratissima Oil, Cocos Nucifera Oil, Caprylic, Xylitylglucoside, Propanediol, Polyacrylate Crosspolymer6, Glyceryl Stearate, Cetearyl Alcohol, Caprae Lac, Lactose, Milk Protein, Lactic Acid, Tocopherol, Mel Extract, Rosmarinus Officinalis Leaf Extract, Helianthus Annuus Extract, Bisabolol, Aloe Barbadensis Leaf Juice, Sodium Lauroyl Glutamate, Oryza Sativa Bran Extract, Xylitol, 12Hexanediol, Anhydroxylitol, Parfum, Stearic Acid, Disodium EDTA, Caprylhydroxamic Acid, Xanthan Gum, tbutyl Alcohol, Benzyl Salicylate",64,5146,4.0,0.0,https://www.sephora.com/product/goat-milk-moisturizing-cleanser-P440305?icid2=products%20grid:p440305,4.0,9.5
Micellar Magic Makeup Remover & Cleanser,tarte,cleanser,18.0,"Hexylene Glycol, Glycerin, Disodium Cocoamphodiacetate, Poloxamer 184, Phenoxyethanol, Caprylyl Glycol, Sodium Chloride, Potassium Sorbate, Citric Acid, Babassu Oil Glycereth8 Esters, Disodium EDTA, Camellia Sinensis Leaf Extract, Morus Alba Root Extract",70,7922,0.0,6.4,https://www.sephora.com/product/micellar-magic-makeup-remover-cleanser-P441841?icid2=products%20grid:p441841,6.4,2.8125
Soy Face Cleansing Milk,Fresh,cleanser,38.0,"Caprylic, Caprylic, Glycerin, Pentylene Glycol, Hydrogenated Palm Kernel Glycerides, Glycine Soja Oil, Xanthan Gum, Hydrogenated Palm Glycerides, Rosa Damascena Flower Hydrolyzed Soy Protein, Cucumis Sativus Fruit Extract, Centaurea Cyanus Flower Extract, Hibiscus Sabdariffa Flower Extract, Rosa Damascena Flower Oil, Tocopheryl Acetate, Steareth21, Cetyl Alcohol, Stearyl Alcohol, Lauryl Glucoside, Polyglyceryl2 Dipolyhydroxystearate, Behenyl Alcohol, Ceteareth20, Caprylyl Glycol, Polyacrylate13, Acrylates, Polyisobutene, Tetrasodium EDTA, Sorbitan Isostearate, Caramel, Polysorbate 20, Sodium Hydroxide, Magnesium Aluminum Silicate, Sorbic Acid, Fragrance, BHT, Phenoxyethanol, Citronellol, Geraniol",117,7278,6.7,0.0,https://www.sephora.com/product/soy-face-cleansing-milk-P411016?icid2=products%20grid:p411016,6.7,5.6716417910447765
"Take The Day Off Makeup Remover For Lids, Lashes & Lips Mini",CLINIQUE,cleanser,9.5,"Caprylic, Caprylic, Glycerin, Pentylene Glycol, Hydrogenated Palm Kernel Glycerides, Glycine Soja Oil, Xanthan Gum, Hydrogenated Palm Glycerides, Rosa Damascena Flower Hydrolyzed Soy Protein, Cucumis Sativus Fruit Extract, Centaurea Cyanus Flower Extract, Hibiscus Sabdariffa Flower Extract, Rosa Damascena Flower Oil, Tocopheryl Acetate, Steareth21, Cetyl Alcohol, Stearyl Alcohol, Lauryl Glucoside, Polyglyceryl2 Dipolyhydroxystearate, Behenyl Alcohol, Ceteareth20, Caprylyl Glycol, Polyacrylate13, Acrylates, Polyisobutene, Tetrasodium EDTA, Sorbitan Isostearate, Caramel, Polysorbate 20, Sodium Hydroxide, Magnesium Aluminum Silicate, Sorbic Acid, Fragrance, BHT, Phenoxyethanol, Citronellol, Geraniol",12,2615,0.0,0.0,https://www.sephora.com/product/take-the-day-off-to-go-P223704?icid2=products%20grid:p223704,4.92609452736319,1.9285054209231955
Greek Yoghurt Foaming Cream Cleanser Mini,KORRES,cleanser,14.0,"Sodium Cocoyl Isethionate, CocoBetaine, Cetearyl Alcohol, Disodium Lauryl Sulfosuccinate, Zea Mays Starch, Glycerin, Cocamidopropyl Betaine, Sodium Methyl Cocoyl Taurate, Magnesium Aluminum Silicate, Glyceryl Laurate, Sclerotium Gum, Amaranthus Caudatus Seed Extract, Fragrance, Hydrogenated Castor Oil, Hydrolyzed Rice Protein, Lactose, Lonicera Caprifolium Flower Extract, Lonicera Japonica Flower Extract, Sodium Cocoyl Alaninate, Sodium Cocoyl Hydrolyzed Amaranth Protein, Sodium Phytate, Titanium Dioxide, Whey Protein, Yoghurt Powder",12,0,0.0,2.54,https://www.sephora.com/product/greek-yoghurt-foaming-cream-cleanser-P432263?icid2=products%20grid:p432263,2.54,5.511811023622046
Nutritious Super-Pomegranate Radiant Energy 2-in-1 Cleansing Foam,Estée Lauder,cleanser,32.0,"Sodium Cocoyl Isethionate, CocoBetaine, Cetearyl Alcohol, Disodium Lauryl Sulfosuccinate, Zea Mays Starch, Glycerin, Cocamidopropyl Betaine, Sodium Methyl Cocoyl Taurate, Magnesium Aluminum Silicate, Glyceryl Laurate, Sclerotium Gum, Amaranthus Caudatus Seed Extract, Fragrance, Hydrogenated Castor Oil, Hydrolyzed Rice Protein, Lactose, Lonicera Caprifolium Flower Extract, Lonicera Japonica Flower Extract, Sodium Cocoyl Alaninate, Sodium Cocoyl Hydrolyzed Amaranth Protein, Sodium Phytate, Titanium Dioxide, Whey Protein, Yoghurt Powder",38,9413,4.2,0.0,https://www.sephora.com/product/nutritious-radiant-vitality-2-in-1-foam-cleanser-P380019?icid2=products%20grid:p380019,4.2,7.6190476190476195
Renewing Cleansing Cream,Murad,cleanser,39.0,"Sodium Cocoyl Isethionate, Glyceryl Stearate SE, Stearic Acid, Cetyl Alcohol, Glycerin, Prunus Armeniaca Kernel Oil, Urea, Yeast Amino Acids, Trehalose, Inositol, Taurine, Betaine, Echium Plantagineum Seed Oil, Borago Officinalis Seed Oil, Oenothera Biennis Oil, Serenoa Serrulata Fruit Extract, Panthenol, Chondrus Crispus Extract, Chamomilla Recutita Flower Extract, Sodium Hyaluronate, Imperata Cylindrica Root Extract, Sorbitol, Carica Papaya Fruit Extract, Citrus Medica Limonum Fruit Extract, Tocopherol, Ascorbyl Palmitate, Benzophenone4, Butylene Glycol, Acrylates, Carbomer, Xanthan Gum, Phenoxyethanol, Caprylyl Glycol, Chlorphenesin, Limonene, Linalool, Fragrance",234,5156,6.75,0.0,https://www.sephora.com/product/renewing-cleansing-cream-P38217?icid2=products%20grid:p38217,6.75,5.777777777777778
Bamboo Charcoal Detoxifying Soap Bar,Herbivore,cleanser,12.0,"Saponified Oils of Cocos nucifera Oil, Olea Europaea Fruit Oil, Elaeis Guineensis Oil, Tocopherol, Kaolinite, Activated Bamboo Charcoal, Melaleuca Alternifolia Leaf Oil, Citrus Bergamia Esssential Oil",270,23909,4.0,0.0,https://www.sephora.com/product/bamboo-charcoal-detoxifying-soap-bar-P407444?icid2=products%20grid:p407444,4.0,3.0
Rinse-Off Eye Makeup Solvent,CLINIQUE,cleanser,19.5,"Peg32, Butylene Glycol, Disodium Cocoamphodiacetate, Peg6, Trisodium Edta, Phenoxyethanol",521,6723,4.2,0.0,https://www.sephora.com/product/rinse-off-eye-makeup-solvent-P122763?icid2=products%20grid:p122763,4.2,4.6428571428571415
Precleanse Balm,Dermalogica,cleanser,45.0,"Peg32, Butylene Glycol, Disodium Cocoamphodiacetate, Peg6, Trisodium Edta, Phenoxyethanol",57,3447,3.0,0.0,https://www.sephora.com/product/precleanse-balm-P422829?icid2=products%20grid:p422829,3.0,15.0
Perfectly Clean Multi-Action Foam Cleanser/Purifying Mask ,Estée Lauder,cleanser,26.0,"Peg32, Butylene Glycol, Disodium Cocoamphodiacetate, Peg6, Trisodium Edta, Phenoxyethanol",98,5414,0.0,5.0,https://www.sephora.com/product/perfectly-clean-multi-action-foam-cleanser-purifying-mask-P380027?icid2=products%20grid:p380027,5.0,5.2
Rose Cleansing Foam,Fresh,cleanser,29.0,"Butylene Glycol, Decyl Glucoside, Glycerin, Polyglycerin3, Peg200 Hydrogenated Glyceryl Palmate, Peg40 Hydrogenated Castor Oil, Prunus Domestica Seed Oil, Rosa Damascena Flower Cucumis Sativus Fruit Extract, Rosa Damascena Flower Oil, Paeonia Suffruticosa Root Extract, Oenothera Biennis Root Extract, Tocopheryl Acetate, Peg7 Glyceryl Cocoate, Citric Acid, Disodium EDTA, Caprylic, Potassium Sorbate, Citronellol, Geraniol, Phenoxyethanol",153,11259,4.1,0.0,https://www.sephora.com/product/rose-cleansing-foam-P378336?icid2=products%20grid:p378336,4.1,7.073170731707318
Aqua Bomb Hydrating Toner,belif,cleanser,28.0,"Glycerin, Alcohol Denat, Dipropylene Glycol, 12Hexanediol, Betaine, Panthenol, PEG, Avena Sativa Kernel Extract, Stellaria Media Extract, Calendula Officinalis Flower Extract, Nepeta Cataria Extract, Rubus Idaeus Leaf Extract, Baptisia Tinctoria Root Extract, Alchemilla Vulgaris Leaf Extract, Equisetum Arvense Leaf Extract, Urtica Dioica Leaf Extract, Adansonia Digitata Seed Extract, Lonicera Caprifolium Flower Extract, Vitis Vinifera Vine Sap, Sodium Hyaluronate, Acrylates, Hydroxypropyl Cyclodextrin, PEG60 Hydrogenated Castor Oil, BisPEG18 Methyl Ether Dimethyl Silane, Trisodium EDTA, BetaGlucan, Glyceryl Acrylate, Glycereth26, Phenyl Trimethicone, Tromethamine, PEG, Polyglutamic Acid, Methylpropanediol, Malachite Extract, Butylene Glycol, Citrus Aurantium Dulcis Peel Oil, Citrus Aurantifolia Oil, Rosmarinus Officinalis Leaf Oil, Pelargonium Graveolens Flower Oil, Citral, Citronellol, Limonene, Geraniol, Linalool",406,6110,6.75,0.0,https://www.sephora.com/product/aqua-bomb-hydrating-toner-P449175?icid2=products%20grid:p449175,6.75,4.148148148148148
Blue Herbal Acne Cleanser Treatment,Kiehl's Since 1851,cleanser,24.0,"CocoGlucoside, Propylene Glycol, Ammonium Polyacryloyldimethyl Taurate, Glycerin, CocoBetaine, Sodium Cocoyl Isethionate, Sodium Methyl Cocoyl Taurate, Dipropylene Glycol, Sodium Chloride, Butylene Glycol, Phenoxyethanol, Hydrogenated Coconut Acid, Capryloyl Salicylic Acid, Coconut Acid, TButyl Alcohol, Sodium PCA, Camphor, Menthol, Boswellia Serrata Extract, Sodium Isethionate, Hamamelis Virginiana  Peumus Boldus Leaf Extract, Disodium Edta, Alcohol, Zingiber Officinale Root Extract, Sanguisorba Officinalis Root Extract, Cinnamomum Cassia Bark Extract, Xanthan Gum, Laminaria Saccharina Extract, Zinc Sulfate, Pyridoxine HCL, Sodium Hydroxide, Citric Acid",38,4185,5.0,0.0,https://www.sephora.com/product/blue-herbal-acne-cleanser-treatment-P422019?icid2=products%20grid:p422019,5.0,4.8
Diamondbuff by Bee Stunning,SEPHORA COLLECTION,cleanser,60.0,"CocoGlucoside, Propylene Glycol, Ammonium Polyacryloyldimethyl Taurate, Glycerin, CocoBetaine, Sodium Cocoyl Isethionate, Sodium Methyl Cocoyl Taurate, Dipropylene Glycol, Sodium Chloride, Butylene Glycol, Phenoxyethanol, Hydrogenated Coconut Acid, Capryloyl Salicylic Acid, Coconut Acid, TButyl Alcohol, Sodium PCA, Camphor, Menthol, Boswellia Serrata Extract, Sodium Isethionate, Hamamelis Virginiana  Peumus Boldus Leaf Extract, Disodium Edta, Alcohol, Zingiber Officinale Root Extract, Sanguisorba Officinalis Root Extract, Cinnamomum Cassia Bark Extract, Xanthan Gum, Laminaria Saccharina Extract, Zinc Sulfate, Pyridoxine HCL, Sodium Hydroxide, Citric Acid",67,14427,0.0,0.0,https://www.sephora.com/product/diamondbuff-by-bee-stunning-P427612?icid2=products%20grid:p427612,4.92609452736319,12.180034237409654
Essential Power Skin Toner for Combination to Oily Skin,LANEIGE,cleanser,28.0,"Alcohol, Glycereth26, Dipropylene Glycol, Chenopodium Quinoa Seed Extract, Opuntia Coccinellifera Fruit Extract, Niacinamide, Magnesium Sulfate, Manganese Sulfate, Butylene Glycol, Ascorbyl Glucoside, Ethylhexylglycerin, Zinc Sulfate, Calcium Chloride, PEG60 Hydrogenated Castor Oil, Disodium Edta, Fragrance",86,8976,6.7,0.0,https://www.sephora.com/product/essential-power-skin-toner-for-combination-to-oily-skin-P420672?icid2=products%20grid:p420672,6.7,4.17910447761194
Prep-N-Glow™ Cloths,NuFACE,cleanser,20.0,"Polyglyceryl4 Laurate, Betaine, Phenoxyethanol, Saccharomyces, Ethylhexylglycerin, Fragrance, Glycerin, Saccharomyces, Saccharomyces, Sodium Citrate, Sodium Hyaluronate, Vitis Vinifera Seed Powder Extract, Aristotelia Chilensis Fruit Juice, Glycyrrhiza Glabra Root Extract, Ginkgo Biloba Leaf Extract, Carya Ovata Bark Extract",154,10770,0.0,0.0,https://www.sephora.com/product/prep-n-glow-cloths-P414661?icid2=products%20grid:p414661,4.92609452736319,4.060011412469885
ClearCalm 3 Clarifying Clay Cleanser,REN Clean Skincare,cleanser,32.0,"Polyglyceryl4 Laurate, Betaine, Phenoxyethanol, Saccharomyces, Ethylhexylglycerin, Fragrance, Glycerin, Saccharomyces, Saccharomyces, Sodium Citrate, Sodium Hyaluronate, Vitis Vinifera Seed Powder Extract, Aristotelia Chilensis Fruit Juice, Glycyrrhiza Glabra Root Extract, Ginkgo Biloba Leaf Extract, Carya Ovata Bark Extract",416,10452,5.1,0.0,https://www.sephora.com/product/clearcalm-3-clarifying-clay-cleanser-P265700?icid2=products%20grid:p265700,5.1,6.2745098039215685
Instant Eye Makeup Remover,Clarins,cleanser,30.0,"Cyclomethicone, Isohexadecane, Rosa Centifolia Flower Centaurea Cyanus Flower Butylene Glycol, Sodium Chloride, Phenoxyethanol, Benzyl Alcohol, Disodium EDTA, Caprylyl, Tetrasodium EDTA, Glycerin, Potassium Sorbate, CI 42090",143,4372,4.2,0.0,https://www.sephora.com/product/instant-eye-makeup-remover-P94902?icid2=products%20grid:p94902,4.2,7.142857142857142
Acne Solutions Cleansing Face and Body Soap,CLINIQUE,cleanser,16.5,"Sodium Palmate, Sodium Cocoate, Palmitic Acid, Cocamidopropyl Dimethylamine, Glyceryl Stearate, Zea Mays Starch, Hydrolyzed Corn Starch, Glycerin, Caffeine, Zinc Pca, Ppg26, Polyquaternium67, Hydrolyzed Corn Starch Octenylsuccinate, Sodium Chloride, Tetrasodium Edta, Tetrasodium Etidronate, Chlorphenesin, Titanium Dioxide",432,12873,5.2,0.0,https://www.sephora.com/product/acne-solutions-cleansing-face-body-soap-P196524?icid2=products%20grid:p196524,5.2,3.1730769230769234
The Cleansing Gel,La Mer,cleanser,95.0,"Declustered Water \Aqua\Eau DeStructuree, Cocamidopropyl Hydroxysultaine, Sodium Cocoyl Sarcosinate, CocoBetaine, Sodium Laureth Sulfate, Sodium Chloride, Aloe Barbadensis Leaf Extract, Avena Sativa Kernel Extract, Algae Extract, Sesamum Indicum Seed Oil, Medicago Sativa Seed Powder, Helianthus Annuus Seedcake, Prunus Amygdalus Dulcis Seed Meal, Eucalyptus Globulus Leaf Oil, Sodium Gluconate, Copper Gluconate, Calcium Gluconate, Magnesium Gluconate, Zinc Gluconate, Tocopheryl Succinate, Niacin, Sesamum Indicum Seed Powder, Butylene Glycol, Sucrose, Caprylyl Glycol, Sodium Bicarbonate, Tourmaline, Hexylene Glycol, Fragrance, Edta, Disodium Edta, Methylchloroisothiazolinone, Methylisothiazolinone, Phenoxyethanol, AlphaIsomethyl Ionone, Geraniol, Butylphenyl Methylpropional, Linalool, Green 5, Yellow 5",42,4271,6.7,0.0,https://www.sephora.com/product/the-cleansing-gel-P417113?icid2=products%20grid:p417113,6.7,14.17910447761194
Purifying Pore Detox Cleanser,Tata Harper,cleanser,76.0,"Caprylic, Helianthus Annuus Seed Oil, Glycerin, Propanediol, Sucrose Laurate, Citrus Paradisi Oil, Glyceryl Undecylenate, Papain, Lactobacillus, Eugenia Caryophyluss Flower Oil, Aloe Barbadensis Leaf Juice, Brassica Oleracea Italica Extract, Montmorillonite, Kaolin, Bioflavonoids, Curcuma Zedoaria Root Oil, Magnesium Aluminum Silicate, Zingiber Officinale Root Oil, Cymbopogon Flexuosus Oil, Salix Alba Bark Extract, Glyceryl Caprylate, Abies Pectinata Leaf Oil, Foeniculum Vulgare Oil, Oryza Sativa Extract, Decyl Glucoside, Mica, Sucrose Palmitate, Sucrose Stearate, Citral, Citronellol, Eugenol, Geraniol, Limonene, Linalool Ingredients from organic farming",131,11233,4.1,0.0,https://www.sephora.com/product/purifying-cleanser-P392144?icid2=products%20grid:p392144,4.1,18.53658536585366
Naturally Gentle Eye Makeup Remover,CLINIQUE,cleanser,19.5,"Hydrogenated Polyisobutene, Butylene Glycol, Sesamum Indicum Seed Oil, Ammonium Acryloyldimethyltaurate, Sucrose, Hypnea Musciformis Extract, Gellidiela Acerosa Extract, Arginine, Acrylates, Peg8 Dilaurate, Sodium Chloride, Disodium Phosphate, Disodium Edta, Phenoxyethanol, Chlorphenesin",245,4253,2.5,0.0,https://www.sephora.com/product/naturally-gentle-eye-makeup-remover-P122675?icid2=products%20grid:p122675,2.5,7.8
The Method: Cleanse,LANCER Skincare,cleanser,55.0,"Hydrogenated Polyisobutene, Butylene Glycol, Sesamum Indicum Seed Oil, Ammonium Acryloyldimethyltaurate, Sucrose, Hypnea Musciformis Extract, Gellidiela Acerosa Extract, Arginine, Acrylates, Peg8 Dilaurate, Sodium Chloride, Disodium Phosphate, Disodium Edta, Phenoxyethanol, Chlorphenesin",175,2861,4.05,0.0,https://www.sephora.com/product/the-method-cleanse-P399740?icid2=products%20grid:p399740,4.05,13.580246913580249
Renewing Cleanser,Proactiv,cleanser,25.0,"Magnesium Aluminum Silicate, Glyceryl Stearate, PEG100 Stearate, Sorbitol, Dimethyl Isosorbide, Disodium PEG12 Dimethicone Sulfosuccinate, Tridecyl Stearate, Neopentyl Glycol Dicaprylate, Paraffin, Cetyl Esters, Anthemis Nobilis Flower Extract, Tridecyl Trimellitate, Trisodium Sulfosuccinate, PEG12 Dimethicone, Sodium Sulfate, Sodium Hyaluronate, Propylene Glycol, Sodium PCA, Xanthan Gum, Phenoxyethanol, Imidazolidinyl Urea, Methylparaben, Propylparaben, Fragrance",61,858,4.0,0.0,https://www.sephora.com/product/renewing-cleanser-P440061?icid2=products%20grid:p440061,4.0,6.25
knockout daily exfoliating cleanser,tarte,cleanser,24.0,"Sodium C1416 Olefin Sulfonate, Cocamidopropyl Hydroxysultaine, Sodium Cocoyl Glutamate, Glycerin, Pyrus Malus Fruit Extract, Lactic Acid, Glycolic Acid, Sodium Chloride, Propanediol, Decyl Glucoside, Acrylates Crosspolymer4, Citric Acid, Phenoxyethanol, Polyquaternium10, Eucalyptus Globulus Leaf Oil, Mentha Piperita Oil, Caprylyl Glycol, Ethylhexylglycerin, Hexylene Glycol, Salicylic Acid, Sodium Hydroxide, Limonene, Tetrasodium Glutamate Diacetate, Linalool, Sodium Acetate, Sodium Glycolate, Sodium Formate",6,1566,0.0,4.19,https://www.sephora.com/product/tarte-knockout-daily-exfoliating-cleanser-P454376?icid2=products%20grid:p454376,4.19,5.727923627684964
Cleansing Wipes - Cucumber - Anti-fatigue,SEPHORA COLLECTION,cleanser,8.0,"Sodium C1416 Olefin Sulfonate, Cocamidopropyl Hydroxysultaine, Sodium Cocoyl Glutamate, Glycerin, Pyrus Malus Fruit Extract, Lactic Acid, Glycolic Acid, Sodium Chloride, Propanediol, Decyl Glucoside, Acrylates Crosspolymer4, Citric Acid, Phenoxyethanol, Polyquaternium10, Eucalyptus Globulus Leaf Oil, Mentha Piperita Oil, Caprylyl Glycol, Ethylhexylglycerin, Hexylene Glycol, Salicylic Acid, Sodium Hydroxide, Limonene, Tetrasodium Glutamate Diacetate, Linalool, Sodium Acetate, Sodium Glycolate, Sodium Formate",12,0,0.0,0.0,https://www.sephora.com/product/cleansing-wipes-cucumber-anti-fatigue-P433302?icid2=products%20grid:p433302,4.92609452736319,1.6240045649879542
Major Moisture Gentle Cream Cleanser,Naturally Serious,cleanser,26.0,"Sodium Cocoyl Isethionate, Glycerin, Glyceryl Stearate SE, Stearic Acid, Cocos Nucifera Oil, Cetearyl Alcohol, Propanediol, Aspalathus Linearis Leaf Extract, Camellia Sinensis Leaf Extract, Lycium Barbarum Fruit Extract, Punica Granatum Extract, Vitis Vinifera Seed Extract, Leuconostoc, Lactobacillus, Pinus Cembra Wood Extract, Squalane, Leontopodium Alpinum Extract, Peucedanum Ostruthium Leaf Extract, Glycyrrhiza Glabra Root Extract, Coleus Barbatus Root Extract, Sodium Phytate, Maltodextrin, Bisabolol, Sodium Hydroxide, Xanthan Gum, Pentylene Glycol, Phenethyl Alcohol, Limonene, Linalool, Citral, Fragrance",45,2129,4.0,0.0,https://www.sephora.com/product/major-moisture-gentle-cream-cleanser-P433972?icid2=products%20grid:p433972,4.0,6.5
Sugar Body Scrub,SEPHORA COLLECTION,cleanser,17.0,"Saccharum Officinarum Extract, Helianthus Annuus Seed Oil, Ricinus Communis Seed Oil, Propanediol, Aqua, Silica, Isononyl Isononanoate, Trihydroxystearin, Cocamidopropyl Betaine, Parfum, Polyglyceryl6 Dioleate, Moringa Oleifera Seed Oil, Beheneth25, Sodium Chloride, Tocopherol",3,1293,0.0,0.0,https://www.sephora.com/product/sephora-collection-sugar-body-scrub-P455221?icid2=products%20grid:p455221,4.92609452736319,3.4510097005994034
Detoxifying Foam Cleanser Ghassoul Clay Extract,SEPHORA COLLECTION,cleanser,16.0,"Stearic Acid, Palmitic Acid, Tromethamine, Butane, Kaolin, C1215 Alkyl Benzoate, CocoGlucoside, Parfum, Propane, Citric Acid, Ceteareth20, CI 77499, Mica, Hydroxyethylcellulose, Isobutane, Moroccan Lava Clay, CI 77891, Tocopherol, Glycine Soja Oil, Sodium Nitrate",28,3036,5.0,0.0,https://www.sephora.com/product/detoxifying-foam-cleanser-ghassoul-clay-extract-P422358?icid2=products%20grid:p422358,5.0,3.2
Problem Solution Toner,belif,cleanser,28.0,"Stearic Acid, Palmitic Acid, Tromethamine, Butane, Kaolin, C1215 Alkyl Benzoate, CocoGlucoside, Parfum, Propane, Citric Acid, Ceteareth20, CI 77499, Mica, Hydroxyethylcellulose, Isobutane, Moroccan Lava Clay, CI 77891, Tocopherol, Glycine Soja Oil, Sodium Nitrate",106,11850,6.75,0.0,https://www.sephora.com/product/problem-solution-toner-P410817?icid2=products%20grid:p410817,6.75,4.148148148148148
MOUSSE RADIANCE Clarifying Self-Foaming Cleanser,Lancôme,cleanser,32.0,"Sorbitol, Glycerin, Sodium Cocoyl Glycinate, Peg8, Hexylene Glycol, Potassium Laurate, Potassium Myristate, Peg32, Propylene Glycol, Methylparaben, Phenoxyethanol, Triethanolamine, Fragrance, Disodium Edta, Limonene, Linalool, Butylphenyl Methylpropional, Benzyl Salicylate, Ananas Sativus Extract, Carica Papaya Extract",171,4933,6.7,0.0,https://www.sephora.com/product/mousse-radiance-clarifying-self-foaming-cleanser-P217909?icid2=products%20grid:p217909,6.7,4.776119402985074
Exfoilating Wipes - Papaya - Glow,SEPHORA COLLECTION,cleanser,8.0,"Sorbitol, Glycerin, Sodium Cocoyl Glycinate, Peg8, Hexylene Glycol, Potassium Laurate, Potassium Myristate, Peg32, Propylene Glycol, Methylparaben, Phenoxyethanol, Triethanolamine, Fragrance, Disodium Edta, Limonene, Linalool, Butylphenyl Methylpropional, Benzyl Salicylate, Ananas Sativus Extract, Carica Papaya Extract",26,0,0.0,0.0,https://www.sephora.com/product/exfoilating-wipes-papaya-glow-P433301?icid2=products%20grid:p433301,4.92609452736319,1.6240045649879542
Clarifying Toner,Murad,cleanser,25.0,"Witch Hazel Butylene Glycol, Alcohol Denat, PPG5Ceteth20, Carrageenan Extract, Cucumber Fruit Extract, Lemon Fruit Extract, Calendula Officinalis Flower Extract, Lecithin, Tocopherol, Magnesium Ascorbyl Phosphate, Allantoin, Palmitoyl Hydroxypropyltrimonium Amylopectin, Grape Seed Extract, PEG12 Dimethicone, Menthol, Menthoxypropanediol, Sodium Hydroxide, Phenoxyethanol, Methylparaben, Citral, Cymbopogon Schoenanthus Oil, Blue 1, Ext Violet 2",846,17254,6.0,0.0,https://www.sephora.com/product/clarifying-toner-P4015?icid2=products%20grid:p4015,6.0,4.166666666666667
Creamy Cleansing Foam Moist ,belif,cleanser,26.0,"Myristic Acid, Glycerin, Butylene Glycol, Stearic Acid, Potassium Hydroxide, Glyceryl Stearate, PEG100 Stearate, Sodium Methyl Cocoyl Taurate, PEG40 Hydrogenated Castor Oil, Hydrogenated Polydecene, Avena Sativa Kernel Extract, Calendula Officinalis Flower Extract, Nepeta Cataria Extract, Rubus Idaeus Leaf Extract, Baptisia Tinctoria Root Extract, Stellaria Media Extract, Saponaria Officinalis Leaf Extract, Sapindus Mukurossi Fruit Extract, Benincasa Cerifera Seed Extract, Acorus Calamus Root Extract, Artemisia Princeps Leaf Powder, Tocopheryl Acetate, Polyquaternium7, 12Hexanediol, Trisodium EDTA, Fragrance, Citronnellol, Limonene Napiers Original Formula Fragrances of Natural Origin",228,7589,5.4,0.0,https://www.sephora.com/product/creamy-cleansing-foam-moist-P394627?icid2=products%20grid:p394627,5.4,4.814814814814816
Mega-Mushroom Skin Relief Micellar Cleanser,Origins,cleanser,35.0,"Myristic Acid, Glycerin, Butylene Glycol, Stearic Acid, Potassium Hydroxide, Glyceryl Stearate, PEG100 Stearate, Sodium Methyl Cocoyl Taurate, PEG40 Hydrogenated Castor Oil, Hydrogenated Polydecene, Avena Sativa Kernel Extract, Calendula Officinalis Flower Extract, Nepeta Cataria Extract, Rubus Idaeus Leaf Extract, Baptisia Tinctoria Root Extract, Stellaria Media Extract, Saponaria Officinalis Leaf Extract, Sapindus Mukurossi Fruit Extract, Benincasa Cerifera Seed Extract, Acorus Calamus Root Extract, Artemisia Princeps Leaf Powder, Tocopheryl Acetate, Polyquaternium7, 12Hexanediol, Trisodium EDTA, Fragrance, Citronnellol, Limonene Napiers Original Formula Fragrances of Natural Origin",63,7182,6.7,0.0,https://www.sephora.com/product/mega-mushroom-skin-relief-micellar-cleanser-P401570?icid2=products%20grid:p401570,6.7,5.223880597014925
Water Drench® Hyaluronic Cloud Hydrating Toner Mist,Peter Thomas Roth,cleanser,28.0,"Glycerin, Hamamelis Virginiana  Sodium Hyaluronate, Pyrus Malus Fruit Extract, Aloe Barbadensis Leaf Juice, Sambucus Nigra Fruit Extract, Saccharide Isomerate, Sodium PCA, Wheat Amino Acids, Panthenol, Citric Acid, Disodium Edta, Hydroxyproline, Sodium Citrate, Sodium Hydroxide, Biosaccharide Gum4, SrSpider Polypeptide1, Benzoic Acid, 12Hexanediol, Caprylyl Glycol, Potassium Sorbate, Sodium Benzoate, Phenoxyethanol",9,2588,5.0,0.0,https://www.sephora.com/product/water-drench-hyaluronic-cloud-hydrating-toner-mist-P449183?icid2=products%20grid:p449183,5.0,5.6
Glycolic Acid Exfoliating Toner,The INKEY List,cleanser,10.99,"Glycolic Acid, Propanediol, Hamamelis Virginiana  Sodium Hydroxide, Butylene Glycol, Phenoxyethanol, Alcohol, PPG26Buteth26, Betaine, PEG40 Hydrogenated Castor Oil, Boerhavia Diffusa Root Extract, Ethylhexylglycerin, Trisodium Ethylenediamine Disuccinate",29,6166,3.4,0.0,https://www.sephora.com/product/glycolic-acid-toner-P443838?icid2=products%20grid:p443838,3.4,3.2323529411764707
Daily Superfoliant Exfoliator,Dermalogica,cleanser,59.0,Activated charcoal: Clears skin from toxins,39,3490,2.0,0.0,https://www.sephora.com/product/daily-superfoliant-P423123?icid2=products%20grid:p423123,2.0,29.5
Clearing Skin Wash,Dermalogica,cleanser,39.0,"Salicylic Acid 50%, Cocamidopropyl Betaine, Disodium Cocoamphodiacetate, Sodium Lauroyl Methyl Isethionate, Melissa Officinalis Leaf Extract, Angelica Archangelica Extract, Echinacea Angustifolia Extract, Allium Sativum Bulb Extract, Chamomilla Recutita Flower Extract, Eucalyptus Globulus Leaf Extract, Salvia Officinalis Extract, Passiflora Incarnata Extract, Citrus Medica Limonum Peel Extract, Hamamelis Virginiana Extract, Ophiopogon Japonicas Root Extract, Echinacea Purpurea Extract, Melaleuca Alternifolia Leaf Oil, Lactic Acid, Algae Extract, Menthol, Sodium PCA, Dipotassium Glycyrrhizate, Camphor, PEG120 Methyl Glucose Dioleate, Phenoxyethanol, Butylene Glycol, Benzyl PCA, Disodium EDTA Copper, Citral, Limonene, Geraniol, Citronellol",8,1821,8.4,0.0,https://www.sephora.com/product/clearing-skin-wash-P445832?icid2=products%20grid:p445832,8.4,4.6428571428571415
Skin Smoothing Exfoliator,Proactiv,cleanser,48.0,"Sodium Cocoyl Isethionate, Glycerin, Paraffin, Lauryl, Coconut Acid, Tocopherol, Linoleic Acid, Linolenic Acid, Butylene Glycol, Dimethicone, Ethylhexylglycerin, Acrylates, Glycolic Acid, Sodium Isethionate, Sodium Hydroxide, Phenoxyethanol, Fragrance",95,979,6.0,0.0,https://www.sephora.com/product/skin-smoothing-exfoliator-P440066?icid2=products%20grid:p440066,6.0,8.0
The Cleansing Foam Mini,La Mer,cleanser,25.0,"Declustered Water \Aqua\Eau DeStructuree, Myristic Acid, Glycerin, Behenic Acid, Palmitic Acid, Sodium Methyl Cocoyl Taurate, Potassium Hydroxide, Lauric Acid, Stearic Acid, Algae Extract, Sesamum Indicum Seed Oil, Medicago Sativa Seed Powder, Helianthus Annuus Seedcake, Prunus Amygdalus Dulcis Seed Meal, Eucalyptus Globulus Leaf Oil, Sodium Gluconate, Copper Gluconate, Calcium Gluconate, Magnesium Gluconate, Zinc Gluconate, Tocopheryl Succinate, Niacin, Sesamum Indicum Seed Powder, Quartz Powder, Nephrite Powder, Pearl Powder, Caffeine, Sea Salt\Maris Sal\Sel Marin, Humic Acids, Sodium Hyaluronate, Sucrose, Tourmaline, Macrocystis Pyrifera Protein, Polyquaternium51, Aloe Barbadensis Leaf Trehalose, Cellulose, Butylene Glycol, Sodium Coco PgDimonium Chloride Phosphate, Sodium Bicarbonate, Sodium Pca, Peg3 Distearate, Urea, Fragrance, Disodium Edta, Linalool, Limonene, Phenoxyethanol, Methylchloroisothiazolinone, Methylisothiazolinone, Yellow 5, Yellow 6, Blue 1, Green 5",14,419,1.0,0.0,https://www.sephora.com/product/the-cleansing-foam-mini-P428636?icid2=products%20grid:p428636,1.0,25.0
SEA FRXXXTION Stick Exfoliating Cleanser,tarte,cleanser,22.0,"Butylene Glycol, Sodium Stearate, BisPEG18 Methyl Ether Dimethyl Silane, Glycerin, Diatomaceous Earth, Sodium Lauroyl Methyl Isethionate, Cocamidopropyl Betaine, Quaternium90 Sepiolite, Charcoal Powder, Sodium Methyl Oleoyl Taurate, Sodium Cocoyl Isethionate, Quaternium90 Montmorillonite, Kaolin, Phenoxyethanol, Chlorphenesin, Sodium Benzoate",926,37274,1.0,0.0,https://www.sephora.com/product/sea-frxxxtion-stick-exfoliating-cleanser-P409631?icid2=products%20grid:p409631,1.0,22.0
Hydraphel Skin Supplement Lotion,Erno Laszlo,cleanser,68.0,"Glycereth26, Glycereth7, Panthenol, Sodium Pca, Allantoin, Polyacrylamide, Fragrance, Propylene Glycol, Diazolidinyl Urea, Methylparaben, Disodium Edta, Citral, Geraniol, Citronellol, Linalool, Ci 19140, Ci 15985, Ci 61570",16,3227,6.8,0.0,https://www.sephora.com/product/hydraphel-skin-supplement-lotion-P392628?icid2=products%20grid:p392628,6.8,10.0
Multi Deep-Clean Cleanser,LANEIGE,cleanser,23.0,"Limnanthes Alba Seed Oil, Myristic Acid, Lauryl Hydroxysultaine, Lauric Acid, Potassium Hydroxide, Glycerin, Sodium Chloride, Stearic Acid, Acrylates, Fragrance, Linalool, Polyquaternium7, Citronellol, Peg14m, Disodium Edta, Hexyl Cinnamal, Geraniol, Helianthus Annuus Seed Oil, Sodium Benzoate, Tocopherol, Silica, Bht",34,2588,5.0,0.0,https://www.sephora.com/product/multi-deep-clean-cleanser-P447594?icid2=products%20grid:p447594,5.0,4.6
Extra Rich Cleansing Milk,Shiseido,cleanser,36.0,"Sodium Methyl Cocoyl Taurate, Cocamidopropyl Betaine, Peg2 Laurate, Glycol Distearate, Propylene Glycol Laurate, Glycerin, Dipropylene Glycol, Polyquaternium10, Phenoxyethanol, Sodium Benzoate, Fragrance, Citric Acid, Oryza Sativa Germ Oil, Disodium Edta, Linalool, Geraniol, Citronellol, Alcohol, Betaine, Yellow 6, Sodium Acetylated Hyaluronate, Citrus Junos Seed Extract, Tocopherol, Red 33, Hydrolyzed Silk",8,2268,4.2,0.0,https://www.sephora.com/product/extra-rich-cleansing-milk-P433619?icid2=products%20grid:p433619,4.2,8.571428571428571
Acne Clearing Wash,Peter Thomas Roth,cleanser,39.0,"Allantoin, BHT, Butyl Methoxydibenzoylmethane, Butylphenyl Methylpropional, Citric Acid, Cocamidopropyl Betaine, Disodium EDTA, Ethylhexyl Methoxycinnamate, Ethylhexyl Salicylate, Fragrance, Lauryl Glucoside, Limonene, Linalool, Panthenol, PEG120 Methyl Glucose Dioleate, PEG150 Pentaerythrityl Tetrastearate, PEG40 Hydrogenated Castor Oil, PEG6 Caprylic, Phenoxyethanol, Potassium Sorbate, PPG26Buteth26, Propylene Glycol, Sodium Benzoate, Sodium Benzotriazolyl Butylphenol Sulfonate, Sodium Chloride, Sodium Citrate, Sodium Hydroxide, Sodium Laureth Sulfate, Tocopherol, Water",110,7801,8.5,0.0,https://www.sephora.com/product/acne-clearing-wash-P410883?icid2=products%20grid:p410883,8.5,4.588235294117646
Witch Hazel & Rosewater Toner,Mario Badescu,cleanser,14.0,"Allantoin, BHT, Butyl Methoxydibenzoylmethane, Butylphenyl Methylpropional, Citric Acid, Cocamidopropyl Betaine, Disodium EDTA, Ethylhexyl Methoxycinnamate, Ethylhexyl Salicylate, Fragrance, Lauryl Glucoside, Limonene, Linalool, Panthenol, PEG120 Methyl Glucose Dioleate, PEG150 Pentaerythrityl Tetrastearate, PEG40 Hydrogenated Castor Oil, PEG6 Caprylic, Phenoxyethanol, Potassium Sorbate, PPG26Buteth26, Propylene Glycol, Sodium Benzoate, Sodium Benzotriazolyl Butylphenol Sulfonate, Sodium Chloride, Sodium Citrate, Sodium Hydroxide, Sodium Laureth Sulfate, Tocopherol, Water",13,6011,8.0,0.0,https://www.sephora.com/product/mario-badescu-witch-hazel-rosewater-toner-P444615?icid2=products%20grid:p444615,8.0,1.75
Triple Action Cleansing Water - Cleanse + Purify,SEPHORA COLLECTION,cleanser,12.0,"Aqua, Butylene Glycol, Glycerin, Propanediol, PEG6 Caprylic, Sodium Chloride, Polysorbate 20, Caprylyl Glycol, Hydroxyacetophenone, Parfum, Sodium Benzoate, Zinc PCA, Citric Acid, Aloe Barbadensis Leaf Juice",43,3742,0.0,6.76,https://www.sephora.com/product/triple-action-cleansing-water-cleanse-purify-P445724?icid2=products%20grid:p445724,6.76,1.7751479289940828
GloPRO® Prep Pads Clarifying Skin Cleansing Wipes with Peptides,BeautyBio,cleanser,35.0,"Aqua, Butylene Glycol, Glycerin, Propanediol, PEG6 Caprylic, Sodium Chloride, Polysorbate 20, Caprylyl Glycol, Hydroxyacetophenone, Parfum, Sodium Benzoate, Zinc PCA, Citric Acid, Aloe Barbadensis Leaf Juice",10,1809,0.0,0.0,https://www.sephora.com/product/glopro-prep-pads-clarifying-skin-cleansing-wipes-with-peptides-P438642?icid2=products%20grid:p438642,4.92609452736319,7.1050199718223
PoreDermabrasion™ Pore Perfecting Exfoliator,Dr. Brandt Skincare,cleanser,58.0,"Aqua, Butylene Glycol, Glycerin, Propanediol, PEG6 Caprylic, Sodium Chloride, Polysorbate 20, Caprylyl Glycol, Hydroxyacetophenone, Parfum, Sodium Benzoate, Zinc PCA, Citric Acid, Aloe Barbadensis Leaf Juice",277,17177,2.0,0.0,https://www.sephora.com/product/poredermabrasion-pore-perfecting-exfoliator-P397310?icid2=products%20grid:p397310,2.0,29.0
Waterprooof Eye Makeup Remover,SEPHORA COLLECTION,cleanser,7.0,"Aqua, Isoamyl Laurate, Butylene Glycol, Caprylic, Centaurea Cyanu Flower Sodium Chloride, Simmondsia Chinensis Seed Oil, Poloxamer 184, Ricinus Communis Seed Oil, 12Hexanediol, Caprylyl Glycol, Panthenol, Citric Acidr, Sodium Phytate, Sodium Benzoate, Potassium Sorbate, CI 42090, CI 61570",42,689,0.0,1.69,https://www.sephora.com/product/waterprooof-eye-makeup-remover-P445445?icid2=products%20grid:p445445,1.69,4.142011834319527
Matcha Toner,MILK MAKEUP,cleanser,28.0,"butylene glycol, BisPEG18 methyl ether dimethyl silane, sodium stearate, pentylene glycol, glycerin, oleth2, stearic acid, hamamelis virginiana leaf extract, rice ferment filtrate, saccharmomyces, opuntia ficusindica stem extract, Rosmarinus officinalis leaf extract, camellia sinensis leaf extract, lens esculenta seed extract, ethylhexylglycerin, hexylene glycol, caprylyl glycol, sodium benzoate, potassium sorbate, phenoxyethanol, yellow 10, blue 1",247,28815,0.0,1.0,https://www.sephora.com/product/matcha-toner-P419520?icid2=products%20grid:p419520,1.0,28.0
Wild Rose Foaming Cream Cleanser,KORRES,cleanser,28.0,"butylene glycol, BisPEG18 methyl ether dimethyl silane, sodium stearate, pentylene glycol, glycerin, oleth2, stearic acid, hamamelis virginiana leaf extract, rice ferment filtrate, saccharmomyces, opuntia ficusindica stem extract, Rosmarinus officinalis leaf extract, camellia sinensis leaf extract, lens esculenta seed extract, ethylhexylglycerin, hexylene glycol, caprylyl glycol, sodium benzoate, potassium sorbate, phenoxyethanol, yellow 10, blue 1",100,7766,6.76,0.0,https://www.sephora.com/product/wild-rose-foaming-cream-cleanser-P433981?icid2=products%20grid:p433981,6.76,4.142011834319527
Refining Facial Polisher,Omorovicza,cleanser,95.0,"Glycerin, Silt, Copper Gluconate, Cetearyl Olivate, Lava Powder, Sorbitan Oilivate, Sodium Cocoyl Glutamate, Silica, Aqua, Phenoxyethanol, Lactobionic Acid, Mangifera Indica Pulp Extract, Spondias Mombin Pulp Extract, Musa Sapientum Pulp Extract, Saccharomyces Ferment Extract, Parfum, Xanthan Gum, Ethylhexylglycerin, Aqua, Caprylic, Phaeodactylum Tricornutum Extract, Phospholipids, Benzyl Alcohol, Potassium Sorbate, Tocopherol, Linalool, Limonene, Citronellol",74,4985,3.5,0.0,https://www.sephora.com/product/refining-facial-polisher-P386798?icid2=products%20grid:p386798,3.5,27.142857142857146
Facial Radiance Polish,First Aid Beauty,cleanser,25.0,"Sodium Cocoyl Isethionate, Behenyl Alcohol, Propanediol, Cocamidopropyl Hydroxysultaine, Glyceryl Stearate SE, Sodium Chloride, Butyrospermum Parkii Butter Extract, Coconut Acid, Salix Alba Bark Extract, Colloidal Oatmeal, Ceramide NP, Citrus Aurantium Amara Peel Oil, Sodium Phytate, Vitis Vinifera Seed Oil, Aloe Barbadensis Leaf Juice, Rubus Occidentalis Fruit Extract, Glycyrrhiza Glabra Root Extract, Chrysanthemum Parthenium Extract, Camellia Sinensis Leaf Extract, Butyrospermum Parkii Butter, Glycerin, Sodium Acetate, Panthenol, Hydroxypropyl Guar, Ethylhexylglycerin, Sorbitol, Tocopherol, C1215 Alkyl Lactate, Hydroxyethylcellulose, Lauroyl, Copernicia Cerifera Wax, Sorbic Acid, Cellulose, Lactic Acid, Phenoxyethanol, Citric Acid, Carbomer, Sodium Benzoate, Chlorphenesin, Propylene Glycol, Sodium Hydroxide, Linalool, Titanium Dioxide",254,11870,3.5,0.0,https://www.sephora.com/product/facial-radiance-polish-P378869?icid2=products%20grid:p378869,3.5,7.142857142857142
Exfoliating Wipes - Pink Grapefrui - Purifying,SEPHORA COLLECTION,cleanser,8.0,"Sodium Cocoyl Isethionate, Behenyl Alcohol, Propanediol, Cocamidopropyl Hydroxysultaine, Glyceryl Stearate SE, Sodium Chloride, Butyrospermum Parkii Butter Extract, Coconut Acid, Salix Alba Bark Extract, Colloidal Oatmeal, Ceramide NP, Citrus Aurantium Amara Peel Oil, Sodium Phytate, Vitis Vinifera Seed Oil, Aloe Barbadensis Leaf Juice, Rubus Occidentalis Fruit Extract, Glycyrrhiza Glabra Root Extract, Chrysanthemum Parthenium Extract, Camellia Sinensis Leaf Extract, Butyrospermum Parkii Butter, Glycerin, Sodium Acetate, Panthenol, Hydroxypropyl Guar, Ethylhexylglycerin, Sorbitol, Tocopherol, C1215 Alkyl Lactate, Hydroxyethylcellulose, Lauroyl, Copernicia Cerifera Wax, Sorbic Acid, Cellulose, Lactic Acid, Phenoxyethanol, Citric Acid, Carbomer, Sodium Benzoate, Chlorphenesin, Propylene Glycol, Sodium Hydroxide, Linalool, Titanium Dioxide",4,0,0.0,0.0,https://www.sephora.com/product/exfoliating-wipes-pink-grapefrui-purifying-P445449?icid2=products%20grid:p445449,4.92609452736319,1.6240045649879542
Hydrating Toner,Murad,cleanser,34.0,"Butylene Glycol, Witch Hazel Urea, Yeast Amino Acids, Trehalose, Inositol, Taurine, Betaine, Carrageenan Extract, Peach Fruit Extract, Anthemis Nobilis Flower Extract, Sodium PCA, Lecithin, Tocopherol, Magnesium Ascorbyl Phosphate, Grape Seed Extract, Cucumber Fruit Extract, PEG12 Dimethicone, PEG40 Hydrogenated Castor Oil, Sodium Citrate, Disodium EDTA, Chlorphenesin, Methylisothiazolinone, Benzyl Salicylate, Geraniol, Linalool, Citronellol, Fragrance, Orange 4, Red 4",296,12119,6.0,0.0,https://www.sephora.com/product/hydrating-toner-P4032?icid2=products%20grid:p4032,6.0,5.666666666666668
The Replenishing Oil Exfoliator,La Mer,cleanser,125.0,"Butylene Glycol, Witch Hazel Urea, Yeast Amino Acids, Trehalose, Inositol, Taurine, Betaine, Carrageenan Extract, Peach Fruit Extract, Anthemis Nobilis Flower Extract, Sodium PCA, Lecithin, Tocopherol, Magnesium Ascorbyl Phosphate, Grape Seed Extract, Cucumber Fruit Extract, PEG12 Dimethicone, PEG40 Hydrogenated Castor Oil, Sodium Citrate, Disodium EDTA, Chlorphenesin, Methylisothiazolinone, Benzyl Salicylate, Geraniol, Linalool, Citronellol, Fragrance, Orange 4, Red 4",23,4768,3.4,0.0,https://www.sephora.com/product/replenishing-oil-exfoliator-P431416?icid2=products%20grid:p431416,3.4,36.76470588235294
Teatreement™ Toner,Dr. Jart+,cleanser,30.0,"Butylene Glycol, Witch Hazel Urea, Yeast Amino Acids, Trehalose, Inositol, Taurine, Betaine, Carrageenan Extract, Peach Fruit Extract, Anthemis Nobilis Flower Extract, Sodium PCA, Lecithin, Tocopherol, Magnesium Ascorbyl Phosphate, Grape Seed Extract, Cucumber Fruit Extract, PEG12 Dimethicone, PEG40 Hydrogenated Castor Oil, Sodium Citrate, Disodium EDTA, Chlorphenesin, Methylisothiazolinone, Benzyl Salicylate, Geraniol, Linalool, Citronellol, Fragrance, Orange 4, Red 4",395,2157,4.05,0.0,https://www.sephora.com/product/dr-jart-teatreement-toner-P454085?icid2=products%20grid:p454085,4.05,7.407407407407407
Acne Facial Cleanser,Mario Badescu,cleanser,15.0,"Glycerin, Triethanolamine, Sodium Laureth Sulfate, Propylene Glycol, Isopropyl Alcohol, Salicylic Acid, Dimethicone, Aloe Barbadensis Leaf Juice, Chamomilla Recutita Flower Extract, Thymus Vulgaris Leaf Extract, Sodium Hyaluronate, Carbomer, Parfum, Diazolidinyl Urea, Methylparaben, Propylparaben, Benzyl Benzoate, Benzyl Salicylate, Eugenol, Linalool",42,10166,6.0,0.0,https://www.sephora.com/product/mario-badescu-acne-facial-cleanser-P440490?icid2=products%20grid:p440490,6.0,2.5
Tonique Douceur Softening Hydrating Toner with Rose Water,Lancôme,cleanser,27.0,"Glycerin, Triethanolamine, Sodium Laureth Sulfate, Propylene Glycol, Isopropyl Alcohol, Salicylic Acid, Dimethicone, Aloe Barbadensis Leaf Juice, Chamomilla Recutita Flower Extract, Thymus Vulgaris Leaf Extract, Sodium Hyaluronate, Carbomer, Parfum, Diazolidinyl Urea, Methylparaben, Propylparaben, Benzyl Benzoate, Benzyl Salicylate, Eugenol, Linalool",108,6365,0.0,6.7,https://www.sephora.com/product/tonique-douceur-alcohol-free-freshener-P155706?icid2=products%20grid:p155706,6.7,4.029850746268656
GENTLEBUBBLE ™ Daily Conditioning Cleanser,GLAMGLOW,cleanser,28.0,"Glycerin, Triethanolamine, Sodium Laureth Sulfate, Propylene Glycol, Isopropyl Alcohol, Salicylic Acid, Dimethicone, Aloe Barbadensis Leaf Juice, Chamomilla Recutita Flower Extract, Thymus Vulgaris Leaf Extract, Sodium Hyaluronate, Carbomer, Parfum, Diazolidinyl Urea, Methylparaben, Propylparaben, Benzyl Benzoate, Benzyl Salicylate, Eugenol, Linalool",181,6155,5.0,0.0,https://www.sephora.com/product/gentlybubble-daily-conditioning-cleanser-P442988?icid2=products%20grid:p442988,5.0,5.6
Redness Solutions Soothing Cleanser,CLINIQUE,cleanser,24.0,"Squalane, Glycerin, Butylene Glycol, Phenyl Trimethicone, Ammonium Acryloyldimethyltaurate, Avena Sativa Kernel Extract, Cucumis Sativus Fruit Extract, Hordeum Vulgare Extract, Sucrose Stearate, Sea Whip Extract, Cholesterol, Helianthus Annuus Seedcake, Chamomilla Recutita, Acetyl Glucosamine, Lactobacillus Ferment, Ppg20 Methyl Glucose Ether, Caffeine, Propylene Glycol Dicaprate, Caprylyl Glycol, Stearic Acid, Sodium Chloride, Disodium Edta, Bht, Phenoxyethanol, Polyaminopropyl Biguanide, Yellow 5, Green 5, Blue 1",275,7023,5.0,0.0,https://www.sephora.com/product/redness-solutions-soothing-cleanser-P201439?icid2=products%20grid:p201439,5.0,4.8
Wild Rose Exfoliating Cleanser,KORRES,cleanser,28.0,"Aloe Barbadensis Leaf Juice, Sodium Cocoyl Isethionate, CocoBetaine, Cetearyl Alcohol, Disodium Lauryl Sulfosuccinate, Zea Mays Starch, Oryza Sativa Powder, Glycerin, Betaine, Sodium Methyl Cocoyl Taurate, Magnesium Aluminum Silicate, Prunus Cerasus Shell Powder, Inulin, Sclerotium Gum, Acer Saccharum Extract, Ascorbyl Palmitate, Benzyl Salicylate, Citronellol, Citrus Aurantium Dulcis Fruit Extract, Citrus Limon Fruit Extract, Ethylhexylglycerin, Fragrance, Galactoarabinan, Helianthus Annuus Seed Oil, Hexyl Cinnamal, Hydrogenated Castor Oil, Hydrogenated Starch Hydrolysate, Hydroxycitronellal, Hydroxyisohexyl 3Cyclohexene Carboxaldehyde, Lecithin, Maltooligosyl Glucoside, Phenoxyethanol, Rosa Canina Fruit Extract, Rosa Canina Fruit Oil, Rosa Rubiginosa Seed Oil, Saccharum Officinarum Extract, Salicylic Acid, Tetrasodium Glutamate Diacetate, Titanium Dioxide, Tocopherol, Vaccinium Myrtillus Fruit",348,15566,5.07,0.0,https://www.sephora.com/product/wild-rose-exfoliating-cleanser-P375537?icid2=products%20grid:p375537,5.07,5.5226824457593695
DRx Acne Eliminating Pads,Dr. Dennis Gross Skincare,cleanser,42.0,"Achillea Millefolium Extract, Alcohol Denat, Annatto, Ascorbic Acid, Bentonite, Bisabolol, Butylene Glycol, Caffeine, Camellia Sinensis Leaf Extract, Carnitine HCl, Chamomilla Recutita Flower Extract, Citric Acid, Copper PCA, Cyclodextrin, Dimethyl Isosorbide, Disodium EDTA, Ethoxydiglycol, Farnesol, Fragrance, Glutamic Acid, Glutathione, Glycerin, Glycolic Acid, Hamamelis Virginiana Leaf Extract, Lactic Acid, Malic Acid, Octoxynol9, Pantothenic Acid, Pentasodium Pentetate, Phospholipids, Phytic Acid, Polysorbate 20, Potassium Azeloyl Diglycinate, Potassium Citrate, Potassium Gluconate, Potassium Hydroxide, Retinol, Saccharide Isomerate, Salix Alba Bark Extract, Sodium Benzoate, Soy Isoflavones, Tetrapeptide21, Vitex Agnus Castus Extract, Zinc PCA",259,11399,0.0,0.0,https://www.sephora.com/product/one-step-acne-eliminating-pads-P381405?icid2=products%20grid:p381405,4.92609452736319,8.52602396618676
Supreme Cleansing Oil,SEPHORA COLLECTION,cleanser,15.0,"Ethylhexyl Stearate, Ricinus Communis Seed Oil, Hexyldecyl Stearate, PEG20 Glyceryl Triisostearate, Tridecyl Trimellitate, PEG7 Glyceryl Cocoate, Fragrance, Phenoxyethanol, Gossypium Herbaceum Seed Oil, Helianthus Annuus Seed Oil, Tocopherol, Retinyl Palmitate, BHT",348,12437,6.4,0.0,https://www.sephora.com/product/supreme-cleansing-oil-P398353?icid2=products%20grid:p398353,6.4,2.34375
Exfoliating Wipes - Pineapple - Smoothing,SEPHORA COLLECTION,cleanser,8.0,"Ethylhexyl Stearate, Ricinus Communis Seed Oil, Hexyldecyl Stearate, PEG20 Glyceryl Triisostearate, Tridecyl Trimellitate, PEG7 Glyceryl Cocoate, Fragrance, Phenoxyethanol, Gossypium Herbaceum Seed Oil, Helianthus Annuus Seed Oil, Tocopherol, Retinyl Palmitate, BHT",19,0,0.0,0.0,https://www.sephora.com/product/exfoliating-wipes-pineapple-smoothing-P433303?icid2=products%20grid:p433303,4.92609452736319,1.6240045649879542
Hydra Life Micellar Water No Rinse Cleanser,Dior,cleanser,43.0,Natural Echinacea Flower Extract,64,4907,6.7,0.0,https://www.sephora.com/product/hydra-life-micellar-water-no-rinse-cleanser-P417609?icid2=products%20grid:p417609,6.7,6.4179104477611935
Moisturizing Cream Cleanser,LANEIGE,cleanser,23.0,"Limnanthes Alba Seed Oil, Myristic Acid, Lauryl Hydroxysultaine, Lauric Acid, Potassium Hydroxide, Glycerin, Sodium Chloride, Stearic Acid, Acrylates, Fragrance, Linalool, Polyquaternium7, Citronellol, Peg14m, Disodium Edta, Hexyl Cinnamal, Geraniol, Helianthus Annuus Seed Oil, Sodium Benzoate, Tocopherol, Silica, Bht",40,2095,5.0,0.0,https://www.sephora.com/product/moisturizing-cream-cleanser-P447595?icid2=products%20grid:p447595,5.0,4.6
Breakout Clearing Foaming Wash,Dermalogica,cleanser,19.5,"Limnanthes Alba Seed Oil, Myristic Acid, Lauryl Hydroxysultaine, Lauric Acid, Potassium Hydroxide, Glycerin, Sodium Chloride, Stearic Acid, Acrylates, Fragrance, Linalool, Polyquaternium7, Citronellol, Peg14m, Disodium Edta, Hexyl Cinnamal, Geraniol, Helianthus Annuus Seed Oil, Sodium Benzoate, Tocopherol, Silica, Bht",268,2616,6.0,0.0,https://www.sephora.com/product/breakout-clearing-foaming-wash-P443365?icid2=products%20grid:p443365,6.0,3.25
Fresh Pressed Renewing Powder Cleanser with Pure Vitamin C,CLINIQUE,cleanser,30.5,"Maltodextrin, Sodium Lauryl Sulfoacetate, Sodium Cocoyl Isethionate, Sodium Methyl Cocoyl Taurate, Kaolin, Ascorbic Acid, Sodium Chloride, Sapindus Mukurossi Peel Extract, Salicylic Acid, Allyl Methacrylates Crosspolymer, Cyclodextrin, Coconut Acid, Ethylbisiminomethylguaiacol Manganese Chloride, Disodium Edta",26,3974,0.28,0.0,https://www.sephora.com/product/fresh-pressed-renewing-powder-cleanser-P417323?icid2=products%20grid:p417323,0.28,108.92857142857142
Cucumber Herbal Conditioning Cleanser,Kiehl's Since 1851,cleanser,24.0,"Maltodextrin, Sodium Lauryl Sulfoacetate, Sodium Cocoyl Isethionate, Sodium Methyl Cocoyl Taurate, Kaolin, Ascorbic Acid, Sodium Chloride, Sapindus Mukurossi Peel Extract, Salicylic Acid, Allyl Methacrylates Crosspolymer, Cyclodextrin, Coconut Acid, Ethylbisiminomethylguaiacol Manganese Chloride, Disodium Edta",52,5985,5.0,0.0,https://www.sephora.com/product/cucumber-herbal-conditioning-cleanser-P422255?icid2=products%20grid:p422255,5.0,4.8
"Yes, She Can Holiday Blotting Linens",boscia,cleanser,7.0,"Abaca Tree Fiber, Peppermint Extract",9,1715,0.0,0.0,https://www.sephora.com/product/yes-she-can-holiday-blotting-linens-P450582?icid2=products%20grid:p450582,4.92609452736319,1.42100399436446
White Lucent Luminizing Infuser,Shiseido,cleanser,54.0,"Dipropylene Glycol, Glycerin, Tranexamic Acid, Peg6, Peg32, Peg, Sorbitol, Diglycerin, Phenoxyethanol, Ppg13Decyltetradeceth24, Butylene Glycol, Methylparaben, Disodium Edta, Erythritol, Carbomer, Lauryl Betaine, Xanthan Gum, Allantoin, 3OEthyl Ascorbic Acid, Fragrance, Sodium Metabisulfite, Sodium Hyaluronate, Prunus Yedoensis Leaf Extract, Crataegus Monogyna Flower Extract, Butylphenyl Methylpropional, Rehmannia Chinensis Root Extract, Sodium Benzoate, Tocopherol, Rosa Roxburghii Fruit Extract",27,4075,5.0,0.0,https://www.sephora.com/product/white-lucent-luminizing-infuser-P406312?icid2=products%20grid:p406312,5.0,10.8
United State™ Balancing Tonic,Origins,cleanser,24.0,"Dipropylene Glycol, Glycerin, Tranexamic Acid, Peg6, Peg32, Peg, Sorbitol, Diglycerin, Phenoxyethanol, Ppg13Decyltetradeceth24, Butylene Glycol, Methylparaben, Disodium Edta, Erythritol, Carbomer, Lauryl Betaine, Xanthan Gum, Allantoin, 3OEthyl Ascorbic Acid, Fragrance, Sodium Metabisulfite, Sodium Hyaluronate, Prunus Yedoensis Leaf Extract, Crataegus Monogyna Flower Extract, Butylphenyl Methylpropional, Rehmannia Chinensis Root Extract, Sodium Benzoate, Tocopherol, Rosa Roxburghii Fruit Extract",315,12505,5.0,0.0,https://www.sephora.com/product/united-state-balancing-tonic-P297533?icid2=products%20grid:p297533,5.0,4.8
3 Muslin Cloths,Eve Lom,cleanser,22.0,"Dipropylene Glycol, Glycerin, Tranexamic Acid, Peg6, Peg32, Peg, Sorbitol, Diglycerin, Phenoxyethanol, Ppg13Decyltetradeceth24, Butylene Glycol, Methylparaben, Disodium Edta, Erythritol, Carbomer, Lauryl Betaine, Xanthan Gum, Allantoin, 3OEthyl Ascorbic Acid, Fragrance, Sodium Metabisulfite, Sodium Hyaluronate, Prunus Yedoensis Leaf Extract, Crataegus Monogyna Flower Extract, Butylphenyl Methylpropional, Rehmannia Chinensis Root Extract, Sodium Benzoate, Tocopherol, Rosa Roxburghii Fruit Extract",79,10192,0.0,0.0,https://www.sephora.com/product/3-muslin-cloths-P381435?icid2=products%20grid:p381435,4.92609452736319,4.466012553716874
Clarifying Lotion 1,CLINIQUE,cleanser,17.0,"Alcohol Denat, Glycerin, Butylene Glycol, Hamamelis Virginiana, Trehalose, Salicylic Acid, Acetyl Glucosamine, Sodium Hyaluronate, Sodium Hydroxide, Tetrahydroxypropyl Ethylenediamine, Disodium Edta, Phenoxyethanol, Benzophenone4, Yellow 5, Blue 1",188,5842,0.0,6.7,https://www.sephora.com/product/clarifying-lotion-1-P122651?icid2=products%20grid:p122651,6.7,2.5373134328358207
Problem Solution Cleansing Foam,belif,cleanser,24.0,"Alcohol Denat, Glycerin, Butylene Glycol, Hamamelis Virginiana, Trehalose, Salicylic Acid, Acetyl Glucosamine, Sodium Hyaluronate, Sodium Hydroxide, Tetrahydroxypropyl Ethylenediamine, Disodium Edta, Phenoxyethanol, Benzophenone4, Yellow 5, Blue 1",105,5116,3.38,0.0,https://www.sephora.com/product/problem-solution-cleansing-foam-P410816?icid2=products%20grid:p410816,3.38,7.100591715976331
Hypoallergenic Gentle Cleanser,Perricone MD,cleanser,38.0,"Alcohol Denat, Glycerin, Butylene Glycol, Hamamelis Virginiana, Trehalose, Salicylic Acid, Acetyl Glucosamine, Sodium Hyaluronate, Sodium Hydroxide, Tetrahydroxypropyl Ethylenediamine, Disodium Edta, Phenoxyethanol, Benzophenone4, Yellow 5, Blue 1",325,3443,8.0,0.0,https://www.sephora.com/product/hypoallergenic-gentle-cleanser-P294202?icid2=products%20grid:p294202,8.0,4.75
Pore Reform™ Skin Smoothing Polish,Murad,cleanser,36.0,"Silica, Stearic Acid, Jojoba Esters, Glyceryl Stearate, Stearyl Alcohol, Hamamelis Virginiana  Cetearyl Alcohol, Cocamidopropyl Betaine, Butylene Glycol, PPG2 Hydroxyethyl Cocamide, Urea, Yeast Amino Acids, Trehalose, Inositol, Taurine, Betaine, Cinnamomum Zeylanicum Bark Extract, Sarcosine, Capryloyl Glycine, Sodium Hyaluronate, Borago Officinalis Seed Oil, Helianthus Annuus Seed Oil, Punica Granatum Extract, Sodium Lauroamphoacetate, Sodium Trideceth Sulfate, PEG100 Stearate, Glyceryl Stearate, Tocopheryl Acetate, Ceteareth20, PEG32, Carbomer, Disodium EDTA, Aminomethyl Propanol, Phenoxyethanol, Caprylyl Glycol, Chlorphenesin, Fragrance, Red 40",209,17510,3.5,0.0,https://www.sephora.com/product/pore-reform-skin-smoothing-polish-P387259?icid2=products%20grid:p387259,3.5,10.285714285714286
Perfect Canvas Clean Jelly Oil Cleanser,REN Clean Skincare,cleanser,32.0,"Vitis Vinifera Seed Oil, Glycerin, Caprylic, Aqua, Sucrose Laurate, Limnanthes Alba Seed Oil, Parfum, Helianthus Annuus Seed Oil Unsaponifiables, Sucrose Stearate, Sucrose Palmitate, Limonene, Linalool",41,1478,3.3,0.0,https://www.sephora.com/product/ren-perfect-canvas-clean-jelly-oil-cleanser-P454095?icid2=products%20grid:p454095,3.3,9.696969696969695
Bi-Facil Face Bi-Phased Micellar Water Face Makeup Remover & Cleanser,Lancôme,cleanser,40.0,"Cyclopentasiloxane, Isohexadecane, Decyl Glucoside, Sodium Chloride, Polyaminopropyl Biguanide, Dipotassium Phosphate, Geraniol, Disodium EDTA, Potassium Phosphate, Citronellol, Hexylene Glycol, Fragrance",20,2393,0.0,6.7,https://www.sephora.com/product/bi-facil-face-bi-phased-micellar-water-face-makeup-remover-cleanser-P422432?icid2=products%20grid:p422432,6.7,5.970149253731343
Future Solution LX Extra Rich Cleansing Foam,Shiseido,cleanser,62.0,"Myristic Acid, Glycerin, Stearic Acid, Potassium Hydroxide, Sorbitol, Dipropylene Glycol, Lauric Acid, Peg20 Glyceryl Isostearate, Peg6, Peg32, Sodium Methyl Cocoyl Taurate, Glyceryl Stearate Se, Glycol Distearate, Polyquaternium7, Fragrance, Trisodium Edta, Sodium Methyltaurate, Butylene Glycol, Linalool, Citronellol, Geraniol, Butylphenyl Methylpropional, Sodium Metabisulfite, Prunus Speciosa Leaf Extract, Iron Oxides, Iron Oxides",5,2067,4.7,0.0,https://www.sephora.com/product/future-solution-lx-extra-rich-cleansing-foam-P423164?icid2=products%20grid:p423164,4.7,13.191489361702127
PlantGenius® Creamy Bubbling Cleanser with Fruit Enzymes & AHAs,alpyn beauty,cleanser,36.0,Certified Organic,36,1191,4.0,0.0,https://www.sephora.com/product/alpyn-beauty-plantgenius-creamy-bubbling-cleanser-with-fruit-enzymes-ahas-P455614?icid2=products%20grid:p455614,4.0,9.0
Buffering Lotion,Mario Badescu,cleanser,19.0,"Isopropyl Alcohol, Propylene Glycol, Zinc Oxide, Hydrolyzed Yeast Protein, Glycerin, Niacinamide, Panthenol, Allantoin, Biotin, Isopropyl Myristate, Stearalkonium Hectorite, Pyridoxine HCl, Propylene Carbonate",19,2629,1.0,0.0,https://www.sephora.com/product/mario-badescu-buffering-lotion-P440496?icid2=products%20grid:p440496,1.0,19.0
Coconut Rose Toner,Kopari,cleanser,25.0,"Isopropyl Alcohol, Propylene Glycol, Zinc Oxide, Hydrolyzed Yeast Protein, Glycerin, Niacinamide, Panthenol, Allantoin, Biotin, Isopropyl Myristate, Stearalkonium Hectorite, Pyridoxine HCl, Propylene Carbonate",148,18321,5.1,0.0,https://www.sephora.com/product/coconut-rose-toner-P416144?icid2=products%20grid:p416144,5.1,4.901960784313727
Dermaclear™ Micro Foam,Dr. Jart+,cleanser,22.0,"Melaleuca Alternifolia Leaf Oil, Mentha Piperita Oil, Menthol, Mentha Piperita Leaf Extract, Rosmarinus Officinalis Leaf Extract, Cymbopogon Schoenanthus Extract, Humulus Lupulus Extract, Urtica Dioica Leaf Extract, Tocopheryl Acetate, Glycerin, Amodimethicone, Isoceteth20, Distearyldimonium Chloride, Cetrimonium Chloride, Trideceth10, Disodium EDTA, Citric Acid, Phenoxyethanol, Chlorphenesin",20,1994,4.05,0.0,https://www.sephora.com/product/dermaclear-micro-foam-P444220?icid2=products%20grid:p444220,4.05,5.432098765432099
The Method: Polish Blemish Control,LANCER Skincare,cleanser,75.0,"Sodium C1416 Olefin Sulfonate, Acrylates Copolymer, Glycerin, Cocamidopropyl Betaine, Mannitol, Jojoba beads, Syringa Vulgaris Leaf Cell Culture Extract, Mentha Piperita Oil, Melaleuca Alternifolia Leaf Oil, Hydroxypropyl Methylcellulose, Sodium PCA, Cellulose, Salicylic Acid, Disodium Cocoamphodiacetate, Panthenol, Niacinamide, Dextrin, Maltodextrin, Amylopectin, Disodium EDTA, Sodium Hydroxide, Polydextrose, Caprylyl Glycol, Phenoxyethanol, Chlorphenesin, Methylisothiazolinone, Methylchloroisothiazolinone, Fragrance, Limonene, Iron Oxides",30,5829,4.2,0.0,https://www.sephora.com/product/the-method-polish-blemish-control-P399739?icid2=products%20grid:p399739,4.2,17.857142857142858
Oil Control Blotting Paper,Shiseido,cleanser,20.0,"Kaolin, Zinc Oxide, Polysorbate 80, Cellulose Gum, Trisodium Edta, Sodium Dehydroacetate, Fragrance, Iron Oxides, Butylene Glycol, Citronellol, Linalool, Limonene, Cinnamyl Alcohol, Rosmarinus Officinalis Leaf Extract",22,2304,0.0,0.0,https://www.sephora.com/product/oil-control-blotting-paper-P428422?icid2=products%20grid:p428422,4.92609452736319,4.060011412469885
Matcha Cleanser,MILK MAKEUP,cleanser,28.0,"Kaolin, Zinc Oxide, Polysorbate 80, Cellulose Gum, Trisodium Edta, Sodium Dehydroacetate, Fragrance, Iron Oxides, Butylene Glycol, Citronellol, Linalool, Limonene, Cinnamyl Alcohol, Rosmarinus Officinalis Leaf Extract",173,17141,1.0,0.0,https://www.sephora.com/product/matcha-cleanser-P419519?icid2=products%20grid:p419519,1.0,28.0
Ultra Facial Oil-Free Toner,Kiehl's Since 1851,cleanser,17.0,"WaterGlycerin, Propanediol, Phenoxyethanol, Propylene Glycol, Potassium Sorbate, Acrylates, Triethanolamine, Citric Acid, Imperata Cylindrica Root Extract, Pseudoalteromonas Ferment Extract, Sodium Hyaluronate, Cucumber Fruit Extract, Caprylyl Glycol, Carbomer",27,4266,8.4,0.0,https://www.sephora.com/product/ultra-facial-oil-free-toner-P422010?icid2=products%20grid:p422010,8.4,2.023809523809524
Cleansing Foam,Omorovicza,cleanser,80.0,"Hungarian Thermal Glycerin, Sodium Cocoyl Isethionate, Sorbitol, Disodium Lauryl Sulfosuccinate, Sodium Chloride, Phenoxyethanol, Saccharomyces Ferment Extract, Limonene, Xanthan Gum, Fragrance, Copper Gluconate, Linalool, Ethylhexylglycerin, Disodium Edta, Pyrus Malus Fruit Extract, Phospholipids, Chlorella Vulgaris, Pectin",56,4277,5.0,0.0,https://www.sephora.com/product/cleansing-foam-P309216?icid2=products%20grid:p309216,5.0,16.0
GENIUS Ultimate Anti-Aging Melting Cleanser,Algenist,cleanser,38.0,"C1215 Alkyl Benzoate, Ethylhexyl Palmitate, Caprylic, Glycerin, Water, Sucrose Laurate, Olea Europaea Fruit Oil, Persea Gratissima Oil, Chlorella Protothecoides Oil, Algae Exopolysaccharides, Prunus Amygdalus Dulcis Oil, Vaccinium Myrtillus Seed Oil, Retinyl Palmitate, Tocopheryl Acetate, Caprylyl Glycol, Chlorphenesin, Phenoxyethanol, Fragrance, Benzyl Benzoate, Chromium Oxide Greens",295,6760,5.0,0.0,https://www.sephora.com/product/genius-ultimate-anti-aging-melting-cleanser-P388200?icid2=products%20grid:p388200,5.0,7.6
Umbrian Clay Purifying Facial Toner,Fresh,cleanser,38.0,"C1215 Alkyl Benzoate, Ethylhexyl Palmitate, Caprylic, Glycerin, Water, Sucrose Laurate, Olea Europaea Fruit Oil, Persea Gratissima Oil, Chlorella Protothecoides Oil, Algae Exopolysaccharides, Prunus Amygdalus Dulcis Oil, Vaccinium Myrtillus Seed Oil, Retinyl Palmitate, Tocopheryl Acetate, Caprylyl Glycol, Chlorphenesin, Phenoxyethanol, Fragrance, Benzyl Benzoate, Chromium Oxide Greens",144,8027,6.7,0.0,https://www.sephora.com/product/umbrian-clay-purifying-facial-toner-P408643?icid2=products%20grid:p408643,6.7,5.6716417910447765
Instant Long-Wear Makeup Remover,Bobbi Brown,cleanser,32.0,"Isohexadecane, Dimethicone, Cyclopentasiloxane, Trisiloxane, Sodium Chloride, Hexylene Glycol, Peg4 Dilaurate, Lauryl Methyl Gluceth10 Hydroxypropyldimonium Chloride, Potassium Phosphate, Dipotassium Phosphate, Dipotassium Edta, Phenoxyethanol",149,7257,0.0,3.4,https://www.sephora.com/product/instant-long-wear-makeup-remover-P270562?icid2=products%20grid:p270562,3.4,9.411764705882351
Balancing Toner,Dr. Barbara Sturm,cleanser,75.0,"Water, Lactobacillus, Hexylene Glycol, Capryloyl Glycine, Panthenol, Phenoxyethanol, Xylitylglucoside, Sodium Hyaluronate, Ethylhexylglycerin, Magnesium Carboxymethyl BetaGlucan, Biosaccharide Gum1, Leuconostoc, Citric Acid, Pantolactone, Glutathione",5,716,5.07,0.0,https://www.sephora.com/product/dr-barbara-sturm-balancing-toner-P448715?icid2=products%20grid:p448715,5.07,14.792899408284025
Gentle Oil-Free Eye Makeup Remover,NARS,cleanser,25.0,"Methyl Trimethicone, Isopropyl Isostearate, Butylene Glycol, Glycerin, Propanediol, Sodium Chloride, Phenoxyethanol, Hexylene Glycol, Poloxamer 123, Ethylhexylglycerin, Peg32, Benzophenone5, Peg6, Trisodium Edta, Cucumis Sativus, Sodium Hyaluronate, Ci 42090, Ci 19140",93,8252,3.3,0.0,https://www.sephora.com/product/gentle-oil-free-eye-makeup-remover-P301779?icid2=products%20grid:p301779,3.3,7.575757575757576
Lifesaver Skin Brightening Toner,Dr Roebuck's,cleanser,28.0,"Methyl Trimethicone, Isopropyl Isostearate, Butylene Glycol, Glycerin, Propanediol, Sodium Chloride, Phenoxyethanol, Hexylene Glycol, Poloxamer 123, Ethylhexylglycerin, Peg32, Benzophenone5, Peg6, Trisodium Edta, Cucumis Sativus, Sodium Hyaluronate, Ci 42090, Ci 19140",16,3426,3.38,0.0,https://www.sephora.com/product/lifesaver-skin-brightening-toner-P430828?icid2=products%20grid:p430828,3.38,8.284023668639053
Exfoliating Wipes - Bamboo - Matifying,SEPHORA COLLECTION,cleanser,8.0,"Methyl Trimethicone, Isopropyl Isostearate, Butylene Glycol, Glycerin, Propanediol, Sodium Chloride, Phenoxyethanol, Hexylene Glycol, Poloxamer 123, Ethylhexylglycerin, Peg32, Benzophenone5, Peg6, Trisodium Edta, Cucumis Sativus, Sodium Hyaluronate, Ci 42090, Ci 19140",6,0,0.0,0.0,https://www.sephora.com/product/exfoliating-wipes-bamboo-matifying-P445450?icid2=products%20grid:p445450,4.92609452736319,1.6240045649879542
Revitalizing Toner,Proactiv,cleanser,25.0,"Glycolic Acid, Sodium Hydroxide, Polysorbate 20, Hamamelis Virginiana Extract, Anthemis Nobilis Flower Extract, Rosa Canina Fruit Extract, Aloe Barbadensis Leaf Juice, Sodium PCA, Panthenol, Glycerin, Propylene Glycol, Allantoin, Hydroxyethylcellulose, Benzophenone4, Tetrasodium EDTA, Imidazolidinyl Urea, Methylparaben, Propylparaben, Fragrance, Blue 1, Yellow 5",48,610,4.0,0.0,https://www.sephora.com/product/revitalizing-toner-P440060?icid2=products%20grid:p440060,4.0,6.25
Clearly Corrective™ Brightening & Exfoliating Daily Cleanser,Kiehl's Since 1851,cleanser,30.0,"Glycolic Acid, Sodium Hydroxide, Polysorbate 20, Hamamelis Virginiana Extract, Anthemis Nobilis Flower Extract, Rosa Canina Fruit Extract, Aloe Barbadensis Leaf Juice, Sodium PCA, Panthenol, Glycerin, Propylene Glycol, Allantoin, Hydroxyethylcellulose, Benzophenone4, Tetrasodium EDTA, Imidazolidinyl Urea, Methylparaben, Propylparaben, Fragrance, Blue 1, Yellow 5",22,2924,5.0,0.0,https://www.sephora.com/product/clearly-corrective-brightening-exfoliating-daily-cleanser-P429521?icid2=products%20grid:p429521,5.0,6.0
Deep Cleansing Face Wash,Proactiv,cleanser,30.0,"Cocamidopropyl Betaine, Distearyl Phthalic Acid Amide, Polyethylene, Cetyl Alcohol, Stearyl Alcohol, Jojoba Esters, Ammonium Laureth Sulfate, Camellia Sinensis Leaf Extract, Aloe Barbadensis Leaf Juice, Menthol, Butylene Glycol, PEG120 Methyl Glucose Dioleate, Sodium Hydroxide, Disodium EDTA, Phenoxyethanol, Methylparaben, Ethylparaben, Butylparaben, Propylparaben, Isobutylparaben, Fragrance, Chromium Hydroxide Green",214,1046,6.0,0.0,https://www.sephora.com/product/deep-cleansing-face-wash-P440069?icid2=products%20grid:p440069,6.0,5.0
Chamomile Micellar Cleansing Water,Primera,cleanser,32.0,"Propanediol, Polyglyceryl6 Caprylate, Polyglyceryl10 Laurate, 12Hexanediol, Ethylhexylglycerin, Hamamelis Virginiana Leaf Anthemis Nobilis Flower Extract, Citric Acid, Tocopherol, Sodium Benzoate, Potassium Sorbate",4,1477,10.0,0.0,https://www.sephora.com/product/primera-chamomile-micellar-cleansing-water-P447180?icid2=products%20grid:p447180,10.0,3.2
Essential-C Toner,Murad,cleanser,34.0,Orange Fruit Extract: Refreshes the skin,259,11897,6.0,0.0,https://www.sephora.com/product/essential-c-toner-P9939?icid2=products%20grid:p9939,6.0,5.666666666666668
Cucumber Herbal Alcohol-Free Toner,Kiehl's Since 1851,cleanser,18.0,"Aqua, Phenoxyethanol, Propylene Glycol, Sodium PCA, Methylparaben, Allantoin, Cucumis Sativus Fruit Extract, Aloe Barbadensis, Camphor, Chamomilla Recutita Extract, Urtica Dioica, Equisetum Arvense Extract, Betula Alba Extract, CI 19140, CI 14700, CI 42090",49,6267,8.4,0.0,https://www.sephora.com/product/cucumber-herbal-alcohol-free-toner-P422250?icid2=products%20grid:p422250,8.4,2.142857142857143
Gentle Foaming Cleanser-Combination or Oily Skin ,Clarins,cleanser,26.0,Tamarind : Refines skin texture in oily zones,39,3296,4.4,0.0,https://www.sephora.com/product/gentle-foaming-cleanser-combination-or-oily-skin-P381415?icid2=products%20grid:p381415,4.4,5.909090909090907
Facial Soap with Dish,CLINIQUE,cleanser,15.5,"Sodium Palmate, Petrolatum, Glycerin, Sodium Chloride, Trisodium Hedta, Titanium Dioxide, Iron Oxides, Yellow 5",375,5199,5.2,0.0,https://www.sephora.com/product/facial-soap-with-dish-P122646?icid2=products%20grid:p122646,5.2,2.9807692307692313
Blue Moon Tranquility Cleansing Balm,SUNDAY RILEY,cleanser,50.0,"Caprylic, Sucrose Laurate, Jojoba Esters, Acacia Decurrens Flower Wax, Glycerin, Helianthus Annuus Seed Wax, Polyglycerin3, Glyceryl behenate, C1018 Triglycerides, Theobroma Cacao Seed Butter, PEG8 beeswax, Cetyl Alcohol, Ceteth20, Steareth20, Polyglyceryl6, Polyglyceryl3 Beeswaxl, Squalene, Tangerine Oil, Citrus sinensis Oil, Tanacetum annuum Leaf Oil, Matricaria recutita Essential Oil, Vanilla planifolia fruit extract, Ylang ylang Flower Oil, Citrus aurantium var Amara Flower Oil, Anthemis nobilis Flower Oil, Phenoxyethanol, Moringa Oil, Chlorphenesin, Caprylyl Glycol",257,13954,3.5,0.0,https://www.sephora.com/product/blue-moon-tranquility-cleansing-balm-P402014?icid2=products%20grid:p402014,3.5,14.285714285714285
Deep Cleansing Wash,Proactiv,cleanser,35.0,"Cocamidopropyl Betaine, Distearyl Phthalic Acid Amide, Paraffin, Stearyl Alcohol, Cetyl Alcohol, Jojoba Esters, Sodium Chloride, Sodium Methyl Cocoyl Taurate, Aloe Barbadensis Leaf Juice, Camellia Sinensis Leaf Extract, Coconut Acid, Menthol, Peg120 Methyl Glucose Dioleate, Caprylyl Glycol, Hexylene Glycol, Ethylhexylglycerin, Ascorbic Acid, Citric Acid, Butylene Glycol, Disodium Edta, Isopropyl Alcohol, Sodium Hydroxide, Phenoxyethanol, Sodium Benzoate, Sodium Sulfite, Potassium Sorbate, Fragrance, Chromium Hydroxide Green",9,905,9.0,0.0,https://www.sephora.com/product/deep-cleansing-wash-P440068?icid2=products%20grid:p440068,9.0,3.888888888888889
BUBBLESHEET™ Oxygenating Deep Cleanse Mask,GLAMGLOW,cleanser,9.0,"Glycerin, Methyl Perfluorobutyl Ether, Acrylates Copolymer, Cocamidopropyl Betaine, Disodium Cocoamphodiacetate, Lauryl Glucoside, Retinyl Palmitate, Allantoin, Arginine, Camellia Sinensis Leaf Extract, Helianthus Annuus Seed Oil, Ascorbyl Glucoside, Ethylhexylglycerin, Ceramide Np, Sodium Pca, Sodium Chloride, Saccharide Isomerate, Polyquaternium10, Potassium Cocoyl Glycinate, Potassium Cocoate, Hexylene Glycol, Butylene Glycol, Citric Acid, Hydroxyethyl Urea, Citrus Limon Peel Oil, Limonene, Citral, Sodium Citrate, Disodium Edta, Phenoxyethanol",490,36952,0.0,0.0,https://www.sephora.com/product/bubblesheet-oxygenating-deep-cleanse-mask-P421766?icid2=products%20grid:p421766,4.92609452736319,1.8270051356114485
Botanical Exfoliating Scrub,Mario Badescu,cleanser,26.0,"Phytelephas Aequatorialis Seed Powder, Propylene Glycol, Carbomer, Sodium Laureth Sulfate, Triethanolamine, Camellia Sinensis Leaf Extract, Cocos Nucifera Fruit Extract, Ginkgo Biloba Leaf Extract, Zingiber Officinale Root Extract, Aloe Barbadensis Leaf Juice, Caprylyl Glycol, Hexylene Glycol, Phenoxyethanol, Fragrance",20,3738,3.4,0.0,https://www.sephora.com/product/mario-badescu-botanical-exfoliating-scrub-P440491?icid2=products%20grid:p440491,3.4,7.647058823529411
Glycolic Foaming Cleanser,Mario Badescu,cleanser,16.0,"Sodium Lauryl Sulfate, Cocamidopropyl Betaine, Cocamide MEA, Glycolic Acid, Salvia Officinalis Leaf Extract, Hypericum Perforatum Extract, Chamomilla Recutita Flower Extract, Althaea Officinalis Leaf, Achillea Millefolium Extract, Sodium Chloride, Fragrance, Propylene Glycol, Methylparaben, Propylparaben, Diazolidinyl Urea",28,4895,6.0,0.0,https://www.sephora.com/product/mario-badescu-glycolic-foaming-cleanser-P440489?icid2=products%20grid:p440489,6.0,2.6666666666666665
Rose Floral Toner Mini,Fresh,cleanser,15.0,"Glycerin, Pentylene Glycol, Rosa Damascena Flower Anthemis NobilisFlower Oil, Sodium Citrate, CitricAcid, Citronellol, Geraniol, PhenoXyethano",9,0,0.0,2.0,https://www.sephora.com/product/rose-floral-toner-mini-P435387?icid2=products%20grid:p435387,2.0,7.5
Teatreement™ Cleansing Foam,Dr. Jart+,cleanser,28.0,"Melaleuca Alternifolia Leaf Extract, Disodium Laureth Sulfosuccinate, Sodium Cocoyl Glutamate, Methylpropanediol, 12Hexanediol, Acrylates, Salicylic Acid, Melaleuca Alternifolia Lead Oil, Centella Asiatica Extract, Ficus Carica Fruit Extract, Polyglyceryl10 Laurate, Anthemis Nobilis Flower Extract, Camellia Sinensis Leaf Extract, Glycyrrhiza Glabra Rhizome, Amaranthus Caudatus Seed Extract, Ulmus Davidiana Root Extract, Hamamelis Virginiana Extract, Undaria Pinnatifida Extract, Gloiopeltis Furcata Extract, Aloe Barbadensis Leaf Extract, Cinnamomum Zeylanicum Bark Extract, Pinus Pinaster Bark Extract, Butylene Glycol, Disodium EDTA, Hydrogenated Lecithin, Ceramide NP, Allantoin, Niacinamide, Silica, Capryloyl Glycine, Hexylene Glycol, Camphor, Sarcosine, 4Terpineol, Methyl Methacrylate Crosspolymer",415,1937,4.05,0.0,https://www.sephora.com/product/dr-jart-teatreement-cleansing-foam-P454086?icid2=products%20grid:p454086,4.05,6.913580246913581
Hydro-Dynamic® Quenching Essence,Murad,cleanser,78.0,"Glycerin, Glycolic Acid, Yeast Extract, Phenoxyethanol, Ethylhexylglycerin Glycerin, Citrullus Lanatus Fruit Extract, Pyrus Malus Fruit Extract, Lens Esculenta Fruit Extract, Sodium PCA, Sodium Lactate Urea, Yeast Amino Acids, Trehalose, Inositol, Taurine, Betaine Tocopheryl Acetate Ascorbic Acid, Chitosan, Zinc GluconateGlycerin, Glycolic Acid, Yeast Extract, Phenoxyethanol, EthylhexylglycerinGlycerin, Citrullus Lanatus Fruit Extract, Pyrus Malus Fruit Extract, Lens Esculenta Fruit Extract, Sodium PCA, Sodium LactateUrea, Yeast Amino Acids, Trehalose, Inositol, Taurine, Betaine Tocopheryl Acetate Ascorbic Acid, Chitosan, Zinc Gluconate",102,4555,1.0,0.0,https://www.sephora.com/product/hydro-dynamic-quenching-essence-P403747?icid2=products%20grid:p403747,1.0,78.0
Clarimatte™ T-Zone Control Cleansing Gel,REN Clean Skincare,cleanser,32.0,Flavonoids from Mayblossom: Decongest the skin,286,5322,5.1,0.0,https://www.sephora.com/product/clarimatte-balancing-cleansing-gel-P174621?icid2=products%20grid:p174621,5.1,6.2745098039215685
TROPICALCLEANSE™ Daily Exfoliating Cleanser,GLAMGLOW,cleanser,34.0,Flavonoids from Mayblossom: Decongest the skin,107,5935,5.0,0.0,https://www.sephora.com/product/tropicalcleanse-daily-exfoliating-cleaner-P435803?icid2=products%20grid:p435803,5.0,6.8
Invisimatte Blotting Paper,FENTY BEAUTY by Rihanna,cleanser,16.0,Flavonoids from Mayblossom: Decongest the skin,154,30871,0.0,0.0,https://www.sephora.com/product/invisimatte-blotting-paper-P58978876?icid2=products%20grid:p58978876,4.92609452736319,3.2480091299759084
Gentle Daily Wash,Kate Somerville,cleanser,36.0,Flavonoids from Mayblossom: Decongest the skin,206,5093,4.0,0.0,https://www.sephora.com/product/gentle-daily-wash-P232902?icid2=products%20grid:p232902,4.0,9.0
The Method: Cleanse Blemish Control,LANCER Skincare,cleanser,55.0,"Sodium C1416 Olefin Sulfonate, Acrylates Copolymer, Glycerin, Cocamidopropyl Betaine, Mannitol, Jojoba beads, Syringa Vulgaris Leaf Cell Culture Extract, Mentha Piperita Oil, Melaleuca Alternifolia Leaf Oil, Hydroxypropyl Methylcellulose, Sodium PCA, Cellulose, Salicylic Acid, Disodium Cocoamphodiacetate, Panthenol, Niacinamide, Dextrin, Maltodextrin, Amylopectin, Disodium EDTA, Sodium Hydroxide, Polydextrose, Caprylyl Glycol, Phenoxyethanol, Chlorphenesin, Methylisothiazolinone, Methylchloroisothiazolinone, Fragrance, Limonene, Iron Oxides",13,4029,4.05,0.0,https://www.sephora.com/product/the-method-cleanse-blemish-control-P399742?icid2=products%20grid:p399742,4.05,13.580246913580249
Enzyme Cleansing Gel,Mario Badescu,cleanser,14.0,"Sodium C1416 Olefin Sulfonate, Acrylates Copolymer, Glycerin, Cocamidopropyl Betaine, Mannitol, Jojoba beads, Syringa Vulgaris Leaf Cell Culture Extract, Mentha Piperita Oil, Melaleuca Alternifolia Leaf Oil, Hydroxypropyl Methylcellulose, Sodium PCA, Cellulose, Salicylic Acid, Disodium Cocoamphodiacetate, Panthenol, Niacinamide, Dextrin, Maltodextrin, Amylopectin, Disodium EDTA, Sodium Hydroxide, Polydextrose, Caprylyl Glycol, Phenoxyethanol, Chlorphenesin, Methylisothiazolinone, Methylchloroisothiazolinone, Fragrance, Limonene, Iron Oxides",37,3596,8.0,0.0,https://www.sephora.com/product/mario-badescu-enzyme-cleansing-gel-P440485?icid2=products%20grid:p440485,8.0,1.75
Soft Clean Moisture Rich Foaming Cleanser,Estée Lauder,cleanser,24.0,"Sodium C1416 Olefin Sulfonate, Acrylates Copolymer, Glycerin, Cocamidopropyl Betaine, Mannitol, Jojoba beads, Syringa Vulgaris Leaf Cell Culture Extract, Mentha Piperita Oil, Melaleuca Alternifolia Leaf Oil, Hydroxypropyl Methylcellulose, Sodium PCA, Cellulose, Salicylic Acid, Disodium Cocoamphodiacetate, Panthenol, Niacinamide, Dextrin, Maltodextrin, Amylopectin, Disodium EDTA, Sodium Hydroxide, Polydextrose, Caprylyl Glycol, Phenoxyethanol, Chlorphenesin, Methylisothiazolinone, Methylchloroisothiazolinone, Fragrance, Limonene, Iron Oxides",26,3099,4.2,0.0,https://www.sephora.com/product/soft-clean-moisture-rich-foaming-cleanser-P390302?icid2=products%20grid:p390302,4.2,5.7142857142857135
Clarifying Lotion 1.0 Twice A Day Exfoliator,CLINIQUE,cleanser,17.0,"Hamamelis Virginiana  Dipropylene Glycol, Biosaccharide Gum 1, Butylene Glycol, Acetyl Glucosamine, Glycerin, Sucrose, Salicylic Acid, Caffeine, Sodium Hyaluronate, Polysorbate 20, Trehalose, Capryloyl Glycine, Disodium Phosphate, Trisodium Edta, Benzoic Acid, Phenoxyethanol",35,1971,0.0,6.7,https://www.sephora.com/product/clarifying-lotion-1-0-twice-day-exfoliator-P409920?icid2=products%20grid:p409920,6.7,2.5373134328358207
The Famous Black Bar,Erno Laszlo,cleanser,38.0,"Sodium Palmate, Sodium Palm Kernelate, Silt, Charcoal Powder, Fragrance, Sodium Chloride, Glycerin, Tetrasodium EDTA, Tetrasodium Etidronate, Evernia Prunastri Extract, Benzyl Cinnamate, Benzyl Benzoate, Ci 77489, Ci 77289, Ci 77891",81,5244,3.4,0.0,https://www.sephora.com/product/sea-mud-deep-cleansing-bar-P392631?icid2=products%20grid:p392631,3.4,11.176470588235297
Mini Waterprooof Eye Makeup Remover,SEPHORA COLLECTION,cleanser,7.0,"Aqua, Isoamyl Laurate, Butylene Glycol, Caprylic, Centaurea Cyanu Flower Sodium Chloride, Simmondsia Chinensis Seed Oil, Poloxamer 184, Ricinus Communis Seed Oil, 12Hexanediol, Caprylyl Glycol, Panthenol, Citric Acidr, Sodium Phytate, Sodium Benzoate, Potassium Sorbate, CI 42090, CI 61570",18,1764,0.0,1.69,https://www.sephora.com/product/mini-waterprooof-eye-makeup-remover-P445723?icid2=products%20grid:p445723,1.69,4.142011834319527
Clean Biotic pH-balanced yogurt cleanser with chlorophyll,Dr. Brandt Skincare,cleanser,35.0,"Sodium Cocoyl Isethionate, C1215 Alkyl Benzoate, Sodium Lauroamphoacetate, Sodium Methyl Cocoyl Taurate, CocoGlucoside, Decyl Glucoside, Glycerin, Glycol Distearate, Acrylates, Methyl Glucose Caprate, Benzyl Alcohol, Sodium Hydroxide, Propanediol, Sodium Hyaluronate, Camellia Sinensis Leaf Extract, Methylisothiazolinone, Dehydroacetic Acid, Citric Acid, Lactococcus Ferment Lysate, Vitis Vinifera Seed Extract, Inulin, Yogurt Powder, Lactic Acid, Sodium Chloride, Sodium Benzoate, ChlorophyllinCopper Complex",73,2930,3.5,0.0,https://www.sephora.com/product/clean-biotic-ph-balanced-yogurt-cleanser-with-chlorophyll-P444225?icid2=products%20grid:p444225,3.5,10.0
All-In-One Cleanser With Toner,Dr. Dennis Gross Skincare,cleanser,32.0,"Cocamidopropyl Hydroxysultaine, Stearic Acid, Glycerin, Sodium Methyl Cocoyl Taurate, Sodium Lauroamphoacetate, Witch Hazel Jojoba Seed Oil, CocoGlucoside, Grape Seed Oil, Sodium Hyaluronate, Matricaria Oil, Matricaria Flower Extract, Euterpe Oleracea Fruit Extract, Oat Kernel Extract, Safflower Seed Oil, Camellia Oleifera Leaf Extract, Sodium Lauroyl Oat Amino Acids, Ascorbyl Palmitate, Tocopheryl Acetate, Retinyl Palmitate, Phospholipids, Laminaria Digitata Extract, Chlorella Pyrenoidosa Extract, Camellia Oleifera Seed Oil, Sunflower Seed Oil, Coconut Alcohol, Lauryl Glucoside, Caprylyl Glycol, Cetearyl Alcohol, Polyglyceryl2 Dipolyhydroxystearate, Polysorbate 60, Acrylates, Hexylene Glycol, Phenoxyethanol, Potassium Sorbate, ChlorophyllinCopper Complex",90,4788,6.0,0.0,https://www.sephora.com/product/all-in-one-cleanser-with-toner-P382292?icid2=products%20grid:p382292,6.0,5.333333333333333
Dermaclear™ Micro Water,Dr. Jart+,cleanser,32.0,"Glycerin, Polyglyceryl4 Caprate, 12Hexanediol, Sodium Citrate, Citrus Aurantium Bergamia Fruit Oil, Disodium EDTA, Citric Acid, Citrus Paradisi Peel Oil, Pelargonium Graveolens Flower Oil, Sea Salt, Cocos Nucifera  Salvia Officinalis Oil, Pogostemon Cablin Oil, Butylene Glycol, Aminobutyric Acid, Milk Lipids, Glutathione",26,1684,8.45,0.0,https://www.sephora.com/product/dermaclear-micro-water-P444219?icid2=products%20grid:p444219,8.45,3.7869822485207103
The Cleansing Micellar Water,La Mer,cleanser,95.0,"Declustered Water \Aqua\Eau DeStructuree, Declustered Water \Aqua\Eau DeStructuree, Propanediol, Polysorbate 20, BisPeg12 Dimethicone, Trehalose, Algae Extract, Sesamum Indicum Seed Oil, Medicago Sativa Seed Powder, Helianthus Annuus Seedcake, Prunus Amygdalus Dulcis Seed Meal, Eucalyptus Globulus Leaf Oil, Sodium Gluconate, Copper Gluconate, Calcium Gluconate, Magnesium Gluconate, Zinc Gluconate, Tocopheryl Succinate, Niacin, Sesamum Indicum Seed Powder, Sea Salt\Maris Sal\Sel Marin, Castanea Sativa Seed Extract, Macrocystis Pyrifera Extract, Laminaria Digitata Extract, Sucrose, Caffeine, Glycerin, Ethylhexylglycerin, Sodium Hyaluronate, Butylene Glycol, Citric Acid, Sodium Hydroxide, Fragrance, Disodium EdtaCopper, Phenoxyethanol, Benzyl Benzoate, Coumarin, Citronellol, Linalool, Limonene, Blue 1",29,4409,0.0,6.7,https://www.sephora.com/product/the-cleansing-micellar-water-P417114?icid2=products%20grid:p417114,6.7,14.17910447761194
Blotting Papers,SEPHORA COLLECTION,cleanser,8.0,"Declustered Water \Aqua\Eau DeStructuree, Declustered Water \Aqua\Eau DeStructuree, Propanediol, Polysorbate 20, BisPeg12 Dimethicone, Trehalose, Algae Extract, Sesamum Indicum Seed Oil, Medicago Sativa Seed Powder, Helianthus Annuus Seedcake, Prunus Amygdalus Dulcis Seed Meal, Eucalyptus Globulus Leaf Oil, Sodium Gluconate, Copper Gluconate, Calcium Gluconate, Magnesium Gluconate, Zinc Gluconate, Tocopheryl Succinate, Niacin, Sesamum Indicum Seed Powder, Sea Salt\Maris Sal\Sel Marin, Castanea Sativa Seed Extract, Macrocystis Pyrifera Extract, Laminaria Digitata Extract, Sucrose, Caffeine, Glycerin, Ethylhexylglycerin, Sodium Hyaluronate, Butylene Glycol, Citric Acid, Sodium Hydroxide, Fragrance, Disodium EdtaCopper, Phenoxyethanol, Benzyl Benzoate, Coumarin, Citronellol, Linalool, Limonene, Blue 1",647,22825,0.0,0.0,https://www.sephora.com/product/blotting-papers-P414705?icid2=products%20grid:p414705,4.92609452736319,1.6240045649879542
Green Tea Hydrating Cleansing Foam,innisfree,cleanser,10.0,"Water, Glycerin, Myristic Acid, Stearic Acid, Peg32, Potassium Hydroxide, Palmitic Acid, Lauric Acid, Lauryl Glucoside, Propanediol, Glyceryl Stearate, Peg100 Stearate, Fragrance, Polyquaternium7, 12Hexanediol, Disodium Edta, Sodium Benzoate, Ethylhexylglycerin, Camellia Sinensis Leaf Camellia Sinensis Leaf Extract, Butylene Glycol, Lactic Acid, Alcohol, Camellia Sinensis Root Extract, Phenoxyethanol",23,3296,5.07,0.0,https://www.sephora.com/product/green-tea-hydrating-cleansing-foam-P449843?icid2=products%20grid:p449843,5.07,1.9723865877712032
Dermatologist Solutions™ Centella Sensitive Facial Cleanser,Kiehl's Since 1851,cleanser,30.0,"Water, Glycerin, Myristic Acid, Stearic Acid, Peg32, Potassium Hydroxide, Palmitic Acid, Lauric Acid, Lauryl Glucoside, Propanediol, Glyceryl Stearate, Peg100 Stearate, Fragrance, Polyquaternium7, 12Hexanediol, Disodium Edta, Sodium Benzoate, Ethylhexylglycerin, Camellia Sinensis Leaf Camellia Sinensis Leaf Extract, Butylene Glycol, Lactic Acid, Alcohol, Camellia Sinensis Root Extract, Phenoxyethanol",11,2544,8.4,0.0,https://www.sephora.com/product/centella-sensitive-facial-cleanser-P436377?icid2=products%20grid:p436377,8.4,3.571428571428571
Prebiotic 4-in-1 MultiCleanser,Murad,cleanser,36.0,"Glycerin, Decyl Glucoside, C13C16 Isoparaffin, Hexylene Glycol, Propanediol, Hydroxyethyl Acrylate, Lactobacillus, AlphaGlucan Oligosaccharide, Polymnia Sonchifolia Root Juice, Xylitol, Xylitylglucoside, Anhydroxylitol, Sodium Hyaluronate, Sodium Surfactin, Squalane, Urea, Yeast Amino Acids, Trehalose, Inositol, Taurine, Betaine, Isohexadecane, Caprylhydroxamic Acid, Maltodextrin, 12Hexanediol, Polysorbate 80, Acrylamide, Citric Acid, Disodium EDTA",32,1511,5.0,0.0,https://www.sephora.com/product/prebiotic-4-in-1-multicleanser-P443556?icid2=products%20grid:p443556,5.0,7.2
Refreshing Cleansing Sheets,Shiseido,cleanser,20.0,"Butylene Glycol, Dipropylene Glycol, Peg, Ppg13Decyltetradeceth24, Phenoxyethanol, Methylparaben, Tetrahydroxypropyl Ethylenediamine, Betaine, Citric Acid, Sodium Citrate, Fragrance, Dimorpholinopyridazinone, Sodium Metaphosphate, Citronellol, Linalool, Limonene, Paeonia Albiflora Root Extract, Tocopherol, Hamamelis Virginiana Leaf Extract, Rosmarinus Officinalis Leaf Extract, Benzoic Acid",23,2255,0.0,0.0,https://www.sephora.com/product/refreshing-cleansing-sheets-P428423?icid2=products%20grid:p428423,4.92609452736319,4.060011412469885
Barrier+ Foaming Clay Cleanser,Skinfix,cleanser,28.0,"Water, CocoGlucoside, Kaolin, CocoBetaine, Coconut Alcohol, Hydrogenated Coconut Acid, Stearyl Alcohol, Maltooligosyl Glucoside, Propanediol, Titanium Dioxide, Betaine, Behenyl Alcohol, Simmondsia Chinensis Seed Oil, Aloe Barbadensis Leaf Juice Powder, Sodium Isethionate, Hydroxypropyl Methylcellulose, Sodium Chloride, Hydrogenated Starch Hydrolysate, 12Hexanediol, Montmorillonite, Caprylhydroxamic Acid, Trisodium Ethylenediamine Disuccinate, Xanthan Gum, Sodium Hydroxide",10,1586,5.0,0.0,https://www.sephora.com/product/barrier-foaming-clay-cleanser-P448562?icid2=products%20grid:p448562,5.0,5.6
GENIUS Ultimate Anti-Aging Foaming Cleanser,Algenist,cleanser,38.0,"Glycerin, Sodium Lauroyl Sarcosinate, Cocamidopropyl Betaine, Disodium Lauryl Sulfosuccinate, Propanediol, Algae Expolysaccharides, Chlorella Protothecoides Oil, Rubus Idaeus Leaf Extract, Ribes Nigrum Leaf Extract, Prunus Amygdalus Dulcis Oil, Sodium Lauroyl Lactylate, Sodium Cocoyl Glycinate, Sodium Cocoyl Glutamate, Serine, Valine, Isoleucine, Proline, Threonine, Histidine, Phenylalanine, Allantoin, Arginine, Aspartic Acid, PCA, Glycine, Alanine, Dipotassium Glycyrrhizate, Xanthan Gum, Sodium PCA, Sodium Lactate, Polysorbate 80, Sodium Chloride, Tetrasodium EDTA, Ethylhexylglycerin, Phenoxyethanol, Fragrance",26,2171,5.0,0.0,https://www.sephora.com/product/genius-ultimate-anti-aging-foaming-cleanser-P406544?icid2=products%20grid:p406544,5.0,7.6
pores no more® Pore Purifying Cleanser,Dr. Brandt Skincare,cleanser,36.0,"Disodium C1214 Pareth3 Sulfosuccinate, Cocamidopropyl Betaine, Sodium Lauryl Sulfoacetate, Phenoxyethanol, Sodium Sulfate, Sodium Chloride, Peg150 Pentaerythrityl Tetrastearate, Glycol Stearate, Hydroxypropyl Guar, Peg6 Caprylic, Laureth10, Ethylhexylglycerin, Rosmarinus Officinalis Leaf Oil, Citric Acid, Disodium Edta, Glycerin, Stearamide Amp, Melaleuca Alternifolia Leaf Oil, Linalyl Acetate, Salicylic Acid, Salix Alba Bark Extract, Geranium Maculatum Extract",14,1268,3.5,0.0,https://www.sephora.com/product/pores-no-more-pore-purifying-cleanser-P448710?icid2=products%20grid:p448710,3.5,10.285714285714286
Facial Scrub,Dr. Barbara Sturm,cleanser,70.0,"Water, Butyrospermum Parkii Butter, Octyldodecanol, Simmondsia Chinensis Seed Oil, Dicaprylyl Ether, Glyceryl Stearate Citrate, Prunus Amygdalus Dulcis Oil, Cellulose, Microcrystalline Cellulose, Sorbitol, Hydrogenated Vegetable Glycerides, Lactobacillus, Cetearyl Alcohol, Panthenol, Phenoxyethanol, Glycerin, Magnesium Aluminum Silicate, Olea Europaea Husk Powder, Xanthan Gum, Ethylhexylglycerin, Butylene Glycol, Retinyl Palmitate, Leuconostoc, Aesculus Hippocastanum Seed Extract, Lecithin, Ascorbyl Palmitate, Glyceryl Stearate, Pantolactone, Sericin, Glyceryl Oleate, Citric Acid, Potassium Sorbate, Tocopherol",4,613,3.4,0.0,https://www.sephora.com/product/dr-barbara-sturm-facial-scrub-P448556?icid2=products%20grid:p448556,3.4,20.58823529411765
City Block Purifying Charcoal Clay Mask + Scrub,CLINIQUE,cleanser,28.5,"Kaolin, Butylene Glycol, Silica, Magnesium Aluminum Silicate, Charcoal Powder, Glyceryl Stearate, Peg100 Stearate, Sodium Methyl Cocoyl Taurate, Gentiana Lutea Root Extract, Laminaria Saccharina Extract, Tocopheryl Acetate, Acetyl Glucosamine, Sucrose, Caprylyl Glycol, Xanthan Gum, Disodium Edta, Phenoxyethanol, Chlorphenesin, Iron Oxides, Titanium Dioxide",84,7298,3.4,0.0,https://www.sephora.com/product/city-block-purifying-charcoal-clay-mask-scrub-P409919?icid2=products%20grid:p409919,3.4,8.382352941176471
Vitamin Brightening Cleansing Water,LANEIGE,cleanser,24.0,"Propanediol, Polysorbate 20, Niacinamide, Panthenol, 3OEthyl Ascorbic Acid, Malpighia Emarginata Fruit Extract, Euterpe Oleracea Fruit Extract, Disodium EDTA, Sodium Magnesium Silicate, Sodium Citrate, Poloxamer 184, 12Hexanediol, Glutathione, Glycerin, Citric Acid, Ethylhexylglycerin, Hexylene Glycol, Fragrance",39,5953,10.1,0.0,https://www.sephora.com/product/vitamin-brightening-cleansing-water-P420673?icid2=products%20grid:p420673,10.1,2.376237623762376
Bergamot Herbal Extract Toner,belif,cleanser,28.0,"Monarda Didyma Leaf Extract 8%, Glycerin, Alcohol Denat, Butylene Glycol, Salvia Officinalis Leaf Extract, Corchorus Olitorius Leaf Extract, Betaine, 12Hexanediol, Methylpropanediol, Polyglutamic Acid, BetaGlucan, Glyceryl Acrlate, Propylene Glycol, Avena Sativa Kernel Extract, Calendula Officinalis Flower Extract, Nepeta Cataria Extract, Rubus Idaeus Leaf Extract, Baptisia Tinctoria Root Extract, Stellaria Media Extract, Portulaca Oleracea Extract, Panthenol, Sodium Hyaluronate, Biosaccharide Gum1, Glycereth26, BisPEG18 Methyl Ether Dimethyl Silane, PEG, Peg, PEG40 Hydrogenated Caster Oil, Hydroxypropyl Cyclodextrin, Octyldodeceth16, Acrylates, Phenyl Trimethicone, Tromethamine, Trisodium EDTA, Fragrance, Citronnellol, Limonene Napiers Original Formula Fragrances of Natural Origin",86,6597,6.75,0.0,https://www.sephora.com/product/bergamot-herbal-extract-toner-P394631?icid2=products%20grid:p394631,6.75,4.148148148148148
The Ultimate Makeup Remover Wipes,rms beauty,cleanser,16.0,Certified Cocos Nucifera Oil,74,3924,0.0,0.0,https://www.sephora.com/product/the-ultimate-makeup-remover-wipes-P408967?icid2=products%20grid:p408967,4.92609452736319,3.2480091299759084
Turmeric Brightening Polish,Volition Beauty,cleanser,38.0,Walnut Shell : Gently exfoliates,307,15624,4.0,0.0,https://www.sephora.com/product/turmeric-brightening-polish-P421953?icid2=products%20grid:p421953,4.0,9.5
Extra-Comfort Toning Lotion,Clarins,cleanser,26.0,Walnut Shell : Gently exfoliates,20,1301,6.8,0.0,https://www.sephora.com/product/extra-comfort-toning-lotion-P381412?icid2=products%20grid:p381412,6.8,3.8235294117647056
Pink Clay Gentle Soap Bar,Herbivore,cleanser,12.0,"Saponified Oils of Cocos nucifera Oil, Olea europaea Fruit Oil, Elaeis guineensis Oil, Tocopherol, Kaolinite, Kaolin, Pelargonium roseum asperum Essential Oil, Citrus sinensis Essential Oil",134,11714,4.0,0.0,https://www.sephora.com/product/pink-clay-gentle-cleanse-clay-soap-bar-P400199?icid2=products%20grid:p400199,4.0,3.0
Nutritious Super-Pomegranate Radiant Energy Lotion,Estée Lauder,cleanser,58.0,"Saponified Oils of Cocos nucifera Oil, Olea europaea Fruit Oil, Elaeis guineensis Oil, Tocopherol, Kaolinite, Kaolin, Pelargonium roseum asperum Essential Oil, Citrus sinensis Essential Oil",10,5237,0.0,0.0,https://www.sephora.com/product/nutritious-radiant-vitality-energy-lotion-P380017?icid2=products%20grid:p380017,4.92609452736319,11.774033096162666
Tonique Radiance Clarifying Refining Toner,Lancôme,cleanser,27.0,"Alcohol Denat, Glycerin, PAnisic Acid, PEG60 Hydrogenated Castor Oil, Nelumbo Nucifera Flower Extract, Limonene, Benzyl Salicylate, Benzyl Alcohol, Linalool, Rosa Gallica Extract, Butylphenyl Methylpropional, Cryptomeria Japonica Bud Extract, Fragrance",158,5568,0.0,6.8,https://www.sephora.com/product/tonique-radiance-clarifying-exfoliating-toner-P217931?icid2=products%20grid:p217931,6.8,3.9705882352941178
Foaming Sonic Facial Soap,CLINIQUE,cleanser,22.0,"Alcohol Denat, Glycerin, PAnisic Acid, PEG60 Hydrogenated Castor Oil, Nelumbo Nucifera Flower Extract, Limonene, Benzyl Salicylate, Benzyl Alcohol, Linalool, Rosa Gallica Extract, Butylphenyl Methylpropional, Cryptomeria Japonica Bud Extract, Fragrance",109,3307,0.0,5.0,https://www.sephora.com/product/foaming-sonic-facial-soap-P392472?icid2=products%20grid:p392472,5.0,4.4
Breakout Clearing All Over Toner,Dermalogica,cleanser,19.5,"Alcohol Denat, Glycerin, PAnisic Acid, PEG60 Hydrogenated Castor Oil, Nelumbo Nucifera Flower Extract, Limonene, Benzyl Salicylate, Benzyl Alcohol, Linalool, Rosa Gallica Extract, Butylphenyl Methylpropional, Cryptomeria Japonica Bud Extract, Fragrance",141,2758,4.0,0.0,https://www.sephora.com/product/breakout-clearing-all-over-toner-P443362?icid2=products%20grid:p443362,4.0,4.875
Modern Friction™ Cleansing Oil with Radiance-Boosting White & Purple Rice,Origins,cleanser,29.0,"Alcohol Denat, Glycerin, PAnisic Acid, PEG60 Hydrogenated Castor Oil, Nelumbo Nucifera Flower Extract, Limonene, Benzyl Salicylate, Benzyl Alcohol, Linalool, Rosa Gallica Extract, Butylphenyl Methylpropional, Cryptomeria Japonica Bud Extract, Fragrance",102,9530,5.0,0.0,https://www.sephora.com/product/modern-friction-tm-cleansing-oil-with-radiance-boosting-white-purple-rice-P418877?icid2=products%20grid:p418877,5.0,5.8
Water Drench Cleanser,Peter Thomas Roth,cleanser,30.0,"Sodium CocoylIsethionate, Glycerin, Glyceryl Stearate Se, Stearic Acid, Coconut Acid, Cetearyl Alcohol, Cocos Nucifera Oil, Sodium Caproyl Methyltaurate, Disodium Cocoamphodiacetate, Polyglyceryl10 Myristate, Sodium Methyl StearoylTaurate, Sodium Hyaluronate, Althaea Officinalis RootExtract, Sambucus Nigra Fruit Extract, Sodium Pca, GlycolDistearate, Sodium Chloride, Sodium Isethionate, XanthanGum, Propylene Glycol, Sodium Hydroxide, TetrasodiumEdta, Mica, Potassium Sorbate, Sodium Benzoate, Ethylhexylglycerin, Phenoxyethanol",137,4029,4.0,0.0,https://www.sephora.com/product/water-drench-cleanser-P423171?icid2=products%20grid:p423171,4.0,7.5
Aglow™ Cleansing Butter,lilah b.,cleanser,44.0,"Sodium CocoylIsethionate, Glycerin, Glyceryl Stearate Se, Stearic Acid, Coconut Acid, Cetearyl Alcohol, Cocos Nucifera Oil, Sodium Caproyl Methyltaurate, Disodium Cocoamphodiacetate, Polyglyceryl10 Myristate, Sodium Methyl StearoylTaurate, Sodium Hyaluronate, Althaea Officinalis RootExtract, Sambucus Nigra Fruit Extract, Sodium Pca, GlycolDistearate, Sodium Chloride, Sodium Isethionate, XanthanGum, Propylene Glycol, Sodium Hydroxide, TetrasodiumEdta, Mica, Potassium Sorbate, Sodium Benzoate, Ethylhexylglycerin, Phenoxyethanol",4,265,0.0,3.0,https://www.sephora.com/product/lilah-b-aglow-cleansing-butter-P454771?icid2=products%20grid:p454771,3.0,14.666666666666664
Purity Made Simple® Facial Cleansing Gel & Eye Makeup Remover,philosophy,cleanser,23.0,"Sodium Trideceth Sulfate, Disodium Lauroamphodiacetate, Acrylates Copolymer, Polysorbate 20, Sodium C14-16 Olefin Sulfonate, Glycerin, Cocamidopropyl Betaine, Isopropyl Alcohol, Sodium Sulfate, Limnanthes Alba Seed Oil, Aniba Rosaeodora Wood Oil, Pelargonium Graveolens Flower Oil, Bulnesia Sarmientoi Wood Oil, Cymbopogon Martini Oil, Rosa Centifolia Flower Oil, Amyris Balsamifera Bark Oil, Santalum Album Oil, Salvia Sclarea Oil, Ormenis Multicaulis Oil, Acacia Dealbata Flower, Daucus Carota Sativa Seed Oil, Piper Nigrum Fruit Oil, Disteareth-75 Ipdi, Glycereth-7 Caprylate, Potassium Chloride, Hydrogen Peroxide, Magnesium Nitrate, Magnesium Chloride, Sodium Benzotriazolyl Butylphenol Sulfonate, Buteth-3, Tributyl Citrate, Sodium Hydroxide, Sodium Chloride, Disodium Edta, Citric Acid, Linalool, Methylchloroisothiazolinone, Methylisothiazolinone",320,8396,7.5,0.0,https://www.sephora.com/product/purity-made-simple-facial-cleansing-gel-eye-makeup-remover-P303021?icid2=products%20grid:p303021,7.5,3.066666666666667
"EAU FRAÎCHE DOUCEUR Micellar Cleansing Water Face, Eyes, Lips",Lancôme,cleanser,40.0,"Hexylene Glycol, Glycerin, Poloxamer 184, Dihydrocholeth-30, Polyaminopropyl Biguanide, Benzyl Salicylate, Propylene Glycol, Fragrance, Disodium Cocoamphodiacetate, Disodium Edta, Rosa Gallica Extract",115,4319,0.0,6.7,https://www.sephora.com/product/eau-fraiche-douceur-micellar-cleansing-water-face-eyes-lips-P217935?icid2=products%20grid:p217935,6.7,5.970149253731343
Gentle Rejuvenating Cleanser,Algenist,cleanser,28.0,"Sodium Cocoyl Isethionate, Glyceryl Stearate SE, Stearic Acid, Cocamidopropyl Betaine, Cetyl Alcohol, Dimethicone PEG8 Meadowfoamate, Hamamelis Virginiana Water Water, Algae Exopolysaccharides, Tocopheryl Acetate, Sodium Lauroyl Oat Amino Acids, Camellia Sinensis Leaf Extract, Pyrus Malus Fruit Extract Fruit Extract, Citrus Medica Limonum Fruit Extract Fruit Extract, Citrus Aurantium Dulcis Fruit Extract Fruit Extract, Saccharum Officinarum Extract Extract, Arctostaphylos Uva Ursi Leaf Extract, Glycyrrhiza Glabra Root Extract Root Extract, Jojoba Alcohol, Potassium Jojobate, Glycerin, Lauryl Lactyl Lactate, Butylene Glycol, Benzoic Acid, Phenoxyethanol, Caprylyl Glycol, Hexylene Glycol, Sodium Chloride, Xanthan Gum, Ethylhexylglycerin",237,4701,4.0,0.0,https://www.sephora.com/product/gentle-rejuvenating-cleanser-P296413?icid2=products%20grid:p296413,4.0,7.0
Instant Eye And Lip Makeup Remover,Shiseido,cleanser,30.0,"Sodium Cocoyl Isethionate, Glyceryl Stearate SE, Stearic Acid, Cocamidopropyl Betaine, Cetyl Alcohol, Dimethicone PEG8 Meadowfoamate, Hamamelis Virginiana Water Water, Algae Exopolysaccharides, Tocopheryl Acetate, Sodium Lauroyl Oat Amino Acids, Camellia Sinensis Leaf Extract, Pyrus Malus Fruit Extract Fruit Extract, Citrus Medica Limonum Fruit Extract Fruit Extract, Citrus Aurantium Dulcis Fruit Extract Fruit Extract, Saccharum Officinarum Extract Extract, Arctostaphylos Uva Ursi Leaf Extract, Glycyrrhiza Glabra Root Extract Root Extract, Jojoba Alcohol, Potassium Jojobate, Glycerin, Lauryl Lactyl Lactate, Butylene Glycol, Benzoic Acid, Phenoxyethanol, Caprylyl Glycol, Hexylene Glycol, Sodium Chloride, Xanthan Gum, Ethylhexylglycerin",84,3748,4.2,0.0,https://www.sephora.com/product/instant-eye-lip-makeup-remover-P173629?icid2=products%20grid:p173629,4.2,7.142857142857142
Makeup-Removing Cleansing Cloths,Primera,cleanser,26.0,"Cyclopentasiloxane, Cyclohexasiloxane, Butylene Glycol, Cetyl Ethylhexanoate, Diethoxyethylsuccinate, Poloxamer 184, Octyldodecanol, Phenoxyethanol, Fragrance, Olea Europaea Fruit Oil, Ethylhexylglycerin, Melia Azadirachta Extract, Brassica Oleracea Italica Extract, Bht, Tocopherol, Phyllanthus Emblica Extract, Fragaria Vesca Leaf Extract, Helianthus Annuus Extract, Brassica Oleracea Gemmifera Extract, Borago Officinalis Extract, Maltodextrin, Aloe Barbadensisleaf Extract",8,729,0.0,0.0,https://www.sephora.com/product/primera-makeup-removing-cleansing-cloths-P447601?icid2=products%20grid:p447601,4.92609452736319,5.278014836210851
Meltdown Makeup Remover Dissolving Spray,Urban Decay,cleanser,26.0,"Cyclopentasiloxane, Caprylyl Methicone, Tocopheryl Acetate",124,9950,0.0,3.38,https://www.sephora.com/product/meltdown-makeup-remover-dissolving-spray-P418593?icid2=products%20grid:p418593,3.38,7.6923076923076925
Complete Cleansing Microfoam,Shiseido,cleanser,36.0,"Water, Glycerin, Sodium Laureth Sulfate, Cocamidopropyl Betaine, Peg8 Glyceryl Isostearate, Peg, Ethylhexylglycerin, Triethylhexanoin, Sodium Methyl Cocoyl Taurate, Butylene Glycol, Alcohol Denat, Sodium Citrate, Sodium Benzoate, Phenoxyethanol, Fragrance, Citric Acid, Disodium Edta, Bht, Linalool, Oryza Sativa Germ Oil, Alcohol, Tocopherol, Hamamelis Virginiana Leaf Extract, Betaine, Hydrolyzed Silk",0,248,6.0,0.0,https://www.sephora.com/product/shiseido-complete-cleansing-microfoam-P455421?icid2=products%20grid:p455421,6.0,6.0
Aburatorigami Japanese Blotting Papers,Tatcha,cleanser,12.0,"Abaca Leaf, Gold Flakes",289,25505,0.0,0.0,https://www.sephora.com/product/aburatorigami-japanese-blotting-papers-P382357?icid2=products%20grid:p382357,4.92609452736319,2.436006847481931
Fresh Calming Toner,LANEIGE,cleanser,27.0,"Propanediol, 12Hexanediol, Ppg13Decyltetradeceth24, Butylene Glycol, Sea Water, Ethylhexylglycerin, Disodium Edta, Litchi Chinensis Pericarp Extract, Tocopherol",51,8374,0.0,0.0,https://www.sephora.com/product/fresh-calming-toner-P436653?icid2=products%20grid:p436653,4.92609452736319,5.481015406834345
Gentle Cleansing Water,Sulwhasoo,cleanser,38.0,"Water, Butylene Glycol, Polyglyceryl6 Caprylate, Polyglyceryl10 Laurate, Glycereth26, 12Hexanediol, Polyglyceryl10 Diisostearate, Fragrance, Disodium Edta, Ethylhexylglycerin, Limonene, Linalool, Coix LacrymaJobi MaYuen Seed Extract, Citrus Unshiu Peel Extract, Castanea Crenata Shellextract, Potassium Hydroxide, Acetic Acid, Nelumbo Nucifera Flower Extract, Spirodela Polyrrhiza Extract, Tocopherol, Phyllostachis Bambusoides Juice",1,304,6.76,0.0,https://www.sephora.com/product/gentle-cleansing-water-P448919?icid2=products%20grid:p448919,6.76,5.621301775147929
Miel-En-Mousse Foaming Cleansing Makeup Remover with Acacia Honey,Lancôme,cleanser,40.0,"Glycerin, Sodium Laureth Sulfate, CocoBetaine, PEG7 Glyceryl Cocoate, Honey, CI 19140, Sodium Chloride, Sodium Benzoate, PEG55 Propylene Glycol Oleate, Polyquaternium7, Salicylic Acid, Nelumbo Nucifera Flower Extract, Limonene, Linalool, Propylene Glycol, Sorbitol, Rosa Gallica Flower Extract, Citric Acid, Prunus Amygdalus Dulcis Oil, Fragrance",99,2918,6.7,0.0,https://www.sephora.com/product/miel-en-mousse-foaming-cleansing-makeup-remover-with-acacia-honey-P422070?icid2=products%20grid:p422070,6.7,5.970149253731343
Glycolic Facial Cleanser,Anthony,cleanser,30.0,"Glycerin, Sodium Laureth Sulfate, CocoBetaine, PEG7 Glyceryl Cocoate, Honey, CI 19140, Sodium Chloride, Sodium Benzoate, PEG55 Propylene Glycol Oleate, Polyquaternium7, Salicylic Acid, Nelumbo Nucifera Flower Extract, Limonene, Linalool, Propylene Glycol, Sorbitol, Rosa Gallica Flower Extract, Citric Acid, Prunus Amygdalus Dulcis Oil, Fragrance",223,4414,0.0,8.0,https://www.sephora.com/product/glycolic-facial-cleanser-P9038?icid2=products%20grid:p9038,8.0,3.75
Kate's Mini Must Haves,Kate Somerville,cleanser,55.0,"Isopropyl Alcohol, Camphor, Magnesium Aluminum Silicate, Salicylic Acid, Iron Oxides, Zinc Oxide",5,4536,0.0,0.0,https://www.sephora.com/product/kate-s-mini-must-haves-P435810?icid2=products%20grid:p435810,4.92609452736319,11.165031384292183
Purity Made Simple Micellar Cleansing Water,philosophy,cleanser,22.0,"Poloxamer 184, Phenoxyethanol, Ppg1Peg9 Lauryl Glycol Ether, Sodium Pca, Disodium Lauroamphodiacetate, Sodium Trideceth Sulfate, Chlorphenesin, Tetrasodium EDTA, Hexylene Glycol, Citric Acid, Sodium Chloride, Panthenol, Isopropyl Alcohol, BHT, Pantolactone",16,1895,0.0,6.7,https://www.sephora.com/product/purity-made-simple-micellar-cleansing-water-P433146?icid2=products%20grid:p433146,6.7,3.2835820895522385
The Balance pH Balancing Gel Cleanser,BeautyBio,cleanser,35.0,"Disodium Laureth Sulfosuccinate, Glycerin, Sodium Cocoyl Isethionate, Xanthan Gum, Cocamidopropyl Betaine, Sodium Lauroamphoacetate, Sodium Methyl Cocoyl Taurate, Avena Sativa Kernel Extract, Bisabolol, Zingiber Officinale Root Extract, Phenoxyethanol, Caprylyl Glycol, Fragrance, Chlorphenesin, Citric Acid, Disodium Edta",32,4074,6.0,0.0,https://www.sephora.com/product/the-balance-ph-balancing-gel-cleanser-P438643?icid2=products%20grid:p438643,6.0,5.833333333333332
Ultra Facial Oil-Free Cleanser,Kiehl's Since 1851,cleanser,21.0,"Glycerin, Myristic Acid, Palmitic Acid, Stearic Acid, Potassium Hydroxide, Lauric Acid, Glyceryl Distearate, Glyceryl Stearate, Kaolin, Imperata Cylindrica Root Extract, Tetrasodium Edta, Lemon Fruit Extract, Peg14m, Pseudoalteromonas Ferment Extract, Methylisothiazolinone, Caprylyl Glycol, Carbomer, Acrylates",37,2199,5.0,0.0,https://www.sephora.com/product/ultra-facial-oil-free-cleanser-P422008?icid2=products%20grid:p422008,5.0,4.2
Hydra Life Lotion To Foam Fresh Cleanser,Dior,cleanser,43.0,"Glycerin, Myristic Acid, Palmitic Acid, Stearic Acid, Potassium Hydroxide, Lauric Acid, Glyceryl Distearate, Glyceryl Stearate, Kaolin, Imperata Cylindrica Root Extract, Tetrasodium Edta, Lemon Fruit Extract, Peg14m, Pseudoalteromonas Ferment Extract, Methylisothiazolinone, Caprylyl Glycol, Carbomer, Acrylates",17,1293,6.3,0.0,https://www.sephora.com/product/hydra-life-lotion-to-foam-fresh-cleanser-P417608?icid2=products%20grid:p417608,6.3,6.825396825396826
The Cleansing Oil,La Mer,cleanser,95.0,"Caprylic, Polysorbate 85, Isononyl Isononanoate, Squalane, C1215 Alkyl Benzoate, Declustered Water \Aqua\Eau DeStructuree, Sorbitan Trioleate, Algae Extract, Sesamum Indicum Seed Oil, Medicago Sativa Seed Powder, Helianthus Annuus Seedcake, Prunus Amygdalus Dulcis Seed Meal, Eucalyptus Globulus Leaf Oil, Sodium Gluconate, Copper Gluconate, Calcium Gluconate, Magnesium Gluconate, Zinc Gluconate, Tocopheryl Succinate, Niacin, Sesamum Indicum Seed Powder, Laminaria Digitata Extract, Crithmum Maritimum Extract, Chlorella Vulgaris Extract, Vitis Vinifera Seed Oil, Sea Salt\Maris Sal\Sel Marin, Pearl Powder, Plankton Extract, Tocopheryl Acetate, Tourmaline, Glycerin, Neopentyl Glycol Dicaprate, Silica, Isopropyl Palmitate, Quaternium90 Bentonite, Propylene Carbonate, Fragrance, Benzyl Salicylate, Linalool, Butylphenyl Methylpropional, Benzyl Benzoate, Limonene, AlphaIsomethyl Ionone, Mica, Green 6, Violet 2, Titanium Dioxide",25,2627,6.7,0.0,https://www.sephora.com/product/the-cleansing-oil-P424126?icid2=products%20grid:p424126,6.7,14.17910447761194
Matcha Cleanser Mini,MILK MAKEUP,cleanser,15.0,"Caprylic, Polysorbate 85, Isononyl Isononanoate, Squalane, C1215 Alkyl Benzoate, Declustered Water \Aqua\Eau DeStructuree, Sorbitan Trioleate, Algae Extract, Sesamum Indicum Seed Oil, Medicago Sativa Seed Powder, Helianthus Annuus Seedcake, Prunus Amygdalus Dulcis Seed Meal, Eucalyptus Globulus Leaf Oil, Sodium Gluconate, Copper Gluconate, Calcium Gluconate, Magnesium Gluconate, Zinc Gluconate, Tocopheryl Succinate, Niacin, Sesamum Indicum Seed Powder, Laminaria Digitata Extract, Crithmum Maritimum Extract, Chlorella Vulgaris Extract, Vitis Vinifera Seed Oil, Sea Salt\Maris Sal\Sel Marin, Pearl Powder, Plankton Extract, Tocopheryl Acetate, Tourmaline, Glycerin, Neopentyl Glycol Dicaprate, Silica, Isopropyl Palmitate, Quaternium90 Bentonite, Propylene Carbonate, Fragrance, Benzyl Salicylate, Linalool, Butylphenyl Methylpropional, Benzyl Benzoate, Limonene, AlphaIsomethyl Ionone, Mica, Green 6, Violet 2, Titanium Dioxide",4,855,0.0,0.0,https://www.sephora.com/product/milk-makeup-matcha-cleanser-mini-P452904?icid2=products%20grid:p452904,4.92609452736319,3.0450085593524143
Balancing Cleanser,Alpha-H,cleanser,44.0,"Ethylhexyl Palmitate, Aloe Barbadensis Leaf Extract, Sorbitan Stearate, Glyceryl Stearate, C1215 Alkyl Benzoate, Cetyl Alcohol, Lauryl Glucoside, Phenoxyethanol, Caprylyl Glycol, Tocopheryl Acetate, Citric Acid, Glycerin, Fragrance",10,392,6.25,0.0,https://www.sephora.com/product/balancing-cleanser-P442546?icid2=products%20grid:p442546,6.25,7.04
Radiance Foaming Milk Cleanser,Clarisonic Skincare,cleanser,19.0,"Ethylhexyl Palmitate, Aloe Barbadensis Leaf Extract, Sorbitan Stearate, Glyceryl Stearate, C1215 Alkyl Benzoate, Cetyl Alcohol, Lauryl Glucoside, Phenoxyethanol, Caprylyl Glycol, Tocopheryl Acetate, Citric Acid, Glycerin, Fragrance",19,1691,4.0,0.0,https://www.sephora.com/product/radiance-foaming-milk-cleanser-P427399?icid2=products%20grid:p427399,4.0,4.75
Clarifying Lotion 4,CLINIQUE,cleanser,17.0,"Alcohol Denat, Salicylic Acid, Hamamelis Virginiana, Butylene Glycol, Glycerin, Trehalose, Sodium Hyaluronate, Sodium Hydroxide, Disodium EdtaCopper, Bht, Phenoxyethanol, Benzophenone4, Green 5",217,4358,0.0,6.7,https://www.sephora.com/product/clarifying-lotion-4-P122876?icid2=products%20grid:p122876,6.7,2.5373134328358207
Cleansing Milk with Alpine Herbs,Clarins,cleanser,33.0,"Caprylic, Octyldodecanol, Glycerin, Polysorbate 60, Phenoxyethanol, AlphaGlucan Oligosaccharide, Parfum, Acrylates, Cetearyl Alcohol, Cetearyl Alcohol, Tromethamine, Propylene Glycol, Cetearyl Glucoside, Ethylparaben, Methylparaben, Limonene, Disodium Edta, Tocopheryl Acetate, Linalool, Retinyl Palmitate, Helianthus Annuus Seed Oil, Benzyl Benzoate, Hydroxycitronellal, Linum Usitatissimum Seed Extract, Benzyl Salicylate, Methylisothiazolinone, AlphaIsomethyl Ionone, Benzyl Alcohol, Eugenol, Anyl Cinnamal, Anise Alcohol, Xanthan Gum, Gentiana Lutea Root Extract, Citronellol, Geraniol, Citral, Althaea Officinalis Root Extract, Prunus Amygdalus Dulcis Fruit Extract, Arnica Montana Flower Extract, Hypericum Perforatum Flower, Juniperus Communis Fruit Extract, Melissa Officinalis Leaf Extract, Pinus Sylvestris Cone Extract, Bht, Potassium Sorbate Ci 42090 Blue 1, Ci 19140",99,3638,6.9,0.0,https://www.sephora.com/product/cleansing-milk-with-alpine-herbs-P93224?icid2=products%20grid:p93224,6.9,4.782608695652174
Rose Sugar Scrub,Lancôme,cleanser,25.0,"Glycerin, Propylene Glycol, Sucrose, Mel, Ci 14700, Ci 17200, Sodium Hyaluronate, Argania Spinosa Shell Powder, Peg30 Dipolyhydroxystearate, Arginine, Triethanolamine, Trideceth6, Salicylic Acid, Panthenol, Propanediol, Acrylates, Rosa Damascena Flower Citric Acid, Prunus Amygdalus Dulcis Oil, Fragrance",25,4140,3.34,0.0,https://www.sephora.com/product/rose-sugar-scrub-P433461?icid2=products%20grid:p433461,3.34,7.4850299401197615
Blue Astringent Herbal Lotion,Kiehl's Since 1851,cleanser,18.0,"Alcohol Denat, Aluminum Chlorohydrate, Peg60 Hydrogenated Castor Oil, Sodium PCA, Fragrance, Camphor, Menthol, Hamamelis Virginiana, Citral, Aloe Barbadensis, Ci 42090",38,2776,8.4,0.0,https://www.sephora.com/product/blue-astringent-herbal-lotion-P422020?icid2=products%20grid:p422020,8.4,2.142857142857143
Aglow™ Cleansing Butter Mini,lilah b.,cleanser,14.0,"Alcohol Denat, Aluminum Chlorohydrate, Peg60 Hydrogenated Castor Oil, Sodium PCA, Fragrance, Camphor, Menthol, Hamamelis Virginiana, Citral, Aloe Barbadensis, Ci 42090",0,771,0.0,0.3,https://www.sephora.com/product/lilah-b-aglow-cleansing-butter-mini-P455191?icid2=products%20grid:p455191,0.3,46.66666666666667
Intensive Moisture Cleanser,Dermalogica,cleanser,39.0,"Glycerin, Caprylic, Sodium Lauroyl Glutamate, Divinyldimethicone, Sodium Astrocaryum Murumuruate, Ceramide NP, Phytosterols, Palmitic Acid, Stearic Acid, Hydrogenated Coconut Acid, Hydrolyzed Cottonseed Protein, Citrus Aurantium Dulcis Peel Oil, Tocopherol, Xanthan Gum, Dimethicone, Butyrospermum Parkii Butter, Carthamus Tinctorius Seed Oil, C1213 Pareth3, Prunus Amygdalus Dulcis Oil, Tetrasodium Glutamate Diacetate, Caprylyl Glycol, Citrus Paradisi Peel Oil, Citrus Reticulata Leaf Oil, Myristic Acid, Trideceth12, Jasminum Officinale Oil, Linoleic Acid, Amyris Balsamifera Bark Oil, Cananga Odorata Flower Oil, Citrus Limon Peel Oil, Cymbopogon Martini Oil, Eugenia Caryophyllus Leaf Oil, Pelargonium Graveolens Flower Oil, Salvia Sclarea Oil, Citrus Limon Fruit Extract, Decyl Glucoside, Canarium Luzonicum Gum Nonvolatiles, Citrus Aurantium Dulcis Flower Oil, Guaiacum Officinale Wood Oil, Rosa Damascena Flower Oil, Zingiber Officinale Root Oil, Disodium EDTA, Equisetum Arvense Extract, Humulus Lupulus Extract, Pinus Sylvestris Cone Extract, Rosmarinus Officinalis Leaf Extract, Hexylene Glycol, Linolenic Acid, Pentylene Glycol, Aminomethyl Propanol, Sodium Chloride, Sodium, Isethionate, Propanediol, Butylene Glycol, Polysilicone11, Sodium Hydroxide, Ethylhexylglycerin, Acrylates, PEG12 Dimethicone, Limonene, Phenoxyethanol",4,573,5.1,0.0,https://www.sephora.com/product/intensive-moisture-cleanser-P445822?icid2=products%20grid:p445822,5.1,7.647058823529411
Clear Skin Days by Sephora Collection Clarifying Cleanser + Mask,SEPHORA COLLECTION,cleanser,11.0,"Glycerin, Caprylic, Sodium Lauroyl Glutamate, Divinyldimethicone, Sodium Astrocaryum Murumuruate, Ceramide NP, Phytosterols, Palmitic Acid, Stearic Acid, Hydrogenated Coconut Acid, Hydrolyzed Cottonseed Protein, Citrus Aurantium Dulcis Peel Oil, Tocopherol, Xanthan Gum, Dimethicone, Butyrospermum Parkii Butter, Carthamus Tinctorius Seed Oil, C1213 Pareth3, Prunus Amygdalus Dulcis Oil, Tetrasodium Glutamate Diacetate, Caprylyl Glycol, Citrus Paradisi Peel Oil, Citrus Reticulata Leaf Oil, Myristic Acid, Trideceth12, Jasminum Officinale Oil, Linoleic Acid, Amyris Balsamifera Bark Oil, Cananga Odorata Flower Oil, Citrus Limon Peel Oil, Cymbopogon Martini Oil, Eugenia Caryophyllus Leaf Oil, Pelargonium Graveolens Flower Oil, Salvia Sclarea Oil, Citrus Limon Fruit Extract, Decyl Glucoside, Canarium Luzonicum Gum Nonvolatiles, Citrus Aurantium Dulcis Flower Oil, Guaiacum Officinale Wood Oil, Rosa Damascena Flower Oil, Zingiber Officinale Root Oil, Disodium EDTA, Equisetum Arvense Extract, Humulus Lupulus Extract, Pinus Sylvestris Cone Extract, Rosmarinus Officinalis Leaf Extract, Hexylene Glycol, Linolenic Acid, Pentylene Glycol, Aminomethyl Propanol, Sodium Chloride, Sodium, Isethionate, Propanediol, Butylene Glycol, Polysilicone11, Sodium Hydroxide, Ethylhexylglycerin, Acrylates, PEG12 Dimethicone, Limonene, Phenoxyethanol",38,3416,5.1,0.0,https://www.sephora.com/product/clear-skin-days-by-sephora-collection-clarifying-cleanser-mask-P448487?icid2=products%20grid:p448487,5.1,2.1568627450980395
Advanced Night Micro Cleansing Balm,Estée Lauder,cleanser,47.0,"Glycerin, Caprylic, Sodium Lauroyl Glutamate, Divinyldimethicone, Sodium Astrocaryum Murumuruate, Ceramide NP, Phytosterols, Palmitic Acid, Stearic Acid, Hydrogenated Coconut Acid, Hydrolyzed Cottonseed Protein, Citrus Aurantium Dulcis Peel Oil, Tocopherol, Xanthan Gum, Dimethicone, Butyrospermum Parkii Butter, Carthamus Tinctorius Seed Oil, C1213 Pareth3, Prunus Amygdalus Dulcis Oil, Tetrasodium Glutamate Diacetate, Caprylyl Glycol, Citrus Paradisi Peel Oil, Citrus Reticulata Leaf Oil, Myristic Acid, Trideceth12, Jasminum Officinale Oil, Linoleic Acid, Amyris Balsamifera Bark Oil, Cananga Odorata Flower Oil, Citrus Limon Peel Oil, Cymbopogon Martini Oil, Eugenia Caryophyllus Leaf Oil, Pelargonium Graveolens Flower Oil, Salvia Sclarea Oil, Citrus Limon Fruit Extract, Decyl Glucoside, Canarium Luzonicum Gum Nonvolatiles, Citrus Aurantium Dulcis Flower Oil, Guaiacum Officinale Wood Oil, Rosa Damascena Flower Oil, Zingiber Officinale Root Oil, Disodium EDTA, Equisetum Arvense Extract, Humulus Lupulus Extract, Pinus Sylvestris Cone Extract, Rosmarinus Officinalis Leaf Extract, Hexylene Glycol, Linolenic Acid, Pentylene Glycol, Aminomethyl Propanol, Sodium Chloride, Sodium, Isethionate, Propanediol, Butylene Glycol, Polysilicone11, Sodium Hydroxide, Ethylhexylglycerin, Acrylates, PEG12 Dimethicone, Limonene, Phenoxyethanol",53,4351,2.5,0.0,https://www.sephora.com/product/advanced-night-micro-cleansing-balm-P406529?icid2=products%20grid:p406529,2.5,18.8
Cleansing Wipes - Pomegranate - Energizing,SEPHORA COLLECTION,cleanser,8.0,"Glycerin, Caprylic, Sodium Lauroyl Glutamate, Divinyldimethicone, Sodium Astrocaryum Murumuruate, Ceramide NP, Phytosterols, Palmitic Acid, Stearic Acid, Hydrogenated Coconut Acid, Hydrolyzed Cottonseed Protein, Citrus Aurantium Dulcis Peel Oil, Tocopherol, Xanthan Gum, Dimethicone, Butyrospermum Parkii Butter, Carthamus Tinctorius Seed Oil, C1213 Pareth3, Prunus Amygdalus Dulcis Oil, Tetrasodium Glutamate Diacetate, Caprylyl Glycol, Citrus Paradisi Peel Oil, Citrus Reticulata Leaf Oil, Myristic Acid, Trideceth12, Jasminum Officinale Oil, Linoleic Acid, Amyris Balsamifera Bark Oil, Cananga Odorata Flower Oil, Citrus Limon Peel Oil, Cymbopogon Martini Oil, Eugenia Caryophyllus Leaf Oil, Pelargonium Graveolens Flower Oil, Salvia Sclarea Oil, Citrus Limon Fruit Extract, Decyl Glucoside, Canarium Luzonicum Gum Nonvolatiles, Citrus Aurantium Dulcis Flower Oil, Guaiacum Officinale Wood Oil, Rosa Damascena Flower Oil, Zingiber Officinale Root Oil, Disodium EDTA, Equisetum Arvense Extract, Humulus Lupulus Extract, Pinus Sylvestris Cone Extract, Rosmarinus Officinalis Leaf Extract, Hexylene Glycol, Linolenic Acid, Pentylene Glycol, Aminomethyl Propanol, Sodium Chloride, Sodium, Isethionate, Propanediol, Butylene Glycol, Polysilicone11, Sodium Hydroxide, Ethylhexylglycerin, Acrylates, PEG12 Dimethicone, Limonene, Phenoxyethanol",3,0,0.0,0.0,https://www.sephora.com/product/cleansing-wipes-pomegranate-energizing-P433304?icid2=products%20grid:p433304,4.92609452736319,1.6240045649879542
MattEffect Blotting Perfector,Murad,cleanser,39.0,"Polysilicone11, HDI, Polymethyl Methacrylate, Glycerin, Salicylic Acid, Niacinamide, Montmorillonite, Urea, Yeast Amino Acids, Trehalose, Inositol, Taurine, Betaine, Punica Granatum Extract, Tocopherol, Cetearyl Alcohol, Ceteth20 Phosphate, Dicetyl Phosphate, Silica, Polydextrose, Dextrin, Amylopectin, Xanthan Gum, Laureth12, Sodium Hydroxide, Butylene Glycol, Disodium EDTA, Sodium Benzotriazolyl Butylphenol Sulfonate, Benzyl Alcohol, Benzoic Acid, Dehydroacetic Acid, Ethylhexylglycerin, Phenoxyethanol, Fragrance, Linalool, Benzyl Salicylate, Red 40",132,9049,0.4,0.0,https://www.sephora.com/product/matteffect-blotting-perfector-P415704?icid2=products%20grid:p415704,0.4,97.5
Byron 2-in-1 Mask + Scrub,Dr Roebuck's,cleanser,30.0,"Polysilicone11, HDI, Polymethyl Methacrylate, Glycerin, Salicylic Acid, Niacinamide, Montmorillonite, Urea, Yeast Amino Acids, Trehalose, Inositol, Taurine, Betaine, Punica Granatum Extract, Tocopherol, Cetearyl Alcohol, Ceteth20 Phosphate, Dicetyl Phosphate, Silica, Polydextrose, Dextrin, Amylopectin, Xanthan Gum, Laureth12, Sodium Hydroxide, Butylene Glycol, Disodium EDTA, Sodium Benzotriazolyl Butylphenol Sulfonate, Benzyl Alcohol, Benzoic Acid, Dehydroacetic Acid, Ethylhexylglycerin, Phenoxyethanol, Fragrance, Linalool, Benzyl Salicylate, Red 40",74,4130,1.69,0.0,https://www.sephora.com/product/byron-2-in-1-mask-scrub-P430825?icid2=products%20grid:p430825,1.69,17.75147928994083
Oil and Water Double Cleanser,The INKEY List,cleanser,9.99,"Water, Prunus Amygdalus Dulcis Oil, Isopropyl Palmitate, Isododecane, Hydrogenated Tetradecenyl, Hippophae Rhamnoides Fruit Oil, Panthenol, Disodium Phosphate, Phenoxyethanol, Sodium Chloride, Glycerin, Gluconolactone, Sodium Benzoate, Trisodium Ethylenediamine Disuccinate, Citric Acid, Avena Strigosa Seed Extract, Lecithin, Calcium Gluconate, Potassium Sorbate",40,1327,5.0,0.0,https://www.sephora.com/product/oil-water-double-cleanser-P447779?icid2=products%20grid:p447779,5.0,1.9980000000000002
Ultimate Miracle Worker Multi-Rejuvenating Retinol + Superfood Oil and Pads,philosophy,cleanser,75.0,"Cyclopentasiloxane, Dimethicone, Tetrahexyldecyl Ascorbate, Caprylic, Argania Spinosa Kernel Oil, Tocopheryl Acetate, Bisabolol, C1215 Alkyl Benzoate, Squalene, Plukenetia Volubilis Seed Oil, Retinol, Bht, Cocos Nucifera Oil, Medicago Sativa Extract, Olea Europaea Fruit Oil, Carthamus Tinctorius Seed Oil, Orchis Mascula Flower Extract, Punica Granatum Seed Oil, Farnesol, Tocopherol",27,2591,2.0,0.0,https://www.sephora.com/product/ultimate-miracle-worker-multi-rejuvenating-retinol-superfood-oil-pads-P422230?icid2=products%20grid:p422230,2.0,37.5
Fresh Pressed 7-day System with Pure Vitamin C,CLINIQUE,cleanser,28.0,"Maltodextrin, Sodium Lauryl Sulfoacetate, Sodium Cocoyl Isethionate, Sodium Methyl Cocoyl Taurate, Kaolin, Ascorbic Acid, Sodium Chloride, Sapindus Mukurossi Peel Extract, Salicylic Acid, Allyl Methacrylates Crosspolymer, Cyclodextrin, Coconut Acid, Ethylbisiminomethylguaiacol Manganese Chloride, Disodium Edta",49,6707,0.0,0.0,https://www.sephora.com/product/fresh-pressed-7-day-system-with-pure-vitamin-c-P417617?icid2=products%20grid:p417617,4.92609452736319,5.68401597745784
Dr. Andrew Weil For Origins™ Mega-Bright Skin Illuminating Cleanser,Origins,cleanser,34.0,"Myristic Acid, Glycerin, Behenic Acid, Palmitic Acid, Potassium Hydroxide, Sodium Methyl Cocoyl Taurate, Lauric Acid, Stearic Acid, Citrus Aurantium Dulcis Peel Oil, Pelargonium Graveolens Oil, Cananga Odorata Flower Oil, Eugenia Caryophyllus Bud Oil, Rosa Damascena Flower Oil, Jasminum Officinale Oil, Viola Odorata Flower, Polianthes Tuberosa Extract, Citronellol, Rosa Roxburghii Fruit Extract, Peg3 Distearate, Butylene Glycol, Sodium Hyaluronate, Phenoxyethanol, Methylchloroisothiazolinone, Methylisothiazolinone Essential Oil",43,2957,5.0,0.0,https://www.sephora.com/product/dr-andrew-weil-for-origins-skin-illuminating-cleanser-P379852?icid2=products%20grid:p379852,5.0,6.8
C.E.O. Vitamin C + E Cleansing Oil,SUNDAY RILEY,cleanser,38.0,"Isoamyl Laurate, Sorbitan Oleate, Isostearyl Isostearate, Triethylhexanoin, PEG10 Laurate, Caprylic, Aqua, Decyl Glucoside, Propanediol, Polyglyceryl2 Caprate, Squalane, Methylpropanediol, Citrus Reticulata Peel Oil, Sodium Phytate, C30 Hydrocarbons, Phenoxyethanol, Tocopherol, Microcitrus Australasica Fruit Extract, Salix Alba Bark Extract, Curcuma Longa Root Extract, Butyrospermum Parkii Butter Extract, Alcohol Denat, Rosa Canina Fruit Extract, Citrus Tangerina Extract, Oenothera Biennis Seed Extract, Nasturtium Officinale Extract, Camellia Sinensis Leaf Extract, Tetrahexyldecyl Ascorbate, Caprylyl Glycol",124,8572,3.4,0.0,https://www.sephora.com/product/c-e-o-c-e-mico-dissolve-cleansing-oil-P418347?icid2=products%20grid:p418347,3.4,11.176470588235297
Gentle Cleanser for Sensitive Skin,KORA Organics,cleanser,30.0,"Aloe Barbadensis Leaf Juice, Glycerin, Macadamia Ternifolia Oil, Cetearyl Alcohol, Stearic Acid, Dicaprylyl Ether, Potassium Olivoyl Hydrolyzed Wheat Protein, Helianthus Annuus Seed Oil, Glyceryl Oleate, Glyceryl Stearate, Xanthan Gum, Persea Gratissima Oil, Rosa Canina Seed Oil, Morinda Citrifolia Fruit Extract, Benzyl Alcohol, Calendula Officinalis Flower Extract, Camellia Sinensis Leaf Extract, Chamomilla Recutita Flower Extract, Rosa Centifolia Flower Extract, Cedrus Atlantica Oil, Alpha Bisabolol, Tocopherol, BetaSitosterol, Ascorbyl Palmitate, Olea Europaea Fruit Oil, Squalene, Lecithin, Quartz, Dehydroacetic Acid, Citric Acid, Lactic Acid, Sodium Benzoate, Potassium Sorbate",35,3184,3.38,0.0,https://www.sephora.com/product/gentle-cleanser-for-sensitive-skin-P423734?icid2=products%20grid:p423734,3.38,8.875739644970414
Pore Cleaner Foam Cleanser,belif,cleanser,20.0,"Aloe Barbadensis Leaf Juice, Glycerin, Macadamia Ternifolia Oil, Cetearyl Alcohol, Stearic Acid, Dicaprylyl Ether, Potassium Olivoyl Hydrolyzed Wheat Protein, Helianthus Annuus Seed Oil, Glyceryl Oleate, Glyceryl Stearate, Xanthan Gum, Persea Gratissima Oil, Rosa Canina Seed Oil, Morinda Citrifolia Fruit Extract, Benzyl Alcohol, Calendula Officinalis Flower Extract, Camellia Sinensis Leaf Extract, Chamomilla Recutita Flower Extract, Rosa Centifolia Flower Extract, Cedrus Atlantica Oil, Alpha Bisabolol, Tocopherol, BetaSitosterol, Ascorbyl Palmitate, Olea Europaea Fruit Oil, Squalene, Lecithin, Quartz, Dehydroacetic Acid, Citric Acid, Lactic Acid, Sodium Benzoate, Potassium Sorbate",56,4466,5.06,0.0,https://www.sephora.com/product/pore-cleaner-foam-cleanser-P431843?icid2=products%20grid:p431843,5.06,3.9525691699604746
Acne Solutions™ Cleansing Gel,CLINIQUE,cleanser,22.0,"Glycerin, Sodium Laureth Sulfate, Sodium Chloride, Lauramidopropyl Betaine, Butylene Glycol, Sucrose, Gentiana Lutea Root Extract, Laminaria Saccharina Extract, Caffeine, Sodium Hyaluronate, Acetyl Glucosamine, Laureth2, Peg120 Methyl Glucose Dioleate, Sodium Sulfate, Benzophenone4, Sodium Hydroxide, Edta, Disodium Edta, Bht, Phenoxyethanol, Blue 1",68,4436,4.2,0.0,https://www.sephora.com/product/acne-solutions-cleansing-gel-P393501?icid2=products%20grid:p393501,4.2,5.238095238095238
Refreshing Gel Cleanser,Clarisonic Skincare,cleanser,19.0,"Glycerin, CocoBetaine, Sodium Cocoyl Glycinate, PEG120, Methyl Glucose Dioleate, Sodium Chloride Dipropylene Glycol, Lauric Acid, Triethanolamine, Phenoxyethanol, Fragrance, Caprylyl Glycol, Linalool, Limonene, Benzyl Benzoate, Tetrasodium EDTA, Argilla",16,1228,4.0,0.0,https://www.sephora.com/product/refreshing-gel-cleanser-P427400?icid2=products%20grid:p427400,4.0,4.75
Hydra Life Oil To Milk Makeup Removing Cleanser,Dior,cleanser,43.0,Sweet Almond Oil,40,2778,6.7,0.0,https://www.sephora.com/product/hydra-life-oil-to-milk-makeup-removing-cleanser-P417610?icid2=products%20grid:p417610,6.7,6.4179104477611935
Bright Skin Exfoliating Scrub,SEPHORA COLLECTION,cleanser,13.0,Sweet Almond Oil,22,2325,1.69,0.0,https://www.sephora.com/product/bright-skin-exfoliating-scrub-P445727?icid2=products%20grid:p445727,1.69,7.6923076923076925
Gentle Buffing Cream,Caudalie,cleanser,35.0,"Hexyldecyl Stearate, Cellulose, Hydrogenated Jojoba Oil, Glycerin, Vitis Vinifera Seed Oil, Mel, C1422 Alcohols, Potassium Cetyl Phosphate, Myristyl Alcohol, Sodium Acrylates Copolymer, Caprylyl Glycol, Parfum, Hydrogenated Polyisobutene, Benzyl Alcohol, C1220 Alkyl Glucoside, Xanthan Gum, Helianthus Annuus Seed Oil, Myristyl Glucoside, Butylene Glycol, Phospholipids, Polyglyceryl10 Stearate, Tocopherol, Glycyrrhiza Glabra Root Extract, Dehydroacetic Acid, Glucose, Benzyl Benzoate, Hexyl Cinnamal, Limonene, Linalool Plant Origin",218,6602,2.5,0.0,https://www.sephora.com/product/gentle-buffing-cream-P6028?icid2=products%20grid:p6028,2.5,14.0
Skin Resurfacing Cleanser,Dermalogica,cleanser,45.0,"Sodium Laureth Sulfate, Lactic Acid, PPG2 Hydroxyethyl Cocamide, Cocamidopropyl Betaine, Polyacrylate1 Crosspolymer, Glycol Distearate, Caprylic, Tocopheryl Acetate, Sodium Hydroxide, Disodium EDTA, Phenoxyethanol, Caprylyl Glycol, Ethylhexyl Glycerin, Hexylene Glycol, Titanium Dioxide, Citronellol, Eugenol, Geraniol, Limonene, Linalool, Citrus Medica Limonum Peel Extract, Helianthus Annuus Seed Oil, Rose Damascena Flower Oil, Eugenia Caryophyllus Flower Oil, Aniba Rosaeodora Wood Oil, Citrus Medica Limonum Peel Oil, Pelargonium Graveolens Oil, Cymbopogon Martini Oil, Eucalyptus Citriodora Oil",19,2484,5.1,0.0,https://www.sephora.com/product/skin-resurfacing-cleanser-P423690?icid2=products%20grid:p423690,5.1,8.823529411764708
Astringent Toner Pads,Anthony,cleanser,28.0,"Aqua, Alcohol Denat, Hamamelis Virginiana  Butylene Glycol, Glycerin, Polysorbate 20, Potassium Azeloyl Diglycinate, Citrus Aurantium Dulcis Peel Oil, Mentha Arvensis Leaf Oil, Rosmarinus Officinalis Leaf Oil, Eucalyptus Globulus Leaf Oil, Mentha Viridis Leaf Oil, Ocimum Basilicum Oil, Aloe Barbadensis Leaf Juice Powder, Avena Sativa Kernel Extract, Panthenol, Sodium Hyaluronate, BetaGlucan, Caprylyl Glycol, Allantoin, Dipropylene Glycol, Isopentyldiol, Tetrasodium EDTA, Phenoxyethanol, Diazolidinyl Urea, DMDM Hydantoin, Iodopropynyl Butylcarbamate, Citral, Limonene, Linalool, CI 19140, CI 42090",108,3449,0.0,0.0,https://www.sephora.com/product/astringent-toner-pads-P189131?icid2=products%20grid:p189131,4.92609452736319,5.68401597745784
Perfectly Clean Triple-Action Cleanser/Toner/Makeup Remover,Estée Lauder,cleanser,29.0,"Water\Aqua\Eau, Dimethicone, Isododecane, Hamamelis Virginiana  Disodium Cocoamphodiacetate, Sucrose, Peg32, Gentiana Lutea Root Extract, Silybum Marianum Extract, Algae Extract, Zinc Pca, Sorbitol, Glycerin, Caffeine, Ppg26Buteth26, Peg4 Dilaurate, Caprylyl Glycol, Peg40 Hydrogenated Castor Oil, Hexylene Glycol, 12Hexanediol, Peg6, Citric Acid, Lauramidopropyl Betaine, Fragrance, Phenoxyethanol",32,2505,5.0,0.0,https://www.sephora.com/product/perfectly-clean-triple-action-cleanser-toner-makeup-remover-P380034?icid2=products%20grid:p380034,5.0,5.8
Refreshing Cleanser,Murad,cleanser,39.0,"Sodium Laureth Sulfate, Disodium Laureth Sulfosuccinate, Disodium Cocoamphodiacetate, Glycol Distearate, Butylene Glycol, Algae Extract, Hedychium Coronarium Root Extract, Witch Hazel Leaf Extract, Actinidia Chinensis Fruit Extract, Cucumber Fruit Extract, Glycolic Acid, Sodium PCA, PEG8 Distearate, Polyquaternium4, Phenoxyethanol, Methylparaben, Propylparaben, Limonene, Hydroxyisohexyl 3Cyclohexene Carboxaldehyde, Fragrance",136,3778,6.75,0.0,https://www.sephora.com/product/refreshing-cleanser-P4044?icid2=products%20grid:p4044,6.75,5.777777777777778
Perfectly Clean Multi-Action Toning Lotion/Refiner ,Estée Lauder,cleanser,26.5,"Sodium Laureth Sulfate, Disodium Laureth Sulfosuccinate, Disodium Cocoamphodiacetate, Glycol Distearate, Butylene Glycol, Algae Extract, Hedychium Coronarium Root Extract, Witch Hazel Leaf Extract, Actinidia Chinensis Fruit Extract, Cucumber Fruit Extract, Glycolic Acid, Sodium PCA, PEG8 Distearate, Polyquaternium4, Phenoxyethanol, Methylparaben, Propylparaben, Limonene, Hydroxyisohexyl 3Cyclohexene Carboxaldehyde, Fragrance",26,3608,6.7,0.0,https://www.sephora.com/product/perfectly-clean-multi-action-toning-lotion-refiner-P380030?icid2=products%20grid:p380030,6.7,3.955223880597015
Deep Cleansing Foam,Shiseido,cleanser,36.0,"Stearic Acid, Peg8, Myristic Acid, Glycerin, Potassium Hydroxide, Butylene Glycol, Lauric Acid, Glyceryl Stearate Se, Sorbitol, Beeswax, Sodium Lauryl Glycol Carboxylate, Sodium Methyl Cocoyl Taurate, Fragrance, Microcrystalline Cellulose, Disodium Edta, Menthol, Oryza Sativa Germ Oil, Talc, Ethylcellulose, Linalool, Geraniol, Citronellol, Sodium Metabisulfite, Acrylates Copolymer, Ultramarines, Paeonia Albiflora Root Extract, Silica, Betaine, Silk Powder, Dipotassium Glycyrrhizate, Tetrasodium Edta, Tocopheryl Acetate, Sodium Lauryl Sulfate, Benzoic Acid, Tocopherol",17,1386,4.4,0.0,https://www.sephora.com/product/deep-cleansing-foam-P433617?icid2=products%20grid:p433617,4.4,8.181818181818182
Tangerine Brightening & Pore-Refining Cleanser,innisfree,cleanser,15.0,"Glycerin, Stearic Acid, Myristic Acid, Kaolin, Peg32, Potassium Hydroxide, Lauric Acid, Titanium Dioxide, Cocamidopropyl Betaine, Glyceryl Stearate, Peg100 Stearate, Fragrance, Sodium Chloride, Zea Mays Starch, Microcrystalline Cellulose, Lactose, Sucrose, Disodium EDTA, Sodium Benzoate, Sodium Hydroxide, Tocopheryl Acetate, Polymethyl Methacrylate, Iron Oxides, Lactic Acid, Citrus Unshiu Peel Extract, Hydroxypropylcellulose, Styrene, Propanediol, Stearyl Alcohol, Camellia Japonica Leaf Extract, Camellia Sinensis Leaf Extract, Opuntia Coccinellifera Fruit Extract, Orchid Extract, Shellac, Polyquaternium6, Iron Oxides, Sodium Lauroyl Sarcosinate, Peg75, Hydroxypropyl Methylcellulose, Silica, Papain, Phenoxyethanol, Ethylhexylglycerin",13,2938,5.07,0.0,https://www.sephora.com/product/tangerine-brightening-pore-refining-cleanser-P449858?icid2=products%20grid:p449858,5.07,2.9585798816568047
Green Tea Seed Intensive Hydrating Toner,innisfree,cleanser,19.0,"Water, Butylene Glycol, Propanediol, Panthenol, 12Hexanediol, Glycerin, Ppg13Decyltetradeceth24, Sodium Citrate, Citric Acid, Ethylhexylglycerin, Disodium Edta, Fragrance, Camellia Sinensis Leaf Extract, Camellia Sinensis Seed Oil",6,1831,6.76,0.0,https://www.sephora.com/product/green-tea-seed-intensive-hydrating-toner-P449849?icid2=products%20grid:p449849,6.76,2.8106508875739644
Coconut Cleansing Oil,Kopari,cleanser,32.0,"Water, Butylene Glycol, Propanediol, Panthenol, 12Hexanediol, Glycerin, Ppg13Decyltetradeceth24, Sodium Citrate, Citric Acid, Ethylhexylglycerin, Disodium Edta, Fragrance, Camellia Sinensis Leaf Extract, Camellia Sinensis Seed Oil",84,7644,5.1,0.0,https://www.sephora.com/product/coconut-cleansing-oil-P416146?icid2=products%20grid:p416146,5.1,6.2745098039215685
27% Glycolic Acid Facial Cleanser,SOBEL SKIN Rx,cleanser,42.0,"Purified Glycolic Acid, Cocamidopropyl Betaine, Allantoin, Aloe Barbadnesis Leaf Extract, Chamomile Extract, PEG150 Pentaerythrityl Tetrastearate, PEG6 Caprylic Capric, Disodium Laureth Sulfosuccinate, Sodium Cocoyl Isethionate, Sodium Methyl Cocoyl Taurate, Phenoxyethanol, Caprylyl Glycol, Potassium Sorbate, Ammonium Hydroxide, Hexylene Glycol",2,290,5.0,0.0,https://www.sephora.com/product/sobel-skin-rx-27-glycolic-acid-facial-cleanser-P451744?icid2=products%20grid:p451744,5.0,8.4
Herbal-Infused Micellar Cleansing Water,Kiehl's Since 1851,cleanser,28.0,"Glycerin, Propanediol, Melissa Officinalis Flower, Salicylic Acid, CocoBetaine, Caprylyl, Disodium Cocoyl Glutamate, Xanthan Gum, Phytic Acid, Buddleja Davidii Extract, Thymus Vulgaris Extract, Sodium Chloride, Sodium Cocoyl Glutamate, Citric Acid, Thymus Vulgaris Flower, Thyme Flower",12,2278,0.0,8.4,https://www.sephora.com/product/herbal-infused-micellar-cleansing-water-P435391?icid2=products%20grid:p435391,8.4,3.333333333333333
WASO: Soft & Cushy Polishing Exfoliator,Shiseido,cleanser,34.0,"Microcrystalline Cellulose, Sd Alcohol 40B, Cellulose, Dipropylene Glycol, Hydrolyzed Corn Starch, Glycerin, Dimethicone, Cetyl Ethylhexanoate, Phenoxyethanol, Carbomer, Hydroxypropyl Methylcellulose, Fragrance, Betaine, Potassium Hydroxide, Acrylates, Xanthan Gum, Limonene, Hexyl Cinnamal, Butylphenyl Methylpropional, Sodium Metaphosphate, Disodium Edta, Hydrogenated Lecithin, Iron Oxides",11,1911,2.7,0.0,https://www.sephora.com/product/waso-soft-cushy-polisher-P421771?icid2=products%20grid:p421771,2.7,12.592592592592592
Noosa Nourishing Crème Cleanser,Dr Roebuck's,cleanser,25.0,"Stearic Acid, Cetearyl Alcohol, Sodium Cocoyl Isethionate, Glycerin Simmondsia Chinensis Seed Oil, Macadamia Ternifolia Seed Oil, Butyrospermum Parkii Butter, Ceteareth20, Cocamidopropyl Betaine, Avena Sativa Bran Extract, Calendula Officinalis Flower Extract, Arnica Montana Flower Extract, Camellia Sinensis Leaf Extract, Echinacea Purpurea Extract, Citrus Aurantium  Peel Oil, Glyceryl Caprylate, Potassium Sorbate, PAnisic Acid, Isoamyl Laurate",35,1197,3.38,0.0,https://www.sephora.com/product/noosa-nourishing-cr-me-cleanser-P430823?icid2=products%20grid:p430823,3.38,7.396449704142013
Glycolic Exfoliating & Resurfacing Wipes,Anthony,cleanser,20.0,"Glycereth7 Triacetate, Polysorbate 20, Aloe Barbadensis Leaf Extract, Chamomilla Recutita Flower Extract, Cucumis Sativus Fruit Extract, Panax Ginseng Root Extract, Camellia Sinensis Leaf Extract, Vaccinium Myrtillus Fruit Extract, Saccharum Extract, Citrus Aurantium Dulcis Fruit Extract, Citrus Limon Fruit Extract, Hamamelis Virginiana Bark, Aloe Barbadensis Leaf Juice, Allantoin, Menthol, Tocopheryl Acetate, Decyl Glucoside, Tetrasodium Glutamate Diacetate, Sodium Hydroxide, Citric Acid, Gluconolactone, Sodium Benzoate, Potassium Sorbate, Phenoxyethanol, Fragrance",66,5646,0.0,0.0,https://www.sephora.com/product/glycolic-exfoliating-resurfacing-wipes-P397373?icid2=products%20grid:p397373,4.92609452736319,4.060011412469885
Coconut Melt Wipes,Kopari,cleanser,20.0,Cocos Nucifera Oil,9,1525,0.0,0.0,https://www.sephora.com/product/coconut-melt-wipes-P448209?icid2=products%20grid:p448209,4.92609452736319,4.060011412469885
Darker Skin Tones Enzyme Cleanser,Dr. Barbara Sturm,cleanser,75.0,"Sodium Lauroyl Glutamate, Talc, Cellulose, Maltodextrin, Water, Xanthan Gum, Ascorbic Acid, Subtilisin, Lipase",3,445,2.6,0.0,https://www.sephora.com/product/dr-barbara-sturm-darker-skin-tones-enzyme-cleanser-P448546?icid2=products%20grid:p448546,2.6,28.84615384615385
Cream Cleanser for Dry Skin,KORA Organics,cleanser,30.0,From essential oils,28,2099,3.38,0.0,https://www.sephora.com/product/cream-cleanser-for-dry-skin-P423735?icid2=products%20grid:p423735,3.38,8.875739644970414
Milk Cleanse Gentle Foaming Cleanser,Moon Juice,cleanser,32.0,"Water, Coco Betaine, Coco Glucoside, Betaine, Bentonite, Lactobacillus, Glycerin, Coconut Alcohol, Citric Acid, Cocos Nucifera Fruit Extract, Aloe Barbadensis Leaf Juice, Polyglyceryl10 Oleate, Oryza Sativa Bran Oil, Tocopherol, Tocotrienols, Ganoderma Lucidum Extract, Xanthan Gum, Tremella Fuciformis Sporocarp Extract, Citrus Aurantium Bergamia Peel Oil, Geraniol, Mentha Piperita Flower, Phenethyl Alcohol, Rosa Damascena Extract, Salvia Sclarea Oil, Triethyl Citrate, Vetiveria Zizanoides Root Oil, Lonicera Caprifolium Flower Extract, Lonicera Japonica Flower Extract",3,675,4.0,0.0,https://www.sephora.com/product/moon-juice-milk-cleanse-gentle-foaming-cleanser-P454315?icid2=products%20grid:p454315,4.0,8.0
Makeup Melter & Cleanser,Bobbi Brown,cleanser,38.0,"Water, Coco Betaine, Coco Glucoside, Betaine, Bentonite, Lactobacillus, Glycerin, Coconut Alcohol, Citric Acid, Cocos Nucifera Fruit Extract, Aloe Barbadensis Leaf Juice, Polyglyceryl10 Oleate, Oryza Sativa Bran Oil, Tocopherol, Tocotrienols, Ganoderma Lucidum Extract, Xanthan Gum, Tremella Fuciformis Sporocarp Extract, Citrus Aurantium Bergamia Peel Oil, Geraniol, Mentha Piperita Flower, Phenethyl Alcohol, Rosa Damascena Extract, Salvia Sclarea Oil, Triethyl Citrate, Vetiveria Zizanoides Root Oil, Lonicera Caprifolium Flower Extract, Lonicera Japonica Flower Extract",12,672,0.0,0.0,https://www.sephora.com/product/makeup-melter-cleanser-P446517?icid2=products%20grid:p446517,4.92609452736319,7.714021683692782
7-Seed Nourishing Cleansing Oil,Primera,cleanser,30.0,"Water, Coco Betaine, Coco Glucoside, Betaine, Bentonite, Lactobacillus, Glycerin, Coconut Alcohol, Citric Acid, Cocos Nucifera Fruit Extract, Aloe Barbadensis Leaf Juice, Polyglyceryl10 Oleate, Oryza Sativa Bran Oil, Tocopherol, Tocotrienols, Ganoderma Lucidum Extract, Xanthan Gum, Tremella Fuciformis Sporocarp Extract, Citrus Aurantium Bergamia Peel Oil, Geraniol, Mentha Piperita Flower, Phenethyl Alcohol, Rosa Damascena Extract, Salvia Sclarea Oil, Triethyl Citrate, Vetiveria Zizanoides Root Oil, Lonicera Caprifolium Flower Extract, Lonicera Japonica Flower Extract",30,3136,5.0,0.0,https://www.sephora.com/product/primera-7-seed-nourishing-cleansing-oil-P447177?icid2=products%20grid:p447177,5.0,6.0
Gel Balm Cleanser,Eve Lom,cleanser,60.0,"Shea Butter, BisDiglyceryl Polyacyladipate2, Isopropyl Palmitate, Vitis Vinifera Seed Oil, Isopropyl Isostearate, Hydrogenated Vegetable Oil, Aqua, CocoGlucoside, Glyceryl Oleate, C1213 Pareth3, Ceteareth20, Lecithin, Silica, Glycerin, Argania Spinosa Kernel Oil, Polyglyceryl4 Caprate, Citric Acid, Phenoxyethanol, Polyglyceryl2 Dipolyhydroxystearate, Butyrospermum Parkii Extract, Glyceryl Rosinate, Chamomilla Recutita Flower Oil, Eucalyptus Globulus Leaf Oil, Eugenia Caryophyllus Leaf Oil, Humulus Lupulus Cone Oil, Maltodextrin, Spent Grain Wax, Eugenol, Olea Europaea Oil Unsaponifiables, Limonene, Tocopherol, Hydrogenated Palm Glycerides Citrate, Subtilisin, Lipase",58,2445,0.0,3.4,https://www.sephora.com/product/gel-balm-cleanser-P423509?icid2=products%20grid:p423509,3.4,17.647058823529417
Detoxifying Cleansing Oil,Erno Laszlo,cleanser,58.0,"Disodium Laureth Sulfosuccinate, Butylene Glycol, Polysorbate 20, Acrylates, Butyrospermum Parkii Seedcake Extract, Sodium Lauryl Sulfoacetate, Disodium Cocoamphodiacetate, Simmondsia Chinensis Seed Oil, Olea Europaea Fruit Oil, Vitis Vinifera Seed Oil, Sea Tocopheryl Acetate, Charcoal Powder, Disodium EDTA, Sodium Hydroxide, Hexylene Glycol, Caprylyl Glycol, Phenoxyethanol, Chlorphenesin, Fragrance",16,1868,6.6,0.0,https://www.sephora.com/product/detoxifying-cleansing-oil-P413430?icid2=products%20grid:p413430,6.6,8.787878787878789
Cleansing Gel Oil Enriched,belif,cleanser,34.0,Naturally Derived Fragrance,97,9364,5.07,0.0,https://www.sephora.com/product/cleansing-gel-oil-enriched-P412439?icid2=products%20grid:p412439,5.07,6.7061143984220895
Pore & Blemish Acne Cleanser,Clarisonic Skincare,cleanser,19.0,"Sodium Laureth Sulfate, Decyl Glucoside, Glycerin, Sodium Chloride, CocoBetaine, PEG150 Pentaerythrityl Tetrastearate, PEG6 Caprylic, Zinc Gluconate, Sodium Hydroxide, Sodium Benzoate, Tetrasodium Edta, Capryloyl Salicylic Acid, Citric Acid, Menthol, Hexylene Glycol, Polyquaternium47",18,1021,4.0,0.0,https://www.sephora.com/product/pore-blemish-gel-cleanser-P427398?icid2=products%20grid:p427398,4.0,4.75
Kibosh Weightless Foaming Cleanser,Dr Roebuck's,cleanser,25.0,"Sodium Laureth Sulfate, Decyl Glucoside, Glycerin, Sodium Chloride, CocoBetaine, PEG150 Pentaerythrityl Tetrastearate, PEG6 Caprylic, Zinc Gluconate, Sodium Hydroxide, Sodium Benzoate, Tetrasodium Edta, Capryloyl Salicylic Acid, Citric Acid, Menthol, Hexylene Glycol, Polyquaternium47",3,629,3.38,0.0,https://www.sephora.com/product/kibosh-weightless-foaming-cleanser-P446631?icid2=products%20grid:p446631,3.38,7.396449704142013
Double Mousse Gentle Cleansing Foam,Erborian,cleanser,28.0,"Glycerin, Disodium Cocoamphodiacetate, CocoBetaine, Sodium Chloride, Sodium Methyl Cocoyl Taurate, Vaccinium Myrtillus Fruit Extract, Salix Alba Bark Extract, Acer Saccharum Extract, Citrus Aurantium Dulcis Fruit Extract, Citrus Limon Fruit Extract, Centella Asiatica Extract, Saccharum Officinarum Extract, Scutellaria Baicalensis Root Extract, Polygonum Cuspidatum Root Extract, Glycyrrhiza Glabra Root Extract, Chamomilla Recutita Flower Extract, Camellia Sinensis Leaf Extract, Rosmarinus Officinalis Leaf Extract, Sodium Citrate, Panthenol, Butylene Glycol, Ethylhexylglycerin, Polyquaternium7, Phenoxyethanol, Fragrance, Limonene, Linalool, Citral, Ci 19140, Ci 42090",54,4975,3.0,0.0,https://www.sephora.com/product/double-mousse-gentle-cleansing-foam-P401580?icid2=products%20grid:p401580,3.0,9.333333333333334
Rare Earth Pore Refining Tonic,Kiehl's Since 1851,cleanser,21.0,"Alcohol Denat, Glycerin, Propanediol, Silica, Phenoxyethanol, Zinc Oxide, Methyl Methacrylate Crosspolymer, Kaolin, Zinc Gluconate, Aloe Barbadensis Leaf Juice, Oat Kernel Flour, Menthoxypropanediol, Witch Hazel Leaf Water, Allantoin, Salicylic Acid",21,3461,8.4,0.0,https://www.sephora.com/product/rare-earth-pore-refining-tonic-P422253?icid2=products%20grid:p422253,8.4,2.5
Hydrating Face Tonic Toner,Bobbi Brown,cleanser,36.0,"Hexylene Glycol, Butylene Glycol, Glycerin, Propanediol, Polysorbate 20, Camellia Sinensis Leaf Extract, Cucumis Sativus Fruit Extract, Chamomilla Recutita Extract, Aesculus Hippocastanum Bark Extract, Glycyrrhiza Glabra Root Extract, Codium Tomentosum Extract, Lavandula Angustifolia, Citrus Aurantium Dulcis, Pantethine, Hydrolyzed Wheat Protein, Hydrolyzed Corn Protein, Cymbopogon Martini, Hydrolyzed Soy Protein, Cholesterol, Trehalose, Aloe Barbadensis Leaf Juice, Sodium Hyaluronate, Linoleic Acid, Acrylates Copolymer, Phytantriol, Phytosphingosine, Glycine, Hydroxyproline, Proline, Carbomer, Linalool, Geraniol, Limonene, Disodium Edta, Pentaerythrityl Tetra-Di-T-Butyl Hydroxyhydrocinnamate, Phenoxyethanol",42,3090,6.7,0.0,https://www.sephora.com/product/hydrating-face-tonic-P270607?icid2=products%20grid:p270607,6.7,5.3731343283582085
Moor Cream Cleanser,Omorovicza,cleanser,80.0,"Hungarian Moor Mud, Zinc Oxide, Lavender Camphor, Peppermint, Eucalyptus Essential Oils",10,1635,5.1,0.0,https://www.sephora.com/product/moor-cream-cleanser-P418024?icid2=products%20grid:p418024,5.1,15.686274509803926
Umbrian Clay Purifying Treatment Bar,Fresh,cleanser,42.0,Fuller's Earth,592,11193,7.1,0.0,https://www.sephora.com/product/umbrian-clay-purifying-treatment-bar-P7843?icid2=products%20grid:p7843,7.1,5.915492957746478
Turnaround Revitalizing Lotion,CLINIQUE,cleanser,35.0,"Glycerin, Dipropylene Glycol, Propanediol, Saccharomyces Lysate Extract, Centella Asiatica Extract, Caffeine, Bifida Ferment Lysate, Acetyl Glucosamine, Lactobacillus Ferment, Creatine, Ergothioneine, Adenosine Phosphate, Punica Granatum Fruit Juice, Acetyl Carnitine Hcl, Oryza Sativa Bran Extract, Peg8, Ppg6Decyltetradeceth30, Caprylyl Glycol, Carbomer, Trehalose, Hexylene Glycol, Yeast Extract, Sodium Hyaluronate, Polyquaternium51, Butylene Glycol, Tromethamine, Trisodium Hedta, Phenoxyethanol",41,3444,6.7,0.0,https://www.sephora.com/product/turnaround-revitalizing-lotion-P394823?icid2=products%20grid:p394823,6.7,5.223880597014925
Gentle Eye Makeup Remover,Estée Lauder,cleanser,22.0,"Glycerin, Dipropylene Glycol, Propanediol, Saccharomyces Lysate Extract, Centella Asiatica Extract, Caffeine, Bifida Ferment Lysate, Acetyl Glucosamine, Lactobacillus Ferment, Creatine, Ergothioneine, Adenosine Phosphate, Punica Granatum Fruit Juice, Acetyl Carnitine Hcl, Oryza Sativa Bran Extract, Peg8, Ppg6Decyltetradeceth30, Caprylyl Glycol, Carbomer, Trehalose, Hexylene Glycol, Yeast Extract, Sodium Hyaluronate, Polyquaternium51, Butylene Glycol, Tromethamine, Trisodium Hedta, Phenoxyethanol",51,1685,3.4,0.0,https://www.sephora.com/product/gentle-eye-makeup-remover-P379947?icid2=products%20grid:p379947,3.4,6.470588235294117
Break It Down Waterproof Makeup Remover,Cinema Secrets,cleanser,20.0,"Isohexadecane, Cyclomethicone, Butylene Glycol, Glycerin, Poloxamer 184, Benzyl Alcohol, Phenoxyethanol, Aloe Baradensis Leaf Extract, Benzalkonium Chloride, Allantoin, Sodium Chloride, Disodium Edta, Camellia Oleifera Leaf Extract, Bisabolol, Glycyrrhetinic Acid, D&amp, C Red 33",19,2170,4.2,0.0,https://www.sephora.com/product/break-it-down-waterproof-makeup-remover-P410842?icid2=products%20grid:p410842,4.2,4.761904761904762
Original Skin™ Cleansing Makeup Removing Jelly with Willowherb,Origins,cleanser,24.0,"Caprylic, Helianthus Annuus Seed Oil, Isopropyl Palmitate, Hydrogenated Polydecene, Ethylhexyl Palmitate, Glycerin, Isononyl Isononanoate, Polyglyceryl10 Laurate, Polyglyceryl10 Oleate, Epilobium Angustifolium Flower, Cistus Incanus Flower, Albizia Julibrissin Bark Extract, Polyglyceryl10 Pentaoleate, Butylene Glycol, Polyglyceryl6 Distearate, Tocopheryl Acetate, Hydrogenated Lecithin, Peg7m, Citric Acid, Bht, Sodium Citrate, Disodium Edta, Potassium Sorbate",547,7590,3.4,0.0,https://www.sephora.com/product/original-skin-tm-cleansing-makeup-removing-jelly-with-willowherb-P427728?icid2=products%20grid:p427728,3.4,7.0588235294117645
Skin Renewing Peel Treatment Glycolic Acid Cleanser,Clarisonic Skincare,cleanser,39.0,"Glycolic Acid, Lipo Hydroxy Acid, CocoBetaine, Propylene Glycol, Peg120 Methyl Glucose Dioleate, Sorbitol, Glycerin, Glycolic Acid, Triethanolamine, Sodium Laureth Sulfate, Sodium Chloride, Disteareth100 Ipdi, Fragrance, Salicylic Acid, Capryloyl Salicylic Acid, Disodium Edta, Limonene, Steareth100, Geraniol, Linalool",1,984,4.0,0.0,https://www.sephora.com/product/skin-renwening-peel-treatment-P439921?icid2=products%20grid:p439921,4.0,9.75
No. 1 Belle Frais Cleansing Milk,Edible Beauty,cleanser,47.0,"Purified Cocos Nucifera Oil, Saponaria Officinalis, Cetearyl Olivate, Camellia Oleifera Seed Oil, Sorbiton Olivate, Helianthus Annuus Seed Oil, Zizyphus Jujuba Extract, Cucumis Melo Fruit, Pyrus Malus Extract, Sodium Levulinate, Sodium Anisate, Fragaria Vesca Extract, Acacia Victoriae Extract, Salicylic Acid, Sorbic Acid, Glyceryl Caprylate, Citrus Aurantifolia Oil, Citrus Sinensis Oil",50,2600,6.8,0.0,https://www.sephora.com/product/no-1-belle-frais-cleansing-milk-P428640?icid2=products%20grid:p428640,6.8,6.911764705882352
Hydra Life Micellar Milk No Rinse Cleanser,Dior,cleanser,43.0,"Aqua, Propylene Glycol, Poloxamer 184, Phenoxyethanol, Peg40 Glyceryl Cocoate, Disodium Edta, Sodium Citrate, Sodium Coceth Sulfate, Butylene Glycol, Sodium Hyaluronate, Parfum, Biosaccharide Gum1, Caprylyl Glycol, Echinacea Purpurea Extract, Saponins, Bht, Tocopherol",23,2976,6.7,0.0,https://www.sephora.com/product/hydra-life-micellar-milk-no-rinse-cleanser-P429673?icid2=products%20grid:p429673,6.7,6.4179104477611935
Special Cucumber Lotion,Mario Badescu,cleanser,15.0,"Isopropyl Alcohol, Propylene Glycol, Cucumis Sativus Fruit Extract, Polysorbate 20, Fragrance, Sodium Chloride, CI 19140, CI 42090, CI 15985",9,1659,8.0,0.0,https://www.sephora.com/product/mario-badescu-special-cucumber-lotion-P440487?icid2=products%20grid:p440487,8.0,1.875
Soft Touch Cotton Pads,SEPHORA COLLECTION,cleanser,4.0,"Isopropyl Alcohol, Propylene Glycol, Cucumis Sativus Fruit Extract, Polysorbate 20, Fragrance, Sodium Chloride, CI 19140, CI 42090, CI 15985",323,18132,0.0,0.0,https://www.sephora.com/product/soft-touch-cotton-pads-P312914?icid2=products%20grid:p312914,4.92609452736319,0.8120022824939771
Pore Refining Detox Double Cleanse,Erno Laszlo,cleanser,58.0,"Isopropyl Alcohol, Propylene Glycol, Cucumis Sativus Fruit Extract, Polysorbate 20, Fragrance, Sodium Chloride, CI 19140, CI 42090, CI 15985",7,1345,0.0,3.3,https://www.sephora.com/product/pore-refining-detox-double-cleanse-P436899?icid2=products%20grid:p436899,3.3,17.575757575757578
Pomegranate Pore Refining Toner,KORRES,cleanser,22.0,"Alcohol Denat, Citric Acid, Hamamelis Virginiana Leaf Extract, Parfum, Peg40 Hydrogenated Castor Oil, Ppg26Buteth26, Punica Granatum Fruit Extract, Salix Alba Bark Extract, Sodium Benzoate, Sodium Citrate",15,3174,6.76,0.0,https://www.sephora.com/product/pomegranate-pore-refining-toner-P449595?icid2=products%20grid:p449595,6.76,3.2544378698224854
Alpine Berry Water Toner,Primera,cleanser,35.0,"Butylene Glycol, Dipropylene Glycol, Glycerin, 12Hexanediol, Betaine, Ppg13Decyltetradeceth24, Glyceryl Polymethacrylate, Artemisia Princeps Leaf Ethylhexylglycerin, Fragrance, Carbomer, Disodium Edta, Tromethamine, Sodium Hyaluronate, Rubus Fruticosus Fruit Extract, Fragaria Vesca Leaf Extract, Tocopherol",9,2253,7.6,0.0,https://www.sephora.com/product/primera-alpine-berry-water-toner-P447179?icid2=products%20grid:p447179,7.6,4.605263157894737
Resurfacing Treatment Toner with Apple Cider,boscia,cleanser,28.0,"Glycolic Acid, Dipropylene Glycol, Sodium Hydroxide, Salicylic Acid, Acetic Acid, Simmondsia Chinensis Seed Extract, Epilobium Angustifolium Flower, Hydroxyacetophenone, 12Hexanediol, Caprylyl Glycol, Butylene Glycol, Aloe Barbadensis Leaf Juice Powder, Sodium Polyacrylate",28,4727,5.1,0.0,https://www.sephora.com/product/resurfacing-treatment-toner-with-apple-cider-P446918?icid2=products%20grid:p446918,5.1,5.490196078431373
Zero Oil™ Deep Pore Cleanser,Origins,cleanser,24.0,"Glycolic Acid, Dipropylene Glycol, Sodium Hydroxide, Salicylic Acid, Acetic Acid, Simmondsia Chinensis Seed Extract, Epilobium Angustifolium Flower, Hydroxyacetophenone, 12Hexanediol, Caprylyl Glycol, Butylene Glycol, Aloe Barbadensis Leaf Juice Powder, Sodium Polyacrylate",333,18188,5.0,0.0,https://www.sephora.com/product/zero-oil-deep-pore-cleanser-P297541?icid2=products%20grid:p297541,5.0,4.8
Solid Cleansing Oil - Coconut Oil Makeup Remover,Erborian,cleanser,39.0,"Helianthus Annuus Seed Oil, Cocos Nucifera Oil, Caprylic, Hydrogenated Vegetable Oil, MipaLaureth Sulfate, Laureth3, Cera Alba, Prunus Amygdalus Dulcis Oil, Laureth7 Citrate, Glyceryl Dibehenate, Centella Asiatica Extract, Camellia Sinensis Leaf Extract, Butyrospermum Parkii Butter, Ophiopogon Japonicus Root Extract, Polygonum Cuspidatum Root Extract, Scutellaria Baicalensis Root Extract, Glycyrrhiza Glabra Root Extract, Chamomilla Recutita Flower Extract, Rosmarinus Officinalis Leaf Extract, Hydrogenated Palm Glycerides Citrate, Tocopherol, TriBehenin, Glyceryl Behenate, Tocopherol, Butylene Glycol, Fragrance, Limonene, Linalool, CI 42090, CI 19140",237,14542,2.8,0.0,https://www.sephora.com/product/solid-cleansing-oil-P396091?icid2=products%20grid:p396091,2.8,13.928571428571427
Egg Mousse Soap Facial Cleanser,Too Cool For School,cleanser,20.0,"TeaCocoyl Glutamate, Palmitic Acid, Glycerin, Butane, Triethanolamine, Sodium Coco Amphoace Tate, Peg7 Glyceryl Cocoate, Propanediol, Sodium Cocoyl Glutamate, Propane, Myristic Acid, Milk Protein Extract, Egg Yolk Extract, Albumen Extract, Glyceryloleate, Betaine, CocoGlucoside, Sodium Chloride, Allantoin, Ethylhexylglycerin, Butylene Glycol, Hexylene Glycol, Disodium Edta, Phenoxyethanol, Fragrance",286,11102,0.0,5.07,https://www.sephora.com/product/egg-mousse-soap-facial-cleanser-P400281?icid2=products%20grid:p400281,5.07,3.9447731755424065
Darker Skin Tones Foam Cleanser,Dr. Barbara Sturm,cleanser,70.0,"Water, Cocamidopropyl Betaine, Sodium Lauroyl Glutamate, Sodium Chloride, Phenoxyethanol, Citric Acid, Panthenol, Propylene Glycol, Urea, Lactobacillus, Glycerin, Ethylhexyl Glycerin, Salicylic Acid, Sodium Hyaluronate, Alcohol, Leuconostoc, Tris Citrate, Pantolactone",0,203,5.0,0.0,https://www.sephora.com/product/dr-barbara-sturm-darker-skin-tones-foam-cleanser-P448545?icid2=products%20grid:p448545,5.0,14.0
Invisimatte Blotting Paper Refill,FENTY BEAUTY by Rihanna,cleanser,10.0,"Water, Cocamidopropyl Betaine, Sodium Lauroyl Glutamate, Sodium Chloride, Phenoxyethanol, Citric Acid, Panthenol, Propylene Glycol, Urea, Lactobacillus, Glycerin, Ethylhexyl Glycerin, Salicylic Acid, Sodium Hyaluronate, Alcohol, Leuconostoc, Tris Citrate, Pantolactone",15,10596,0.0,0.0,https://www.sephora.com/product/invisimatte-blotting-paper-refill-P48653278?icid2=products%20grid:p48653278,4.92609452736319,2.0300057062349426
Ain’t Misbehavin’® Healthy Toner with Glycolic & Lactic Acid,DERMAdoctor,cleanser,39.0,"SD Alcohol 40B, Lactic Acid, Glycolic Acid, Sodium Hydroxide, Polysorbate 20, PEG8 Dimethicone, Glycerin, Panthenol, Butylene Glycol, Camellia Oleifera Leaf Extract, Camellia Sinensis Leaf Extract, Chamomilla Recutita Flower Extract, Citrus Limon Peel Extract, Allantoin, PEG60 Almond Glycerides, Caprylyl Glycol, Sodium Hyaluronate, Carbomer, Nordihydroguaiaretic Acid, Oleanolic Acid",15,2507,6.0,0.0,https://www.sephora.com/product/ain-t-misbehavin-healthy-toner-with-glycolic-lactic-acid-P406920?icid2=products%20grid:p406920,6.0,6.5
Cucumber Cleansing Lotion,Mario Badescu,cleanser,15.0,"Isopropyl Alcohol, Propylene Glycol, Cucumis Sativus Fruit Extract, Polysorbate 20, Fragrance, Sodium Chloride, Yellow 5, Blue 1, Citronellol, Coumarin, AlphaIsomethyl Ionone",12,1853,8.0,0.0,https://www.sephora.com/product/mario-badescu-cucumber-cleansing-lotion-P440488?icid2=products%20grid:p440488,8.0,1.875
Rich Foaming Clarifying Cleanser,Primera,cleanser,25.0,"Methylglucamine, Lauric Acid, Peg8, Myristic Acid, Olive Oil Peg8 Esters, Sodium Cocoamphoacetate, Cocamidopropyl Betaine, Peg60 Hydrogenated Castor Oil, Fragrance, Phenoxyethanol, Potassium Cocoyl Glycinate, Sodium Chloride, Citric Acid, Disodium Edta, Salicylic Acid, Sodium Benzoate, Butylene Glycol, Melia Azadirachta Extract, Tetrasodium Edta, Brassica Oleracea Italica Extract, Borago Officinalis Extract, Brassica Oleracea Gemmifera Extract, Helianthus Annuus Extract, Fragaria Vesca Leaf Extract, Phyllanthus Emblica Extract",3,615,6.7,0.0,https://www.sephora.com/product/primera-rich-foaming-clarifying-cleanser-P447178?icid2=products%20grid:p447178,6.7,3.7313432835820897
Properly Clean,Go-To ,cleanser,24.0,"Methylglucamine, Lauric Acid, Peg8, Myristic Acid, Olive Oil Peg8 Esters, Sodium Cocoamphoacetate, Cocamidopropyl Betaine, Peg60 Hydrogenated Castor Oil, Fragrance, Phenoxyethanol, Potassium Cocoyl Glycinate, Sodium Chloride, Citric Acid, Disodium Edta, Salicylic Acid, Sodium Benzoate, Butylene Glycol, Melia Azadirachta Extract, Tetrasodium Edta, Brassica Oleracea Italica Extract, Borago Officinalis Extract, Brassica Oleracea Gemmifera Extract, Helianthus Annuus Extract, Fragaria Vesca Leaf Extract, Phyllanthus Emblica Extract",28,2150,5.07,0.0,https://www.sephora.com/product/properly-clean-P432265?icid2=products%20grid:p432265,5.07,4.733727810650887
No:Rinse Micellar Cleansing Treatment,Perricone MD,cleanser,45.0,"Methylglucamine, Lauric Acid, Peg8, Myristic Acid, Olive Oil Peg8 Esters, Sodium Cocoamphoacetate, Cocamidopropyl Betaine, Peg60 Hydrogenated Castor Oil, Fragrance, Phenoxyethanol, Potassium Cocoyl Glycinate, Sodium Chloride, Citric Acid, Disodium Edta, Salicylic Acid, Sodium Benzoate, Butylene Glycol, Melia Azadirachta Extract, Tetrasodium Edta, Brassica Oleracea Italica Extract, Borago Officinalis Extract, Brassica Oleracea Gemmifera Extract, Helianthus Annuus Extract, Fragaria Vesca Leaf Extract, Phyllanthus Emblica Extract",275,4071,4.0,0.0,https://www.sephora.com/product/blue-plasma-cleansing-treatment-P392882?icid2=products%20grid:p392882,4.0,11.25
Cucumber Water Stick,ILIA,cleanser,42.0,"Methylglucamine, Lauric Acid, Peg8, Myristic Acid, Olive Oil Peg8 Esters, Sodium Cocoamphoacetate, Cocamidopropyl Betaine, Peg60 Hydrogenated Castor Oil, Fragrance, Phenoxyethanol, Potassium Cocoyl Glycinate, Sodium Chloride, Citric Acid, Disodium Edta, Salicylic Acid, Sodium Benzoate, Butylene Glycol, Melia Azadirachta Extract, Tetrasodium Edta, Brassica Oleracea Italica Extract, Borago Officinalis Extract, Brassica Oleracea Gemmifera Extract, Helianthus Annuus Extract, Fragaria Vesca Leaf Extract, Phyllanthus Emblica Extract",26,5626,0.9,0.0,https://www.sephora.com/product/cucumber-water-stick-P418376?icid2=products%20grid:p418376,0.9,46.66666666666666
Purity Made Simple Micellar Cleansing Water Mini,philosophy,cleanser,12.0,"Poloxamer 184, Phenoxyethanol, Ppg1Peg9 Lauryl Glycol Ether, Sodium Pca, Disodium Lauroamphodiacetate, Sodium Trideceth Sulfate, Chlorphenesin, Tetrasodium EDTA, Hexylene Glycol, Citric Acid, Sodium Chloride, Panthenol, Isopropyl Alcohol, BHT, Pantolactone",1,0,0.0,3.4,https://www.sephora.com/product/purity-made-simple-micellar-cleansing-water-mini-P433159?icid2=products%20grid:p433159,3.4,3.5294117647058822
Triple Action Cleanser,Alpha-H,cleanser,44.0,"Peg7 Glyceryl Cocoate, Aloe Barbadensis Leaf Juice, Glycerin, Polysorbate 20, Phenoxyethanol, Caprylyl Glycol, Cucumis Sativus Extract, Acrylates, Potassium Hydroxide, Disodium Edta, Thymus Vulgaris Leaf Extract, Fragrance",3,368,6.25,0.0,https://www.sephora.com/product/triple-action-cleanser-P442545?icid2=products%20grid:p442545,6.25,7.04
Gentle Comfort Gel Cleanser for Sensitive Skin,Primera,cleanser,20.0,"Glycerin, Lauryl Glucoside, Cocamidopropyl Betaine, 12Hexanediol, Sodium Chloride, Citric Acid, Glyceryl Caprylate, Disodium Edta, Butylene Glycol, Sodium Benzoate, Ethylhexylglycerin, Glycoproteins, Tocopherol",8,910,3.3,0.0,https://www.sephora.com/product/primera-gentle-comfort-gel-cleanser-for-sensitive-skin-P447184?icid2=products%20grid:p447184,3.3,6.0606060606060606
No Makeup Easy Rinse Makeup-Removing Cleanser,Perricone MD,cleanser,35.0,"Cocamidopropyl Betaine, Sodium C1416 Olefin Sulfonate, Acrylates Copolymer, Glycerin, Dimethyl MEA, Tocopherol, Tetrahydrodiferuloylmethane, Tetrahydrodemethoxydiferuloylmethane, Olea Europaea Leaf Extract, Tetrahydrobisdemethoxydiferuloylmethane, Aloe Barbadensis Leaf Juice, Lecithin, Hydrolyzed Soy Protein, Lepidium Sativum Sprout Extract, Epigallocatechin Gallatyl Glucoside, Citric Acid, Tetrasodium Glutamate Diacetate, Hexylene Glycol, Benzyl Alcohol, Laureth4, Potassium Sorbate, Phenoxyethanol, Fragrance, Glycol Distearate, Linalool",0,126,6.0,0.0,https://www.sephora.com/product/perricone-md-no-makeup-easy-rinse-makeup-removing-cleanser-P455337?icid2=products%20grid:p455337,6.0,5.833333333333332
Thermal Cleansing Balm,Omorovicza,cleanser,110.0,"Cetearyl Ethylhexanoate, Prunus Amygdalus Dulcis Oil, Glyceryl Stearate, Stearyl Heptanoate, Squalane, Cera Alba, Polysorbate 20, Cetearyl Alcohol, Phenoxyethanol, Benzyl Alcohol, Limonene, Fragrance, Saccharomyces Ferment Extract, Tocopherol, Ethylhexylglycerin, Hungarian Thermal Linalool, Malpighia Punicifolia Fruit Extract, Phospholipids",326,7217,0.0,1.7,https://www.sephora.com/product/thermal-cleansing-balm-P296412?icid2=products%20grid:p296412,1.7,64.70588235294117
Hydra Life Time to Glow Ultra Fine Exfoliating Powder,Dior,cleanser,45.0,"Sucrose, Sodium Cocoyl Glycinate, Sodium Lauroyl Glutamate, Talc, Disodium Edta, Sodium Benzoate, Sorbic Acid, Parfum, Aqua, Butylene Glycol, Nelumbo Nucifera Seed Powder, Saponins, Bht, Tocopherol",17,1908,1.4,0.0,https://www.sephora.com/product/hydra-life-time-to-glow-ultra-fine-exfoliating-powder-P417611?icid2=products%20grid:p417611,1.4,32.142857142857146
Rosehip Cleanser,Indie Lee,cleanser,34.0,"Glycerin, Potassium Cocoate, Fragrance, Chondrus Crispus Extract, Rosa Rubiginosa Seed Oil, Phenethyl Alcohol, Pentylene Glycol, Propanediol, Xanthan Gum, Hexyl Cinnamal",36,1669,4.2,0.0,https://www.sephora.com/product/rosehip-cleanser-P434557?icid2=products%20grid:p434557,4.2,8.095238095238095
Evercalm™ Gentle Cleansing Gel,REN Clean Skincare,cleanser,28.0,"Glycerin, Potassium Cocoate, Fragrance, Chondrus Crispus Extract, Rosa Rubiginosa Seed Oil, Phenethyl Alcohol, Pentylene Glycol, Propanediol, Xanthan Gum, Hexyl Cinnamal",0,148,5.1,0.0,https://www.sephora.com/product/ren-evercalm-gentle-cleansing-gel-P455617?icid2=products%20grid:p455617,5.1,5.490196078431373
WASO: Gentle Cleanser,Shiseido,cleanser,28.0,"Sodium Laureth Sulfate, Cocamidopropyl Betaine, PEG8 Diisostearate, Glycerin, Sodium Chloride, Phenoxyethanol, Sodium Benzoate, Isostearic Acid, Fragrance, PEG10 Dimethicone, Caramel, Ethylhexyl Methoxycinnamate, Disodium Edta, Citric Acid, Limonene, Betaine, Honey, Butylene Glycol, Tocopherol, Royal Jelly Extract, BHT",262,2129,5.0,0.0,https://www.sephora.com/product/waso-quick-gentle-cleanser-P421772?icid2=products%20grid:p421772,5.0,5.6
The 2 in 1 Oil Mask,SEPHORA COLLECTION,cleanser,6.0,"Cetyl Ethylhexanoate, Caprylic, Polyglyceryl10 Dioleate, Pentaerythrityl Tetraethylhexanoate, Hydrogenated Polyisobutene, Polyglyceryl2 Sesquicaprylate, Hydrogenated C614 Olefin Polymers, Helianthus Annuus Seed Oil, Limnanthes Alba Seed Oil, Tocopherol, Parfum, Glycine Soja Oil, Aloe Barbadensis Leaf Extract, Bixa Orellana Seed Oil",10,993,0.0,0.0,https://www.sephora.com/product/the-2-in-1-oil-mask-P445448?icid2=products%20grid:p445448,4.92609452736319,1.2180034237409656
Wrinkle Revenge® Antioxidant Enhanced Glycolic Acid Facial Cleanser,DERMAdoctor,cleanser,32.0,"Glycolic Acid, Sorbitol, Cetyl Alcohol, Stearyl Alcohol, Ammonium Hydroxide, Ammonium Lauryl Sulfate, Camellia Sinensis Leaf Extract, Punica Granatum Extract, Ubiquinone, Sodium Ascorbyl Phosphate, Tocopheryl Acetate, Glycerin, Caprylic, Methylparaben, Propylparaben",22,837,6.0,0.0,https://www.sephora.com/product/wrinkle-revenge-antioxidant-enhanced-glycolic-acid-facial-cleanser-P407041?icid2=products%20grid:p407041,6.0,5.333333333333333
High Potency Classics: Nutritive Cleanser,Perricone MD,cleanser,35.0,"Sodium Laureth Sulfate, Lauryl Glucoside, Cocamidopropyl Betaine, PPG2 Hydroxyethyl Coco, Dimethyl MEA, Thioctic Acid, Magnesium Aspartate, Zinc Gluconate, Copper Gluconate, Citric Acid, Sodium Chloride, Disodium EDTA, Benzophenone4, Methylchloroisothiazolinone, Methylisothiazolinone, Fragrance",433,6422,6.0,0.0,https://www.sephora.com/product/nutritive-cleanser-P211307?icid2=products%20grid:p211307,6.0,5.833333333333332
Cleansing Oil Capsules,Eve Lom,cleanser,75.0,"Caprylic, Vitis Vinifera Seed Oil, Isopropyl Isostearate, Isopropyl Myristate, Triisostearin, Crambe Abyssinica Seed Oil, Laureth7 Citrate, Camelina Sativa Seed Oil, C1213 Pareth3, Polyglyceryl4 Oleate, Chamomilla Recutita Flower Oil, Eucalyptus Globulus Leaf Oil, Eugenia Caryophyllus Leaf Oil, Humulus Lupulus Cone Oil, Magnolia Officinalis Bark Extract, Tocopherol, Eugenol, Limonene",3,935,0.0,2.0,https://www.sephora.com/product/cleansing-oil-capsules-P450240?icid2=products%20grid:p450240,2.0,37.5
Revitalizing Supreme+ Global Anti-Aging Instant Refinishing Facial,Estée Lauder,cleanser,59.0,"Caprylic, Vitis Vinifera Seed Oil, Isopropyl Isostearate, Isopropyl Myristate, Triisostearin, Crambe Abyssinica Seed Oil, Laureth7 Citrate, Camelina Sativa Seed Oil, C1213 Pareth3, Polyglyceryl4 Oleate, Chamomilla Recutita Flower Oil, Eucalyptus Globulus Leaf Oil, Eugenia Caryophyllus Leaf Oil, Humulus Lupulus Cone Oil, Magnolia Officinalis Bark Extract, Tocopherol, Eugenol, Limonene",6,729,2.5,0.0,https://www.sephora.com/product/revitalizing-supreme-global-anti-aging-instant-refinishing-facial-P422653?icid2=products%20grid:p422653,2.5,23.6
Amazing Exfoliating Water,KENZOKI,cleanser,29.0,Ginger Oil: Softens,7,885,6.7,0.0,https://www.sephora.com/product/amazing-exfoliating-water-P407623?icid2=products%20grid:p407623,6.7,4.328358208955224
Cleansing Herb Water,belif,cleanser,26.0,"Dipropylene Glycol, Eucalyptus Globulus Leaf Extract, Olive Oil PEG7 Esters, PEG6 Caprylic, 12Hexanediol, Mentha Rotundifolia Leaf Extract, Rosa Canina Fruit Extract, Arctium Lappa Root Extract, Hypericum Perforatum Extract, Peucedanum Graveolens Extract, Avena Sativa Kernel Extract, Calendula Officinalis Flower Extract, Nepeta Cataria Extract, Rubus Idaeus Leaf Extract, Baptisia Tinctoria Root Extract, Stellaria Media Extract, Panthenol, Sodium Citrate, Trisodium EDTA, Fragrance, Limonene Napiers Original Formula Fragrances of Natural Origin Herb Extract 5%",20,2808,6.75,0.0,https://www.sephora.com/product/cleansing-herb-water-P394629?icid2=products%20grid:p394629,6.75,3.851851851851852
Advanced Night Micro Cleansing Foam,Estée Lauder,cleanser,32.0,"Dipropylene Glycol, Eucalyptus Globulus Leaf Extract, Olive Oil PEG7 Esters, PEG6 Caprylic, 12Hexanediol, Mentha Rotundifolia Leaf Extract, Rosa Canina Fruit Extract, Arctium Lappa Root Extract, Hypericum Perforatum Extract, Peucedanum Graveolens Extract, Avena Sativa Kernel Extract, Calendula Officinalis Flower Extract, Nepeta Cataria Extract, Rubus Idaeus Leaf Extract, Baptisia Tinctoria Root Extract, Stellaria Media Extract, Panthenol, Sodium Citrate, Trisodium EDTA, Fragrance, Limonene Napiers Original Formula Fragrances of Natural Origin Herb Extract 5%",22,1578,3.4,0.0,https://www.sephora.com/product/advanced-night-micro-cleansing-foam-P408273?icid2=products%20grid:p408273,3.4,9.411764705882351
Green Barley Refining Bubble Cleanser,innisfree,cleanser,14.0,"Lauric Acid, Glycerin, Myristic Acid, Peg8, Sorbitol, Potassium Hydroxide, Peg75, Alcohol, Saccharomyces, Cocamidopropyl Betaine, Peg60 Hydrogenated Castor Oil, Fragrance, Potassium Cocoyl Glycinate, Sodium Chloride, Disodium Edta, Propanediol, Hordeum Vulgare Seed Extract, Oryza Sativa Extract, Sodium Benzoate, Phenoxyethanol, Camellia Japonica Leaf Extract, Camellia Sinensis Leaf Extract, Citrus Unshiu Peel Extract, Opuntia Coccinellifera Fruit Extract, Orchid Extract, Ethylhexylglycerin, Citric Acid",3,623,5.07,0.0,https://www.sephora.com/product/green-barley-refining-bubble-cleanser-P449863?icid2=products%20grid:p449863,5.07,2.7613412228796843
Magic Mattifying Balm & Blotting Sheet Duo,trèStiQue,cleanser,28.0,90% Natural Wood Paper Pulp,9,2711,0.21,0.0,https://www.sephora.com/product/magic-mattifying-balm-blotting-sheet-duo-P416573?icid2=products%20grid:p416573,0.21,133.33333333333334
Extra-Gentle Bi-Phase Makeup Remover For Eyes & Lips,SEPHORA COLLECTION,cleanser,14.0,"Hydrogenated Polyisobutene, Butylene Glycol, Undecane, Tridecane, 12Hexanediol, Fructose, Phenoxyethanol, Fragrance, Disodium EDTA, Gossypium Herbaceum Seed Oil, PPG26Buteth26, PEG40 Hydrogenated Castor Oil, Xanthan Gum, Sodium Hydroxide, Caramel, Tocopherol, Helianthus Annuus Seed Oil, CI 16035",36,2133,4.22,0.0,https://www.sephora.com/product/extra-gentle-bi-phase-makeup-remover-for-eyes-lips-P429979?icid2=products%20grid:p429979,4.22,3.3175355450236967
Light Controlling Lotion,Erno Laszlo,cleanser,68.0,"Alcohol Denat, Glycerin, Polysorbate 80, Fragrance, Alpha Isomethyl Ionone, Amyl Cinnamal, Amylcinnamyl Alcohol, Benzyl Alcohol, Benzyl Benzoate, Benzyl Salicylate, Cinnamyl Alcohol, Citral, Citronellol, Eugenol, Geraniol, Hexyl Cinnamal, Hydroxycitronellol, Isoeugenol, Limonene, Linalool",16,1406,6.8,0.0,https://www.sephora.com/product/light-controlling-lotion-P392629?icid2=products%20grid:p392629,6.8,10.0
Oil-Control Toner,Jack Black,cleanser,25.0,"Water Hamamelis Virginiana  Butylene Glycol, Polysorbate 20, Propanediol, Lactic Acid, Salicylic Acid, Glycerin, Menthyl Lactate, Geranium Maculatum Oil, Rosmarinus Oficinalis Leaf Oil, Moringa Pterygosperma Seed Extract, Betula Alba Juice, Hydrolyzed Rhodophycea Extract, Saccharomyces Ferment Filtrate, Iris Germanica Florentina Root Extract, Leuconostoc Ferment Filtrate, Sodium Hyaluronate, Anthemis Nobilis Flower Oil, Aloe Barbadensis Leaf Extract, Anthemis Nobilis Flower Extract, Cucumis Sativus Fruit Extract, Panax Ginseng Root Extract, Biotin, Retinyl Palmitate, Tocopheryl Acetate, Sodium Citrate, Citric Acid, Sodium Benzoate, Potassium Sorbate, Benzoic Acid, Oleth20, Caprylic, Disodium EDTA, Zinc PCA, Phenoxyethanol Certified Organic",1,301,8.0,0.0,https://www.sephora.com/product/oil-control-toner-P432240?icid2=products%20grid:p432240,8.0,3.125
Facial cleansing and exfoliating tool,SEPHORA COLLECTION,cleanser,8.0,"Water Hamamelis Virginiana  Butylene Glycol, Polysorbate 20, Propanediol, Lactic Acid, Salicylic Acid, Glycerin, Menthyl Lactate, Geranium Maculatum Oil, Rosmarinus Oficinalis Leaf Oil, Moringa Pterygosperma Seed Extract, Betula Alba Juice, Hydrolyzed Rhodophycea Extract, Saccharomyces Ferment Filtrate, Iris Germanica Florentina Root Extract, Leuconostoc Ferment Filtrate, Sodium Hyaluronate, Anthemis Nobilis Flower Oil, Aloe Barbadensis Leaf Extract, Anthemis Nobilis Flower Extract, Cucumis Sativus Fruit Extract, Panax Ginseng Root Extract, Biotin, Retinyl Palmitate, Tocopheryl Acetate, Sodium Citrate, Citric Acid, Sodium Benzoate, Potassium Sorbate, Benzoic Acid, Oleth20, Caprylic, Disodium EDTA, Zinc PCA, Phenoxyethanol Certified Organic",28,2486,0.0,0.0,https://www.sephora.com/product/facial-cleansing-exfoliating-tool-P439673?icid2=products%20grid:p439673,4.92609452736319,1.6240045649879542
Grapefruit Creamy Scrub,SEPHORA COLLECTION,cleanser,6.0,"Aqua, Glyceryl Stearate, Glycerin, Dicaprylyl Carbonate, Palmitic Acid, Stearic Acid, Hydrated Silica, Caprylyl, Sodium Polyacrylate, Cetearyl Glucoside, Hydroxyacetophenone, Sorbitan Olivate, Citrus Aurantium Dulcis Peel Powder, Parfum, Potassium Cetyl Phosphate, Butylene Glycol, Microcrystalline Cellulose, Xanthan Gum, OCymen5Ol, Cellulose, Cetearyl Alcohol, Sodium Hydroxide, Diethylhexyl Syringylidenemalonate, Citrus Paradisi Fruit Extract, Charcoal Powder, Citric Acid, CI 16035, Caprylic, CI 19140, Tocopherol, Denatonium Benzoate",2,237,0.0,0.0,https://www.sephora.com/product/sephora-collection-grapefruit-creamy-scrub-P455214?icid2=products%20grid:p455214,4.92609452736319,1.2180034237409656
Canadian Clay Pore Cleanser,Neogen Dermalogy,cleanser,27.0,"Aqua, Glyceryl Stearate, Glycerin, Dicaprylyl Carbonate, Palmitic Acid, Stearic Acid, Hydrated Silica, Caprylyl, Sodium Polyacrylate, Cetearyl Glucoside, Hydroxyacetophenone, Sorbitan Olivate, Citrus Aurantium Dulcis Peel Powder, Parfum, Potassium Cetyl Phosphate, Butylene Glycol, Microcrystalline Cellulose, Xanthan Gum, OCymen5Ol, Cellulose, Cetearyl Alcohol, Sodium Hydroxide, Diethylhexyl Syringylidenemalonate, Citrus Paradisi Fruit Extract, Charcoal Powder, Citric Acid, CI 16035, Caprylic, CI 19140, Tocopherol, Denatonium Benzoate",58,4526,4.2,0.0,https://www.sephora.com/product/canadian-clay-pore-cleanser-P418823?icid2=products%20grid:p418823,4.2,6.428571428571428
Hydra Melting Cleanser,Omorovicza,cleanser,95.0,"Essential Oils of Sage, Rose Geranium And Roman Chamomile: Calm the senses",5,929,3.4,0.0,https://www.sephora.com/product/hydra-melting-cleanser-P434337?icid2=products%20grid:p434337,3.4,27.94117647058824
Yo Glow Facial Enzyme Scrub,Wishful,cleanser,39.0,"Cellulose, Butylene Glycol, Propylene Glycol, Alcohol, 12Hexanediol, Bromelain, Ananas Sativus Fruit Extract, Papain, Carica Papaya Fruit Extract, Citric Acid, Lactic Acid, Malic Acid, Salicylic Acid, Tartaric Acid, Glycolic Acid, Zingiber Officinale Root Extract, Glycerin, Rosa Centifolia Flower Extract, Cocos Nucifera Fruit Extract, Prunus Amygdalus Dulcis Oil, Salix Alba Bark Extract, Saccharum Officinarum Extract, Acer Saccharum Extract, Camellia Japonica Leaf Extract, Citrus Paradisi Seed Extract, Phellodendron Amurense Bark Extract, Mannitol, Psidium Guajava Leaf Extract, Camellia Sinensis Leaf Extract, Mangifera Indica Fruit Extract, Musa Sapientum Fruit Extract, Passiflora Edulis Fruit Extract, Citrus Aurantium Dulcis Fruit Extract, Citrus Limon Fruit Extract, Vaccinium Myrtillus Fruit Extract, Magnolia Officinalis Bark Extract, Sodium Hyaluronate, Ethylhexylglycerin, Gluconolactone, Polysorbate 20, Carbomer, Tromethamine, Propanediol, Disodium Edta, Phenoxyethanol, Benzyl Alcohol, Fragrance",4,605,3.38,0.0,https://www.sephora.com/product/wishful-by-huda-yo-glow-facial-enzyme-scrub-P455676?icid2=products%20grid:p455676,3.38,11.538461538461537
Facial Scrub,Anthony,cleanser,36.0,"Polyethylene, Disodium Laureth Sulfosuccinate, CocoBetaine, Acrylates, Sodium Lauroyl Sarcosinate, Decyl Glucoside, Glycerin, Peg7 Glyceryl Cocoate, Simmondsia Chinensis Seed Oil, Rice Oil Glycereth8 Esters, Coral Powder, Chamomilla Recutita Flower Extract, Citrus Aurantium Dulcis Flower Extract, Algae Extract, Aloe Barbadensis Leaf Juice Powder, Propanediol, Panthenol, Fragrance, Aminomethyl Propanol, Tetrasodium Edta, Ascorbic Acid, Phenoxyethanol, Benzyl Alcohol, Potassium Sorbate, Chlorphenesin, Sodium Benzoate, Methylisothiazolinone, Limonene, Blue 1, Red 4, Yellow 5",71,2278,8.0,0.0,https://www.sephora.com/product/facial-scrub-P9036?icid2=products%20grid:p9036,8.0,4.5
Vitamin C Ester Citrus Brightening Cleanser,Perricone MD,cleanser,35.0,"Sodium Laureth Sulfate, Decyl Glucoside, Cocamidopropyl Betaine, PPG2 Hydroxyethyl Coco, Sodium Chloride, Dimethyl MEA, Ascorbyl Palmitate, Disodium EDTA, Citric Acid, Benzophenone4, Magnesium Aspartate, Zinc Gluconate, Fragrance, Limonene, Copper Gluconate, Methylchloroisothiazolinone, Methylisothiazolinone",179,4645,6.0,0.0,https://www.sephora.com/product/citrus-facial-wash-P211326?icid2=products%20grid:p211326,6.0,5.833333333333332
Lathering Tube Soap,Bobbi Brown,cleanser,38.0,"Sodium Laureth Sulfate, Decyl Glucoside, Cocamidopropyl Betaine, PPG2 Hydroxyethyl Coco, Sodium Chloride, Dimethyl MEA, Ascorbyl Palmitate, Disodium EDTA, Citric Acid, Benzophenone4, Magnesium Aspartate, Zinc Gluconate, Fragrance, Limonene, Copper Gluconate, Methylchloroisothiazolinone, Methylisothiazolinone",46,1782,4.2,0.0,https://www.sephora.com/product/lathering-tube-soap-P270590?icid2=products%20grid:p270590,4.2,9.047619047619047
ExfoliKate® Gentle Exfoliating Treatment,Kate Somerville,cleanser,65.0,"Polyethylene, Lactic Acid, Glycereth26, Prunus Amygdalus Dulcis Oil, Sesamum Indicum Seed Oil, Stearic Acid, Mel, Hydroxylated Lecithin, Papain, Polyacrylamide, Ceteareth20, Cetearyl Alcohol, Triethanolamine, C1314 Isoparaffin, Cetyl Alcohol, Butylene Glycol, Glyceryl Stearate, PEG100 Stearate, Laureth7, Caffeine, Chlorphenesin, Citrus Aurantium Dulcis Peel Oil, Phospholipids, Dehydroxanthan Gum, Cucurbita Pepo Seed Extract, Pelargonium Graveolens Flower Oil, Bromelain, Potassium Sorbate, Sodium Benzoate, Ascorbyl Palmitate, Disodium EDTA, Melissa Officinalis Leaf Oil, Retinyl Palmitate, Salvia Officinalis Oil, Tocopheryl Acetate, Aloe Barbadensis Leaf Juice Powder, Limonene, Linalool, Citral, ChlorophyllinCopper Complex",151,4909,2.0,0.0,https://www.sephora.com/product/exfolikate-gentle-exfoliating-treatment-P232925?icid2=products%20grid:p232925,2.0,32.5
Detox Daily Cleanser,Kate Somerville,cleanser,36.0,"Sodium Laureth Sulfate, Acrylates Copolymer, Cocamidopropyl Betaine, Glycerin, Polysorbate 20, Phytic Acid, Sodium Hydroxide, Salicylic Acid, Sodium Citrate, Butylene Glycol, Citrus Reticulata Peel Oil, Sodium PCA, Melaleuca Alternifolia Leaf Oil, Cyanocobalamin, Urea, Panthenol, Glycolic Acid, Lactic Acid, Allantoin, Aloe Barbadensis Leaf Juice Powder, Sodium Riboflavin Phosphate, Citric Acid, Disodium EDTA, Potassium Sorbate, Sodium Benzoate, Chlorphenesin, Limonene",515,11717,0.0,4.0,https://www.sephora.com/product/detox-daily-cleanser-P232905?icid2=products%20grid:p232905,4.0,9.0
Gentle Foaming Face Wash,Skin Laundry,cleanser,20.0,"Sodium Lauroyl Methyl Isethionate, Cocamidopropyl Betaine, Sodium Methyl Cocoyl Taurate, Sodium Cocoyl Isethionate, Glycerin, Cetyl Betaine, Chamomilla Recutita Flower Extract, Cucumis Sativus Fruit Extract, PEG50 Shea Butter, Panthenol, Sodium PCA, Hexylene Glycol, Citric Acid, Ethylhexylglycerin, Caprylyl Glycol, Phenoxyethanol, Fragrance",194,7229,6.7,0.0,https://www.sephora.com/product/gentle-foaming-face-wash-P416312?icid2=products%20grid:p416312,6.7,2.985074626865672
Ain’t Misbehavin’® Medicated AHA/BHA Acne Cleanser,DERMAdoctor,cleanser,32.0,"Aqua, Glycolic Acid, Sodium Glycolate, Sorbitol, Ammonium Lauryl Sulfate, Cetyl Alcohol, Stearyl Alcohol, Caprylic, Arachidyl Alcohol, Behenyl Alcohol, Arachidyl Glucoside, Glyceryl Stearate, PEG100 Stearate, Hamamelis Virginiana Extract, Methyl Methacrylate, Allantoin, Disodium EDTA, Methylparaben, Propylparaben",748,8296,7.1,0.0,https://www.sephora.com/product/ain-t-misbehavin-medicated-aha-bha-acne-cleanser-P181704?icid2=products%20grid:p181704,7.1,4.507042253521127
Purify Clarifying Cleanser,Kate Somerville,cleanser,34.0,"Aqua, Glycolic Acid, Sodium Glycolate, Sorbitol, Ammonium Lauryl Sulfate, Cetyl Alcohol, Stearyl Alcohol, Caprylic, Arachidyl Alcohol, Behenyl Alcohol, Arachidyl Glucoside, Glyceryl Stearate, PEG100 Stearate, Hamamelis Virginiana Extract, Methyl Methacrylate, Allantoin, Disodium EDTA, Methylparaben, Propylparaben",73,1319,4.0,0.0,https://www.sephora.com/product/purify-clarifying-cleanser-P232913?icid2=products%20grid:p232913,4.0,8.5
Cold Cream Moisturizing Cleanser + Makeup Remover,Kate Somerville,cleanser,48.0,"Tridecyl Stearate, Tridecyl Trimellitate, Stearyl Alcohol, Dipentaerythrityl Hexacaprylate, Steareth2, Steareth21, Undecane, Propanediol, Tridecane, Bellis Perennis Flower Extract, Jasminum Officinale Flower, Rosa Centifolia Flower Extract, Honey Extract, Tocopherol, Tocopheryl Acetate, Helianthus Annuus Seed Oil, Glycerin, Xanthan Gum, Sodium Polyacrylate, 12Hexanediol, Caprylhydroxamic Acid, Parfum, Sodium Benzoate, Phenoxyethanol, Potassium Sorbate, Benzyl Benzoate, Linalool, Hexyl Cinnamal, Limonene, Benzyl Salicylate",140,5003,3.0,0.0,https://www.sephora.com/product/cold-cream-moisturizing-cleanser-makeup-remover-P430810?icid2=products%20grid:p430810,3.0,16.0
Buffing Grains Exfoliate For Face,Bobbi Brown,cleanser,50.0,"Tridecyl Stearate, Tridecyl Trimellitate, Stearyl Alcohol, Dipentaerythrityl Hexacaprylate, Steareth2, Steareth21, Undecane, Propanediol, Tridecane, Bellis Perennis Flower Extract, Jasminum Officinale Flower, Rosa Centifolia Flower Extract, Honey Extract, Tocopherol, Tocopheryl Acetate, Helianthus Annuus Seed Oil, Glycerin, Xanthan Gum, Sodium Polyacrylate, 12Hexanediol, Caprylhydroxamic Acid, Parfum, Sodium Benzoate, Phenoxyethanol, Potassium Sorbate, Benzyl Benzoate, Linalool, Hexyl Cinnamal, Limonene, Benzyl Salicylate",29,4860,0.99,0.0,https://www.sephora.com/product/buffing-grains-for-face-P378154?icid2=products%20grid:p378154,0.99,50.5050505050505
"Calm, Cool & Corrected® Tranquility Cleanser for Seborrheic Dermatitis & Dandruff",DERMAdoctor,cleanser,32.0,"Pyrithione Zinc 2%, Sodium Laureth Sulfate, Cocamidopropyl Betaine, PEG7 Glyceryl Cocoate, Polyquaternium7, Acrylates, Allantoin, PEG12 Dimethicone, Sodium Hydroxide, Phenoxyethanol, Methylparaben, Ethylparaben, Propylparaben, Butylparaben, Isobutylparaben",13,1217,6.0,0.0,https://www.sephora.com/product/calm-cool-corrected-calming-tranquility-cleanser-with-2-pyrithione-zinc-for-seborrheic-dermatitis-P406921?icid2=products%20grid:p406921,6.0,5.333333333333333
Color Smart Cleanser & Mask,Dr. Dennis Gross Skincare,cleanser,28.0,"Glycerin, Isopentyldiol, Myristic Acid, Sodium Methyl Cocoyl Taurate, Lauric Acid, Palmitic Acid, Stearic Acid, Titanium Dioxide, Polyglyceryl10 Pentastearate, Ascorbyl Tetraisopalmitate, Sodium Ascorbyl Phosphate, Citric Acid, Citrus Aurantium Dulcis Oil, Sodium Hyaluronate, 3OEthyl Ascorbic Acid, Carica Papaya Fruit Extract, Citrus Aurantium Dulcis Peel Extract, Kaolin, Centella Asiatica Extract, Algae Extract, Dipotassium Glycyrrhizate, Papain, Glycolic Acid, Retinyl Palmitate, Iris Florentina Root Extract, Rosa Damascena Extract, Camellia Sinensis Leaf Extract, Magnesium Aluminum Silicate, Maltodextrin, Montmorillonite, Behenyl Alcohol, Sucrose, Hydroxypropyl Methylcellulose, Sodium Stearoyl Lactylate, Glycol Distearate, Lecithin, Ethylcellulose, Polymethyl Methacrylate, Potassium Hydroxide, Phenoxyethanol, Mica, Iron Oxide",32,2600,3.2,0.0,https://www.sephora.com/product/color-smart-cleanser-mask-P392949?icid2=products%20grid:p392949,3.2,8.75
Oil-in-Foam Cleanser,SEPHORA COLLECTION,cleanser,16.0,"Cetearyl Isononanoate, Isopropyl Palmitate, Butane, Glycereth26, Polysorbate 20, CocoGlucoside, Propane, Parfum, Coconut Alcohol, Phenoxyethanol, Sodium Acrylate, Isobutane, Isohexadecane, Polysorbate 80, Sorbitan Oleate, Citric Acid, Mel, Sodium Hydroxide",23,2441,5.0,0.0,https://www.sephora.com/product/oil-in-foam-cleanser-P418358?icid2=products%20grid:p418358,5.0,3.2
Hydra Life Triple Impact Makeup Remover,Dior,cleanser,34.0,"Cetearyl Isononanoate, Isopropyl Palmitate, Butane, Glycereth26, Polysorbate 20, CocoGlucoside, Propane, Parfum, Coconut Alcohol, Phenoxyethanol, Sodium Acrylate, Isobutane, Isohexadecane, Polysorbate 80, Sorbitan Oleate, Citric Acid, Mel, Sodium Hydroxide",31,1668,4.2,0.0,https://www.sephora.com/product/hydra-life-triple-impact-makeup-remover-P429674?icid2=products%20grid:p429674,4.2,8.095238095238095
Micro Cleanse Super Scrub,Alpha-H,cleanser,50.0,"Caprylic, Glycolic Acid, Glyceryl Stearate, Hydrogenated Jojoba Oil, Potassium Hydroxide, Glycerin, Ceteth20, Cetearyl Alcohol, Cetyl Alcohol, Oryza Sativa Bran Cera, Macadamia Integrifolia Seed Oil, Phenoxyethanol, Caffeine, Tocopheryl Acetate, Caprylyl Glycol, Dimethicone, Xanthan Gum, Coffea Arabica Seed Extract, Mentha Piperita Oil, Cucumis Sativus Fruit Extract",2,421,3.38,0.0,https://www.sephora.com/product/micro-cleanse-super-scrub-P442544?icid2=products%20grid:p442544,3.38,14.792899408284025
Capture Totale C.E.L.L. ENERGY High-Performance Gentle Cleanser,Dior,cleanser,45.0,"Caprylic, Glycolic Acid, Glyceryl Stearate, Hydrogenated Jojoba Oil, Potassium Hydroxide, Glycerin, Ceteth20, Cetearyl Alcohol, Cetyl Alcohol, Oryza Sativa Bran Cera, Macadamia Integrifolia Seed Oil, Phenoxyethanol, Caffeine, Tocopheryl Acetate, Caprylyl Glycol, Dimethicone, Xanthan Gum, Coffea Arabica Seed Extract, Mentha Piperita Oil, Cucumis Sativus Fruit Extract",0,92,5.0,0.0,https://www.sephora.com/product/dior-capture-totale-cell-energy-high-performance-gentle-cleanser-P454809?icid2=products%20grid:p454809,5.0,9.0
C-Firma™ Vitamin C Day Serum,Drunk Elephant,facial-treatments,80.0,"Dimethyl Isosorbide, Ascorbic Acid, Laureth23, Glycerin, Lactobacillus, Sclerocarya Birrea Seed Oil, Dipotassium Glycyrrhizate, Glycyrrhiza Glabra Root Extract, Vitis Vinifera Juice Extract, Phyllanthus Emblica Fruit Extract, Camellia Sinensis Leaf Extract, Tocopherol, Lactobacillus, Sodium Hyaluronate Crosspolymer, Hydrolyzed Quinoa, Phytosterols, Glutamylamidoethyl Imidazole, Hydrolyzed Wheat Protein, Ferulic Acid, Acetyl Glucosamine, Sodium Hyaluronate, Tetrahydrobisdemethoxydiferuloylmethane, Tetrahydrodemethoxydiferuloylmethane, Tetrahydrodiferuloylmethane, Glycine, Leuconostoc, Sucrose, Maltodextrin, Chondrus Crispus Extract, Hydroxyethyl Acrylate, Isohexadecane, Phenoxyethanol, Caprylhydroxamic Acid, Caprylyl Glycol, Sorbitan Isostearate, Propanediol, Pentylene Glycol, Xanthan Gum, Butylene Glycol, Sodium Hydroxide, Chlorphenesin, Polysorbate 60, Sodium Dehydroacetate, Potassium Sorbate, Sorbic Acid, Ethylhexylglycerin",2000,185643,1.0,0.0,https://www.sephora.com/product/c-firma-day-serum-P400259?icid2=products%20grid:p400259,1.0,80.0
AHA 30% + BHA 2% Peeling Solution,The Ordinary,facial-treatments,7.2,"Glycolic Acid, Aloe Barbadensis Leaf Sodium Hydroxide, Daucus Carota Sativa Extract, Propanediol, Cocamidopropyl Dimethylamine, Salicylic Acid, Potassium Citrate, Lactic Acid, Tartaric Acid, Citric Acid, Panthenol, Sodium Hyaluronate Crosspolymer, Tasmannia Lanceolata Fruit, Glycerin, Pentylene Glycol, Xanthan gum, Polysorbate 20, Trisodium Ethylenediamine Disuccinate, Potassium Sorbate, Sodium Benzoate, Ethylhexylglycerin, 12Hexanediol, Caprylyl Glycol",1000,157433,1.0,0.0,https://www.sephora.com/product/aha-30-bha-2-peeling-solution-P442563?icid2=products%20grid:p442563,1.0,7.2
Niacinamide 10% + Zinc 1%,The Ordinary,facial-treatments,5.9,"Niacinamide, Pentylene Glycol, Zinc PCA, Tamarindus Indica Seed Gum, Xanthan Gum, Isoceteth20, Ethoxydiglycol, Phenoxyethanol, Chlorphenesin",1000,187642,0.0,1.0,https://www.sephora.com/product/the-ordinary-deciem-niacinamide-10-zinc-1-P427417?icid2=products%20grid:p427417,1.0,5.9
T.L.C. Framboos™ Glycolic Resurfacing Night Serum,Drunk Elephant,facial-treatments,90.0,"Glycolic Acid, Butylene Glycol, Glycerin, Sodium Hydroxide, Salicylic Acid, Lactic Acid, Citric Acid, Vitis Vinifera Juice Extract, Aloe Barbadensis Leaf Juice, Opuntia FicusIndica Extract, Aesculus Hippocastanum Seed Extract, Camellia Sinensis Leaf Extract, Rubus Idaeus Fruit Extract, Saccharomyces Cerevisiae Extract, Buddleja Davidii Meristem Cell Culture, Sclerocarya Birrea Seed Oil, Sodium Hyaluronate Crosspolymer, Allantoin, Hydroxyethylcellulose, Galactoarabinan, Propanediol, Disodium EDTA, Xanthan Gum, Hexylene Glycol, Phenoxyethanol, Caprylyl Glycol, Ethylhexylglycerin, Sodium Nitrate, Potassium Sorbate, Pentylene Glycol, Sodium Benzoate",2000,181136,0.0,1.0,https://www.sephora.com/product/t-l-c-framboos-tm-glycolic-night-serum-P392246?icid2=products%20grid:p392246,1.0,90.0
Hyaluronic Acid 2% + B5,The Ordinary,facial-treatments,6.8,"Sodium Hyaluronate, Pentylene Glycol, Propanediol, Sodium Hyaluronate Crosspolymer, Panthenol, Ahnfeltia Concinna Extract, Glycerin, Trisodium Ethylenediamine Disuccinate, Citric Acid, Isoceteth20, Ethoxydiglycol, Ethylhexylglycerin, Hexylene Glycol, 12Hexanediol, Phenoxyethanol, Caprylyl Glycol",1000,171150,0.0,1.0,https://www.sephora.com/product/the-ordinary-deciem-hyaluronic-acid-2-b5-P427419?icid2=products%20grid:p427419,1.0,6.8
Alpha Beta® Extra Strength Daily Peel,Dr. Dennis Gross Skincare,facial-treatments,88.0,"Sodium Bicarbonate, Resveratrol, Retinol, Ascorbic Acid, Ubiquinone, Ascorbyl Palmitate, Phospholipids, Retinyl Palmitate, Tocopheryl Acetate, Soy Isoflavones, Achillea Millefolium Extract, Camellia Sinensis Leaf Extract, Raphanus Sativus Root Extract, Copper PCA, Sodium PCA, Zinc PCA, Lecithin, Polysorbate 20, Polysorbate 80, Alcohol, BHT, Octoxynol9, Simethicone, Tetrasodium EDTA, Sodium Benzoate, Phenoxyethanol",5000,108002,0.0,0.0,https://www.sephora.com/product/alpha-beta-peel-extra-strength-daily-peel-P269122?icid2=products%20grid:p269122,1.3213098086124409,66.60058029268113
Truth Serum®,OLEHENRIKSEN,facial-treatments,24.0,"Sodium Bicarbonate, Resveratrol, Retinol, Ascorbic Acid, Ubiquinone, Ascorbyl Palmitate, Phospholipids, Retinyl Palmitate, Tocopheryl Acetate, Soy Isoflavones, Achillea Millefolium Extract, Camellia Sinensis Leaf Extract, Raphanus Sativus Root Extract, Copper PCA, Sodium PCA, Zinc PCA, Lecithin, Polysorbate 20, Polysorbate 80, Alcohol, BHT, Octoxynol9, Simethicone, Tetrasodium EDTA, Sodium Benzoate, Phenoxyethanol",5000,201593,0.0,0.5,https://www.sephora.com/product/truth-serum-P42343?skuId=1910488&icid2=products%20grid:p42343,0.5,48.0
T.L.C. Sukari Babyfacial™  25% AHA + 2% BHA Mask,Drunk Elephant,facial-treatments,80.0,"Glycolic Acid, Hydroxyethyl Acrylate, Glycerin, Sodium Hydroxide, Salicylic Acid, Aloe Barbadensis Leaf Extract, Camellia Oleifera Leaf Extract, Lactobacillus, Lactobacillus, Opuntia FicusIndica Extract, Pyrus Malus Fruit Extract, Silybum Marianum Seed Extract, Saccharomyces Cerevisiae Extract, Vitis Vinifera Juice Extract, Camellia Sinensis Leaf Powder, Cicer Arietinum Seed Powder, Sclerocarya Birrea Seed Oil, Passiflora Edulis Seed Oil, Leuconostoc, Sodium Hyaluronate Crosspolymer, Sodium PCA, Allantoin, Dipotassium Glycyrrhizate, Dextrin, Polydextrose, Sorbitan Isostearate, Amylopectin, Niacinamide, Phytosphingosine, Lactic Acid, Propanediol, Citric Acid, Titanium Dioxide, Trisodium Ethylenediamine Disuccinate, Polysorbate 60, Caprylyl Glycol, Chlorphenesin, Phenoxyethanol",1000,222440,0.0,1.69,https://www.sephora.com/product/t-l-c-sukari-babyfacial-P415777?icid2=products%20grid:p415777,1.69,47.33727810650888
B-Hydra™ Intensive Hydration Serum,Drunk Elephant,facial-treatments,48.0,"Coconut Alkanes, Ammonium Acryloyldimethyltaurate, Glycerin, Pentylene Glycol, Sclerocarya Birrea Seed Oil, Wheat Amino Acids, Ananas Sativus Fruit Extract, Berberis Vulgaris Root Extract, Citrullus Lanatus Fruit Extract, Lens Esculenta Fruit Extract, Pyrus Malus Fruit Extract, CocoCaprylate, Panthenol, Sodium PCA, Sodium Hyaluronate Crosspolymer, Dipotassium Glycyrrhizate, Niacinamide, Cyclodextrin, Sodium Hyaluronate, Sodium Lactate, Phenoxyethanol, Hydroxyproline, Trisodium Ethylenediamine Disuccinate, Citric Acid, Caprylyl Glycol, Chlorphenesin, Ethylhexylglycerin",1000,109016,1.69,0.0,https://www.sephora.com/product/b-hydra-intensive-hydration-gel-P406712?icid2=products%20grid:p406712,1.69,28.402366863905325
"""Buffet""",The Ordinary,facial-treatments,14.8,"Glycerin, Lactococcus Ferment Lysate, Acetyl Hexapeptide8, Pentapeptide18, Palmitoyl Tripeptide1, Palmitoyl Tetrapeptide7, Palmitoyl Tripeptide38, Dipeptide Diaminobutyroyl Benzylamide Diacetate, Acetylarginyltryptophyl Diphenylglycine, Sodium Hyaluronate Crosspolymer, Sodium Hyaluronate, Allantoin, Glycine, Alanine, Serine, Valine, Isoleucine, Proline, Threonine, Histidine, Phenylalanine, Arginine, Aspartic Acid, Trehalose, Fructose, Glucose, Maltose, Urea, Sodium PCA, PCA, Sodium Lactate, Citric Acid, Hydroxypropyl Cyclodextrin, Sodium Chloride, Sodium Hydroxide, Butylene Glycol, Pentylene Glycol, Acacia Senegal Gum, Xanthan Gum, Carbomer, Polysorbate 20, PPG26Buteth26, PEG40 Hydrogenated Castor Oil, Trisodium Ethylenediamine Disuccinate, Ethoxydiglycol, Sodium Benzoate, Caprylyl Glycol, Ethylhexylglycerin, Phenoxyethanol, Chlorphenesin",789,134053,0.0,1.0,https://www.sephora.com/product/the-ordinary-deciem-buffet-P427420?icid2=products%20grid:p427420,1.0,14.8
Acne Healing Dots,Peace Out,facial-treatments,19.0,"Hydrocolloid Polymer Technology, Aloe Barbadensis Leaf Extract, Retinyl Acetate",2000,98518,0.0,0.0,https://www.sephora.com/product/acne-healing-dots-P421275?icid2=products%20grid:p421275,1.3213098086124409,14.379670745010698
A-Passioni™ Retinol Cream,Drunk Elephant,facial-treatments,74.0,"Glycerin, CocoCaprylate, Stearic Acid, Coconut Alkanes, Glyceryl Stearate, Niacinamide, Caprylic, Cetearyl Alcohol, Pentylene Glycol, Passiflora Edulis Seed Oil, Retinol, Simmondsia Chinensis Seed Oil, Sclerocarya Birrea Seed Oil, Prunus Armeniaca Kernel Oil, Cetyl Ethylhexanoate, Palmitoyl Tripeptide1, Palmitoyl Tetrapeptide7, Brassica Oleracea Acephala Leaf Extract, Brassica Oleracea Italica Extract, Tetrahexyldecyl Ascorbate, Chrysin, Persea Gratissima Oil, Linoleic Acid, Linolenic Acid, Ceramide NP, Xanthophylls, Phytosphingosine, Phytosterols, Jojoba Esters, Physalis Pubescens Fruit Juice, Stearyl Glycyrrhetinate, Oryza Sativa Extract, Glycine Soja Oil, Carthamus Tinctorium Seed Oil, Palmitoyl Hexapeptide12, Cetyl Palmitate, Trehalose, Lauric Acid, Sodium Hyaluronate Crosspolymer, Olea Europaea Fruit Oil, Glucosamine HCL, Tocopheryl Acetate, CocoCaprylate, Pisum Sativum Extract, Tocopherol, Bambusa Vulgaris Leaf, Phenoxyethanol, Caprylyl Glycol, Carbomer, Trideceth6 Phosphate, NHydroxysuccinimide, Ceteareth20, Sodium Hydroxide, Laureth23, Steareth20, Propanediol, Chlorhexidine Digluconate, Polysorbate 20, Trisodium Ethylenediamine Disuccinate, Chlorphenesin, Potassium Sorbate, Ethylhexylglycerin",883,97630,0.0,1.0,https://www.sephora.com/product/a-passioni-retinol-cream-P439926?icid2=products%20grid:p439926,1.0,74.0
Good Genes All-In-One Lactic Acid Treatment,SUNDAY RILEY,facial-treatments,122.0,"Extract Blend Lactic Acid, Caprylic, Butylene Glycol, Squalane, Cyclomethicone, Dimethicone, Ppg12, Stearic Acid, Cetearyl Alcohol, Ceteareth 20, Glyceryl Stearate, Peg100 Stearate, Arnica Montana Extract, Peg75 Meadowfoam Oil, Glycyrrhiza Glabra Root Extract, Cymbopogon Schoenanthus Oil, Triethanolamine, Xantham Gum, Phenoxyethanol, Steareth20, Dmdm Hydantoin",3000,173465,0.0,1.7,https://www.sephora.com/product/good-genes-all-in-one-lactic-acid-treatment-P309308?icid2=products%20grid:p309308,1.7,71.76470588235293
The No-Brainer Set,The Ordinary,facial-treatments,29.0,"Caprylic, Cetyl Alcohol, Propanediol, Stearyl Alcohol, Glycerin, Sodium Hyaluronate, Arginine, Aspartic Acid, Glycine, Alanine, Serine, Valine, Isoleucine, Proline, Threonine, Histidine, Phenylalanine, Glucose, Maltose, Fructose, Trehalose, Sodium PCA, PCA, Sodium Lactate, Urea, Allantoin, Linoleic Acid, Oleic Acid, Phytosteryl Canola Glycerides, Palmitic Acid, Stearic Acid, Lecithin, Triolein, Tocopherol, Carbomer, Isoceteth20, Polysorbate 60, Sodium Chloride, Citric Acid, Trisodium Ethylenediamine Disuccinate, Pentylene Glycol, Triethanolamine, Sodium Hydroxide, Phenoxyethanol, Chlorphenesin",160,52855,0.0,0.0,https://www.sephora.com/product/the-ordinary-deciem-the-no-brainer-set-P428088?icid2=products%20grid:p428088,1.3213098086124409,21.94791850554265
Microneedling Anti-Wrinkle Retinol Patches,Peace Out,facial-treatments,28.0,"Sodium Hyaluronate, Cellulose Gum, Trehalose, Glycerin, Propanediol, Butylene Glycol, Caprylyl Glycol, 12Hexanediol, Adenosine, Madecassoside, Polysorbate 80, Ethylhexylglycerin, Heptasodium Hexacarboxymethyl Dipeptide12, Acetyl Octapeptide3, Carnosine, Acetyl Hexapeptide8, Palmitoyl Pentapeptide4, Biotinoyl Hexapeptide2 Amide, Ascorbic Acid, Melatonin, Retinol, Carbomer, Polysorbate20, Palmitoyl Tripeptide1, Palmitoyl Tetrapeptide7, Water",411,24700,0.0,0.0,https://www.sephora.com/product/peace-out-microneedling-anti-wrinkle-retinol-patches-P453819?icid2=products%20grid:p453819,1.3213098086124409,21.19109372948945
CC Me Vitamin C Serum,Summer Fridays,facial-treatments,64.0,"Water, Niacinamide, 3OEthyl Ascorbic Acid, Ascorbyl Glucoside, Butylene Glycol, Hydroxyethyl Acrylate, Glycerin, Xanthan Gum, Squalane, Diheptyl Succinate, Capryloyl Glycerin, Citric Acid, Sodium Citrate, Sodium Hydroxide, Carbomer, Polysorbate 20, Palmitoyl Tripeptide1, Palmitoyl Tetrapeptide7, Camellia Oleifera Leaf Extract, Orchis Mascula Flower Extract, Caprylic, Cananga Odorata Flower Extract, Cucumis Melo Cantalupensis Fruit Extract, Eugenia Caryophyllus Flower Extract, Glycine Soja Oil, Pyrus Malus Fruit Extract, Prunus Armeniaca Fruit Extract, Rose Gallica Flower Extract, Cinnamomum Cassia Bark Extract, Jasminum Officinale Flower, Coffea Arabica Leaf, Camellia Sinensis Leaf Extract, Tocopheryl Acetate, Tetrasodium Glutamate Diacetate, Phenoxyethanol, Ethylhexylglycerin, Amyl Cinnamal, Cinnamyl Alcohol, Eugenol, Hydroxycitronellal",344,27929,1.0,0.0,https://www.sephora.com/product/cc-me-vitamin-c-serum-P449180?icid2=products%20grid:p449180,1.0,64.0
The Serum Stick: Treatment & Touch Up Balm,Tatcha,facial-treatments,48.0,Hadasei3,1000,15177,0.28,0.0,https://www.sephora.com/product/tatcha-the-serum-stick-treatment-touch-up-balm-P454018?icid2=products%20grid:p454018,0.28,171.42857142857142
Advanced Night Repair Synchronized Recovery Complex II,Estée Lauder,facial-treatments,103.0,"Bifida Ferment Lysate, Methyl Gluceth20, Peg75, BisPeg18 Methyl Ether Dimethyl Silane, Butylene Glycol, Propanediol, Cola Acuminata Seed Extract, Hydrolyzed Algin, Pantethine, Caffeine, Lecithin, Tripeptide32, Ethylhexylglycerin, Sodium Rna, Bisabolol, Glycereth26, Squalane, Sodium Hyaluronate, Oleth3 Phosphate, Caprylyl Glycol, Lactobacillus Ferment, Oleth3, Oleth5, Anthemis Nobilis, Yeast Extract, Choleth24, Hydrogenated Lecithin, Ceteth24, Tocopheryl Acetate, Ethylhexyl Methoxycinnamate, Hexylene Glycol, Carbomer, Triethanolamine, Trisodium Edta, Bht, Xanthan Gum, Phenoxyethanol, Red 4, Yellow 5",1000,99178,0.0,1.7,https://www.sephora.com/product/advanced-night-repair-synchronized-recovery-complex-ii-P379994?icid2=products%20grid:p379994,1.7,60.58823529411765
Alpha Beta® Universal Daily Peel,Dr. Dennis Gross Skincare,facial-treatments,88.0,"Sodium Bicarbonate, Resveratrol, Retinol, Ascorbic Acid, Ubiquinone, Ascorbyl Palmitate, Phospholipids, Retinyl Palmitate, Tocopheryl Acetate, Soy Isoflavones, Achillea Millefolium Extract, Camellia Sinensis Leaf Extract, Raphanus Sativus Root Extract, Copper PCA, Sodium PCA, Zinc PCA, Lecithin, Polysorbate 20, Polysorbate 80, Alcohol, BHT, Octoxynol9, Simethicone, Tetrasodium EDTA, Sodium Benzoate, Phenoxyethanol",1000,54331,0.0,0.0,https://www.sephora.com/product/alpha-beta-universal-daily-peel-P377533?icid2=products%20grid:p377533,1.3213098086124409,66.60058029268113
Squalane + 10% Lactic Acid Resurfacing Night Serum,Biossance,facial-treatments,62.0,"Sodium Bicarbonate, Resveratrol, Retinol, Ascorbic Acid, Ubiquinone, Ascorbyl Palmitate, Phospholipids, Retinyl Palmitate, Tocopheryl Acetate, Soy Isoflavones, Achillea Millefolium Extract, Camellia Sinensis Leaf Extract, Raphanus Sativus Root Extract, Copper PCA, Sodium PCA, Zinc PCA, Lecithin, Polysorbate 20, Polysorbate 80, Alcohol, BHT, Octoxynol9, Simethicone, Tetrasodium EDTA, Sodium Benzoate, Phenoxyethanol",235,11394,1.01,0.0,https://www.sephora.com/product/biossance-squalane-10-lactic-acid-resurfacing-night-serum-P453224?icid2=products%20grid:p453224,1.01,61.38613861386138
Caffeine Solution 5% + EGCG,The Ordinary,facial-treatments,6.7,"Caffeine, Maltodextrin, Glycerin, Propanediol, Epigallocatechin Gallatyl Glucoside, Gallyl Glucoside, Hyaluronic Acid, Oxidized Glutathione, Melanin, Glycine Soja Seed Extract, Urea, Pentylene Glycol, Hydroxyethylcellulose, Polyacrylate Crosspolymer6, Xanthan gum, Lactic Acid, Dehydroacetic Acid, Trisodium Ethylenediamine Disuccinate, Propyl Gallate, Dimethyl Isosorbide, Ethoxydiglycol, Benzyl Alcohol, 12Hexanediol, Ethylhexylglycerin, Phenoxyethanol, Caprylyl Glycol",852,97455,1.0,0.0,https://www.sephora.com/product/the-ordinary-deciem-caffeine-solution-5-egcg-P427416?icid2=products%20grid:p427416,1.0,6.7
The Treatment Lotion,La Mer,facial-treatments,155.0,"Declustered Water \Aqua\Eau DeStructuree, Declustered Water \Aqua\Eau DeStructuree, Algae Extract, Glycerin, Methyl Gluceth20, BisPeg18 Methyl Ether Dimethyl Silane, Yeast Extract\Faex\Extrait De Levure, Sucrose, Glycereth26, Sesamum Indicum Seed Oil, Medicago Sativa Seed Powder, Helianthus Annuus Seedcake, Prunus Amygdalus Dulcis Seed Meal, Eucalyptus Globulus Leaf Oil, Sodium Gluconate, Copper Gluconate, Calcium Gluconate, Magnesium Gluconate, Zinc Gluconate, Tocopheryl Succinate, Niacin, Sesamum Indicum Seed Powder, Citrus Aurantifolia Peel Extract, Glycine Soja Seed Extract, Laminaria Digitata Extract, Palmaria Palmata Extract, Codium Tomentosum Extract, Laminaria Saccharina Extract, Sea Salt\Maris Sal\Sel Marin, Plankton Extract, Caffeine, Polyquaternium51, Lecithin, Butylene Glycol, Dipotassium Glycyrrhizate, Glycine Soja Protein, Tourmaline, Acetyl Hexapeptide8, Glycosaminoglycans, Peg8, Sodium Hyaluronate, Alcaligenes Polysaccharides, Sodium Pca, Urea, Ppg5Ceteth20, Jojoba Wax Peg120 Esters, Polysorbate 20, Hexylene Glycol, Pentylene Glycol, Potassium Sorbate, Trehalose, Caprylyl Glycol, Hydroxypropyl Cyclodextrin, Fragrance, Disodium Edta, Limonene, Geraniol, Linalool, Hydroxycitronellal, Citronellol, Phenoxyethanol",104,23867,0.0,5.0,https://www.sephora.com/product/the-treatment-lotion-P416345?icid2=products%20grid:p416345,5.0,31.0
SUPERMUD® Charcoal Instant Treatment Mask,GLAMGLOW,facial-treatments,59.0,"Declustered Water \Aqua\Eau DeStructuree, Declustered Water \Aqua\Eau DeStructuree, Algae Extract, Glycerin, Methyl Gluceth20, BisPeg18 Methyl Ether Dimethyl Silane, Yeast Extract\Faex\Extrait De Levure, Sucrose, Glycereth26, Sesamum Indicum Seed Oil, Medicago Sativa Seed Powder, Helianthus Annuus Seedcake, Prunus Amygdalus Dulcis Seed Meal, Eucalyptus Globulus Leaf Oil, Sodium Gluconate, Copper Gluconate, Calcium Gluconate, Magnesium Gluconate, Zinc Gluconate, Tocopheryl Succinate, Niacin, Sesamum Indicum Seed Powder, Citrus Aurantifolia Peel Extract, Glycine Soja Seed Extract, Laminaria Digitata Extract, Palmaria Palmata Extract, Codium Tomentosum Extract, Laminaria Saccharina Extract, Sea Salt\Maris Sal\Sel Marin, Plankton Extract, Caffeine, Polyquaternium51, Lecithin, Butylene Glycol, Dipotassium Glycyrrhizate, Glycine Soja Protein, Tourmaline, Acetyl Hexapeptide8, Glycosaminoglycans, Peg8, Sodium Hyaluronate, Alcaligenes Polysaccharides, Sodium Pca, Urea, Ppg5Ceteth20, Jojoba Wax Peg120 Esters, Polysorbate 20, Hexylene Glycol, Pentylene Glycol, Potassium Sorbate, Trehalose, Caprylyl Glycol, Hydroxypropyl Cyclodextrin, Fragrance, Disodium Edta, Limonene, Geraniol, Linalool, Hydroxycitronellal, Citronellol, Phenoxyethanol",5000,251999,0.0,1.7,https://www.sephora.com/product/super-mud-clearing-treatment-P376409?icid2=products%20grid:p376409,1.7,34.70588235294117
Violet-C Brightening Serum 20% Vitamin C + 10% AHA,Tatcha,facial-treatments,88.0,"BisGlyceryl Ascorbate, Saccharomyces, Propanediol, Butylene Glycol, Glycerin, Ascorbyl Tetraisopalmitate, Angelica Acutiloba Root Extract, Callicarpa Japonica Fruit Extract, Prunus Mume Fruit Extract, Crataegus Cuneata Fruit Extract, Pyrus Malus Fruit Extract, Citrus Paradisi Fruit Extract, Citrus Aurantium Dulcis Juice, Citrus Limon Juice, Citrus Aurantifolia Juice, Glycyrrhiza Glabra Root Extract, Scutellaria Baicalensis Root Extract, Artemisia Capillaris Flower Extract, Morus Alba Root Extract, Ziziphus Jujuba Fruit Extract, Sodium Hyaluronate, Lactic Acid, Sodium Citrate, Dipotassium Glycyrrhizate, Ammonium Acryloyldimethyltaurate, Disodium Edta, Ppg6Decyltetradeceth30, Ethylhexylglycerin, Phenoxyethanol Hadasei3",1000,74106,1.0,0.0,https://www.sephora.com/product/violet-c-brightening-serum-vitamin-c-aha-P439058?icid2=products%20grid:p439058,1.0,88.0
Lactic Acid 10% + HA,The Ordinary,facial-treatments,6.8,"Lactic Acid, Glycerin, Pentylene Glycol, Potassium Citrate, Arginine, Triethanolamine, Sodium Hyaluronate Crosspolymer, Tasmannia Lanceolata Fruit, Acacia Senegal Gum, Xanthan Gum, Trisodium Ethylenediamine Disuccinate, PPG26Buteth26, Ethyl 2, 2Dimethylhydrocinnamal, PEG40 Hydrogenated Castor Oil, Ethylhexylglycerin, 12Hexanediol, Caprylyl Glycol",468,113525,1.0,0.0,https://www.sephora.com/product/the-ordinary-deciem-lactic-acid-10-ha-2-P427413?icid2=products%20grid:p427413,1.0,6.8
Rise + Glow™ Brightening Duo,Drunk Elephant,facial-treatments,23.0,These products are vegan,778,172695,0.0,0.0,https://www.sephora.com/product/rise-and-glow-P414671?icid2=products%20grid:p414671,1.3213098086124409,17.406969849223476
D-Bronzi™ Anti-Pollution Sunshine Drops,Drunk Elephant,facial-treatments,36.0,"Hydrogenated Polyisobutene, Glyceryl Oleate Citrate, Mica, Hydroxyethyl Acrylate, Glycerin, Ribes Nigrum Seed Oil, Sclerocarya Birrea Seed Oil, Theobroma Cacao Extract, Caprylic, Vitis Vinifera Seed Extract, Lecithin, Acetyl Tetrapeptide17, Linoleic Acid, Linolenic Acid, Sorbitan Isostearate, Camellia Sinensis Leaf Extract, Maltodextrin, Sodium Hyaluronate Crosspolymer, Magnolia Officinalis Bark Extract, Glutamylamidoethyl Imidazole, Colloidal Platinum, Tocopherol, Phenoxyethanol, Pentylene Glycol, Sodium Benzoate, Sorbic Acid, Caprylyl Glycol, Boron Nitride, Hexylene Glycol, Polysorbate 60, Ethylhexylglycerin, CI 77491, CI 77492, CI 77499, Sodium C1416 Olefin Sulfonate",1000,67886,1.0,0.0,https://www.sephora.com/product/d-bronzi-tm-anti-pollution-sunshine-serum-P432668?icid2=products%20grid:p432668,1.0,36.0
NightBright™  Resurfacing Duo,Drunk Elephant,facial-treatments,28.0,These products are vegan,799,152638,0.0,0.0,https://www.sephora.com/product/nightbright-P414672?icid2=products%20grid:p414672,1.3213098086124409,21.19109372948945
Advanced Génifique Youth Activating Serum,Lancôme,facial-treatments,105.0,"Bifida Ferment Lysate, Glycerin, Alcohol Denat, Dimethicone, Hydroxyethylpiperazine Ethane Sulfonic Acid, Ascorbyl Glucoside, Sodium Hyaluronate, Sodium Hydroxide, Sodium Benzoate, Phenoxyethanol, Adenosine, Faex Extract, Peg20 Methyl Glucose Sesquistearate, Peg60 Hydrogenated Castor Oil, Salicyloyl Phytosphingosine, Ammonium Polyacryldimethyltauramide, Limonene, Xanthan Gum, Caprylyl Glycol, Disodium Edta, Octyldodecanol, Citronellol, Fragrance",1000,52889,0.0,1.69,https://www.sephora.com/product/advanced-genifique-youth-activating-serum-P379510?icid2=products%20grid:p379510,1.69,62.1301775147929
"""Buffet"" + Copper Peptides 1%",The Ordinary,facial-treatments,28.9,"Glycerin, Lactococcus Ferment Lysate, Copper Tripeptide1, Acetyl Hexapeptide8, Pentapeptide18, Palmitoyl Tripeptide1, Palmitoyl Tetrapeptide7, Palmitoyl Tripeptide38, Dipeptide Diaminobutyroyl Benzylamide Diacetate, Acetylarginyltryptophyl Diphenylglycine, Sodium Hyaluronate Crosspolymer, Sodium Hyaluronate, Allantoin, Glycine, Alanine, Serine, Valine, Isoleucine, Proline, Threonine, Histidine, Phenylalanine, Arginine, Aspartic Acid, Trehalose, Fructose, Glucose, Maltose, Urea, Sodium PCA, PCA, Sodium Lactate, Citric Acid, Hydroxypropyl Cyclodextrin, Sodium Chloride, Sodium Hydroxide, Butylene Glycol, Pentylene Glycol, Acacia Senegal Gum, Xanthan Gum, Carbomer, Polysorbate 20, Dimethyl Isosorbide, Sodium Benzoate, Caprylyl Glycol, Ethylhexylglycerin, Phenoxyethanol, Chlorphenesin",69,20221,1.0,0.0,https://www.sephora.com/product/buffet-copper-peptides-1-P442752?icid2=products%20grid:p442752,1.0,28.9
Alpha Arbutin 2% + HA,The Ordinary,facial-treatments,8.9,"AlphaArbutin, Polyacrylate Crosspolymer6, Hydrolyzed Sodium Hyaluronate, Propanediol, PPG26Buteth26, PEG40 Hydrogenated Castor Oil, Lactic Acid, Trisodium Ethylenediamine Disuccinate, Ethoxydiglycol, Phenoxyethanol, Chlorphenesin",199,53000,1.0,0.0,https://www.sephora.com/product/the-ordinary-deciem-alpha-arbutin-2-ha-P427412?icid2=products%20grid:p427412,1.0,8.9
C.E.O. 15% Vitamin C Brightening Serum,SUNDAY RILEY,facial-treatments,85.0,"Tetrahexyldecyl Ascorbate, Squalane, PEG8 Beeswax, Hydrogenated Polydecene, Polyglyceryl6 Distearate, PPG12, Phenoxyethanol, Acetamidoethoxyethanol, Jojoba Esters, Sodium Acrylate, Glycine Soja Sterols, Tocopherol, Glycolic Acid, Caprylyl Glycol, Sodium Phytate, Citrus Aurantium Dulcis Oil, Chlorphenesin, Cera Alba, Glycerin, Isosqualane, C30 Hydrocarbons, Saccharide Isomerate",579,38273,0.0,1.0,https://www.sephora.com/product/c-e-o-rapid-flash-brightening-serum-P418346?icid2=products%20grid:p418346,1.0,85.0
Liquid Powder Oil Balancing Serum,FARSÁLI,facial-treatments,54.0,"Hamamelis Virginiana  Silica, Isopentyldiol, Ethoxydiglycol, Ethylhexylglycerin, Potassium Azeloyl Diglycinate, Hectorite, Illite, Montmorillonite, Kaolin, Vanilla Planifolia Fruit Extract, Phenoxyethanol, Caprylyl Glycol, Caprylic, Hexylene Glycol, Benzoic Acid, Mentha Piperita Oil, Mentha Arvensis Leaf Oil, Menthol",50,8228,1.0,0.0,https://www.sephora.com/product/farsali-liquid-powder-oil-balancing-serum-P454980?icid2=products%20grid:p454980,1.0,54.0
Azelaic Acid Suspension 10%,The Ordinary,facial-treatments,7.9,"Isodecyl Neopentanoate, Dimethicone, Azelaic Acid, Dimethicone, Dimethyl Isosorbide, Hydroxyethyl Acrylate, Polysilicone11, Isohexadecane, Tocopherol, Trisodium Ethylenediamine Disuccinate, Isoceteth20, Polysorbate 60, Triethanolamine, Ethoxydiglycol, Phenoxyethanol, Chlorphenesin",305,49946,1.0,0.0,https://www.sephora.com/product/the-ordinary-deciem-azelaic-acid-suspension-10-P427411?icid2=products%20grid:p427411,1.0,7.9
Microneedling Dark Spot Brightening Dots,Peace Out,facial-treatments,28.0,"Isodecyl Neopentanoate, Dimethicone, Azelaic Acid, Dimethicone, Dimethyl Isosorbide, Hydroxyethyl Acrylate, Polysilicone11, Isohexadecane, Tocopherol, Trisodium Ethylenediamine Disuccinate, Isoceteth20, Polysorbate 60, Triethanolamine, Ethoxydiglycol, Phenoxyethanol, Chlorphenesin",1000,47631,0.0,0.0,https://www.sephora.com/product/dark-spots-P442536?icid2=products%20grid:p442536,1.3213098086124409,21.19109372948945
The Concentrate,La Mer,facial-treatments,370.0,"Isodecyl Neopentanoate, Dimethicone, Azelaic Acid, Dimethicone, Dimethyl Isosorbide, Hydroxyethyl Acrylate, Polysilicone11, Isohexadecane, Tocopherol, Trisodium Ethylenediamine Disuccinate, Isoceteth20, Polysorbate 60, Triethanolamine, Ethoxydiglycol, Phenoxyethanol, Chlorphenesin",89,20300,0.0,1.0,https://www.sephora.com/product/the-concentrate-P417108?icid2=products%20grid:p417108,1.0,370.0
Double Serum Complete Age Control Concentrate,Clarins,facial-treatments,89.0,"Cetearyl Isononanoate, Glycerin, Isononyl Isononanoate, Caprylic, Pentylene Glycol, Ppg3 Myristyl Ether, Ethylene, Butylene Glycol, Parfum, Phenoxyethanol, Propanediol, Tromethamine Silybum Marianum Seed Oil, Carbomer, Tocopheryl Acetate, Escin, Cheno Podium Quinoa Seed Extract, Ethylhexylglycerin, Squalane, Avena Sativa Kernel Extract, Theobroma Cacao Extract, Butylene, Leontopodium Alpinum Extract, Xanthan Gum, Persea Gratissima Oil Unsaponifiables, Caramel, Curcuma Longa Root Extract, Salicyloyl Phytosphingosine, Musa Sapientum Fruit Extract, Salicornia Herbacea Extract, Actinidia Chinensis Fruit Extract, Kalanchoe Pinnata Leaf Extract, Sodium Benzoate, Citric Acid, Myrothamnus Flabellifolia Leaf, Disodium Edta, Tocopherol, Lycium Barbarum Fruit Extract, Maltodextrin, Orthosiphon Stamineus Extract, Hedychium Coronarium Root Extract, Mangifera Indica Leaf Extract, PotassiumSorbate, Pentaerythrityl TetraDiTButyl Hydroxyhydrocinnamate Jania Rubens Extract, Ascorbic Acid, Sodium Citrate, Engelhardtia Chrysolepis Leaf Extract, Ci 14700, Callicarpa Japonica Fruit Extract",424,24925,0.0,1.0,https://www.sephora.com/product/double-serum-complete-age-control-concentrate-P421235?icid2=products%20grid:p421235,1.0,89.0
Facial Radiance Pads,First Aid Beauty,facial-treatments,34.0,"Cetearyl Isononanoate, Glycerin, Isononyl Isononanoate, Caprylic, Pentylene Glycol, Ppg3 Myristyl Ether, Ethylene, Butylene Glycol, Parfum, Phenoxyethanol, Propanediol, Tromethamine Silybum Marianum Seed Oil, Carbomer, Tocopheryl Acetate, Escin, Cheno Podium Quinoa Seed Extract, Ethylhexylglycerin, Squalane, Avena Sativa Kernel Extract, Theobroma Cacao Extract, Butylene, Leontopodium Alpinum Extract, Xanthan Gum, Persea Gratissima Oil Unsaponifiables, Caramel, Curcuma Longa Root Extract, Salicyloyl Phytosphingosine, Musa Sapientum Fruit Extract, Salicornia Herbacea Extract, Actinidia Chinensis Fruit Extract, Kalanchoe Pinnata Leaf Extract, Sodium Benzoate, Citric Acid, Myrothamnus Flabellifolia Leaf, Disodium Edta, Tocopherol, Lycium Barbarum Fruit Extract, Maltodextrin, Orthosiphon Stamineus Extract, Hedychium Coronarium Root Extract, Mangifera Indica Leaf Extract, PotassiumSorbate, Pentaerythrityl TetraDiTButyl Hydroxyhydrocinnamate Jania Rubens Extract, Ascorbic Acid, Sodium Citrate, Engelhardtia Chrysolepis Leaf Extract, Ci 14700, Callicarpa Japonica Fruit Extract",2000,83103,0.0,0.0,https://www.sephora.com/product/facial-radiance-pads-P278317?icid2=products%20grid:p278317,1.3213098086124409,25.73204238580862
Clearly Corrective™ Dark Spot Solution,Kiehl's Since 1851,facial-treatments,54.0,"Cetearyl Isononanoate, Glycerin, Isononyl Isononanoate, Caprylic, Pentylene Glycol, Ppg3 Myristyl Ether, Ethylene, Butylene Glycol, Parfum, Phenoxyethanol, Propanediol, Tromethamine Silybum Marianum Seed Oil, Carbomer, Tocopheryl Acetate, Escin, Cheno Podium Quinoa Seed Extract, Ethylhexylglycerin, Squalane, Avena Sativa Kernel Extract, Theobroma Cacao Extract, Butylene, Leontopodium Alpinum Extract, Xanthan Gum, Persea Gratissima Oil Unsaponifiables, Caramel, Curcuma Longa Root Extract, Salicyloyl Phytosphingosine, Musa Sapientum Fruit Extract, Salicornia Herbacea Extract, Actinidia Chinensis Fruit Extract, Kalanchoe Pinnata Leaf Extract, Sodium Benzoate, Citric Acid, Myrothamnus Flabellifolia Leaf, Disodium Edta, Tocopherol, Lycium Barbarum Fruit Extract, Maltodextrin, Orthosiphon Stamineus Extract, Hedychium Coronarium Root Extract, Mangifera Indica Leaf Extract, PotassiumSorbate, Pentaerythrityl TetraDiTButyl Hydroxyhydrocinnamate Jania Rubens Extract, Ascorbic Acid, Sodium Citrate, Engelhardtia Chrysolepis Leaf Extract, Ci 14700, Callicarpa Japonica Fruit Extract",320,45315,0.0,1.0,https://www.sephora.com/product/clearly-corrective-dark-spot-solution-P422022?icid2=products%20grid:p422022,1.0,54.0
Vinoperfect Anti Dark Spot Serum,Caudalie,facial-treatments,79.0,"Butylene Glycol, Glycerin, Squalane, Tocopheryl Acetate, Ceteareth20, Palmitoyl Grapevine Shoot Extract, Glyceryl Stearate Se, Bisabolol, Parfum, Caprylyl Glycol, Acrylates, Potassium Sorbate, Xanthan Gum, Carbomer, Sodium Hydroxide, Sodium Phytate",2000,72315,1.0,0.0,https://www.sephora.com/product/vinoperfect-radiance-serum-P94421?icid2=products%20grid:p94421,1.0,79.0
Prism 20% AHA + 5% BHA Exfoliating Glow Facial,Herbivore,facial-treatments,58.0,"Butylene Glycol, Glycerin, Squalane, Tocopheryl Acetate, Ceteareth20, Palmitoyl Grapevine Shoot Extract, Glyceryl Stearate Se, Bisabolol, Parfum, Caprylyl Glycol, Acrylates, Potassium Sorbate, Xanthan Gum, Carbomer, Sodium Hydroxide, Sodium Phytate",125,19727,1.7,0.0,https://www.sephora.com/product/herbivore-botanicals-prism-20-aha-5-bha-exfoliating-glow-facial-P454100?icid2=products%20grid:p454100,1.7,34.117647058823536
100% Plant-Derived Squalane,The Ordinary,facial-treatments,7.9,"Butylene Glycol, Glycerin, Squalane, Tocopheryl Acetate, Ceteareth20, Palmitoyl Grapevine Shoot Extract, Glyceryl Stearate Se, Bisabolol, Parfum, Caprylyl Glycol, Acrylates, Potassium Sorbate, Xanthan Gum, Carbomer, Sodium Hydroxide, Sodium Phytate",186,37216,1.0,0.0,https://www.sephora.com/product/100-plant-derived-squalane-P442830?icid2=products%20grid:p442830,1.0,7.9
A+ High-Dose Retinol Serum,SUNDAY RILEY,facial-treatments,85.0,"Propanediol, Dimethyl Isosorbide, Triheptanoin, Dimethicone, Glycerin, Pentylene Glycol, Hexyldecanol, Disiloxane, Cetyl PEG, Diheptyl Succinate, Propylene Carbonate, Hydroxypinacolone Retinoate, PPG24Glycereth24, Phenyl Trimethicone, Retinol, Ubiquinone, Honey Extract, Sodium Hyaluronate Crosspolymer, Algae Extract, Zingiber Officinale Extract, Opuntia Ficusindica Fruit Extract, Bisabolol, Butyrospermum Parkii Butter, Phospholipids, Saccharomyces Cerevisiae Extract, Lecithin, Sodium Acrylates Copolymer, Hydrogenated Polyisobutene, 12Hexanediol, 4t Butylcyclohexanol, Polyglyceryl10 Stearate, Caprylyl Glycol, Helianthus Annuss Seed Oil, Sorbitol, Cetylhydroxyproline Palmitamide, Polysilicone11, Benzoic Acid, Dehydroacetic Acid, Sodium Phytate, Glyceryl Polyacrylate, Polysorbate, Hydroxyphenyl Propamidobenzoic Acid, Stearic Acid, Brassica Campestris Sterols, PVP, Capryloyl Glycerin, Sodium Benzoate, Alcohol, Potassium Phosphate, Decyl Glucoside, Phenoxyethanol, Hexylene Glycol, Potassium Sorbate, Tocopherol",277,33105,0.0,1.0,https://www.sephora.com/product/a-high-dose-retinoid-serum-P440075?icid2=products%20grid:p440075,1.0,85.0
Glow Cycle Retin-ALT Power Serum,OLEHENRIKSEN,facial-treatments,58.0,"Propanediol, Dimethyl Isosorbide, Triheptanoin, Dimethicone, Glycerin, Pentylene Glycol, Hexyldecanol, Disiloxane, Cetyl PEG, Diheptyl Succinate, Propylene Carbonate, Hydroxypinacolone Retinoate, PPG24Glycereth24, Phenyl Trimethicone, Retinol, Ubiquinone, Honey Extract, Sodium Hyaluronate Crosspolymer, Algae Extract, Zingiber Officinale Extract, Opuntia Ficusindica Fruit Extract, Bisabolol, Butyrospermum Parkii Butter, Phospholipids, Saccharomyces Cerevisiae Extract, Lecithin, Sodium Acrylates Copolymer, Hydrogenated Polyisobutene, 12Hexanediol, 4t Butylcyclohexanol, Polyglyceryl10 Stearate, Caprylyl Glycol, Helianthus Annuss Seed Oil, Sorbitol, Cetylhydroxyproline Palmitamide, Polysilicone11, Benzoic Acid, Dehydroacetic Acid, Sodium Phytate, Glyceryl Polyacrylate, Polysorbate, Hydroxyphenyl Propamidobenzoic Acid, Stearic Acid, Brassica Campestris Sterols, PVP, Capryloyl Glycerin, Sodium Benzoate, Alcohol, Potassium Phosphate, Decyl Glucoside, Phenoxyethanol, Hexylene Glycol, Potassium Sorbate, Tocopherol",1000,31111,1.0,0.0,https://www.sephora.com/product/glow-cycle-retin-alt-power-serum-P434545?icid2=products%20grid:p434545,1.0,58.0
Rapid Age Spot and Pigment Lightening Serum ,Murad,facial-treatments,72.0,"Alcohol Denat, Glycolic Acid, Butylene Glycol, Glycerin, Methyl Gluceth10, Dextran, Hexapeptide2, Rice Amino Acids, Aloe Barbadensis Leaf Juice, Urea, Yeast Amino Acids, Trehalose, Inositol, Taurine, Betaine, Zinc Gluconate, Ascorbic Acid, Chitosan, Propyl Gallate, Nonoxynol10, Lecithin, Tocopherol, Magnesium Ascorbyl Phosphate, Dipotassium Glycyrrhizate, Palmitoyl Hydroxypropyltrimonium Amylopectin, Vitis Vinifera Seed Extract, Chitosan PCA, Allantoin, Polyquaternium10, Sodium Metabisulfite, Sodium Sulfite, Sodium Hydroxide, PPG26Buteth26, PEG40 Hydrogenated Castor Oil, Hydroxyethylcellulose, Disodium EDTA, Limonene, Linalool, Fragrance",1000,42773,0.0,1.0,https://www.sephora.com/product/rapid-age-spot-pigment-lightening-serum-P4009?icid2=products%20grid:p4009,1.0,72.0
Ultra Glow Serum: Glow + Strengthen Vitamin C Serum,SEPHORA COLLECTION,facial-treatments,20.0,"Propanediol, Pentylene Glycol, 12Hexanediol, PEG40 Hydrogenated Castor Oil, Carbomer, Glycerin, Ribose, Vaccinium Myrtillus Fruit Extract, Sodium Hydroxide, Glyceryl Caprylate, Caprylyl, Saccharum Officinarum Extract, Fragrance, Citrus Aurantium Dulcis Fruit Extract, Citrus Limon Fruit Extract, Panthenol, Acer Saccharum Extract, Chlorella Vulgaris Extract, Helianthus Annuus Seed Oil, Ascorbyl Glucoside, Tocopherol, Capsicum Annuum Fruit Extract, Rosmarinus Officinalis Leaf Extract",346,32348,0.0,0.0,https://www.sephora.com/product/ultra-glow-serum-glow-strengthen-vitamin-c-serum-P442594?icid2=products%20grid:p442594,1.3213098086124409,15.136495521063893
PRO Strength Niacinamide Discoloration Treatment,Peter Thomas Roth,facial-treatments,88.0,"Niacinamide, Isononyl Isononanoate, Dimethyl Isosorbide, Tranexamic Acid, Dimethicone, Propanediol, Pentylene Glycol, Caprylic, AlphaArbutin, Glyceryl Stearate, C912 Alkane, Cetyl Alcohol, Butyrospermum Parkii Butter, Citric Acid, Kojic Acid, Morus Alba Root Extract, Resveratrol, Scutellaria Lateriflora Extract, Hydrangea Arborescens Root Extract, Squalane, Hydrolyzed Vegetable Protein, Phenoxyethanol, Peg100 Stearate, Tocopheryl Acetate, Polyacrylate Crosspolymer6, Peg75 Stearate, Ceteareth20, Steareth20, Silica, Ammonium Acryloyldimethyltaurate, Dimethiconol, CocoCaprylate, Hydroxyethyl Acrylate, Titanium Dioxide, Sodium Phytate, Diethylhexyl Syringylidenemalonate, Potassium Sorbate, Sodium Benzoate, Polysorbate 60, Polysorbate 20, TButyl Alcohol, Caprylic, Caprylyl Glycol, Hexylene Glycol, Sorbitan Isostearate",124,2158,1.7,0.0,https://www.sephora.com/product/peter-thomas-roth-pro-strength-niacinamide-discoloration-treatment-P454102?icid2=products%20grid:p454102,1.7,51.764705882352935
Squalane + Phyto-Retinol Serum,Biossance,facial-treatments,72.0,"Squalane, Niacinamide, Sodium Acrylates Copolymer, Bakuchiol, Sodium Hyaluronate, Rosa Canina Fruit Oil, Citrus Aurantium Amara Peel Oil, Biosaccharide Gum1, Yeast Extract, Soy Amino Acids, Lecithin, Hexylene Glycol, Ethylhexylglycerin, Caprylyl Glycol, Phenoxyethanol, Tetrasodium Glutamate Diacetate, Citric Acid, Linalool, Geraniol, Limonene",445,21799,1.0,0.0,https://www.sephora.com/product/squalane-phyto-retinol-serum-P429028?icid2=products%20grid:p429028,1.0,72.0
Blue Tansy Fruit Enzyme Resurfacing Clarity Mask,Herbivore,facial-treatments,48.0,"Aloe Barbadensis Leaf Juice, Hydroxyethyl Ethylcellulose, Glycerin, Glyceryl Caprylate, Salix Nigra Bark Extract, Tanacetum Annuum Flower Oil, Jasminum Sambac Flower Ananas Sativus Fruit Extract, Carica Papaya Fruit Extract, Carica Papaya Leaf Extract, Leucidal",1000,84567,2.0,0.0,https://www.sephora.com/product/blue-tansy-aha-bha-resurfacing-clarity-mask-P400207?icid2=products%20grid:p400207,2.0,24.0
Ultimune Power Infusing Serum Concentrate,Shiseido,facial-treatments,110.0,"Aloe Barbadensis Leaf Juice, Hydroxyethyl Ethylcellulose, Glycerin, Glyceryl Caprylate, Salix Nigra Bark Extract, Tanacetum Annuum Flower Oil, Jasminum Sambac Flower Ananas Sativus Fruit Extract, Carica Papaya Fruit Extract, Carica Papaya Leaf Extract, Leucidal",389,18691,0.0,1.6,https://www.sephora.com/product/ultimune-power-infusing-concentrate-P432834?icid2=products%20grid:p432834,1.6,68.75
Luxury CBD Beauty Serum,Saint Jane Beauty,facial-treatments,125.0,"Aloe Barbadensis Leaf Juice, Hydroxyethyl Ethylcellulose, Glycerin, Glyceryl Caprylate, Salix Nigra Bark Extract, Tanacetum Annuum Flower Oil, Jasminum Sambac Flower Ananas Sativus Fruit Extract, Carica Papaya Fruit Extract, Carica Papaya Leaf Extract, Leucidal",150,11911,0.0,1.0,https://www.sephora.com/product/luxury-beauty-serum-P444222?icid2=products%20grid:p444222,1.0,125.0
Bakuchiol Retinol Alternative Smoothing Serum,Herbivore,facial-treatments,54.0,"Aloe Barbadensis Leaf Juice, Hydroxyethyl Ethylcellulose, Glycerin, Glyceryl Caprylate, Salix Nigra Bark Extract, Tanacetum Annuum Flower Oil, Jasminum Sambac Flower Ananas Sativus Fruit Extract, Carica Papaya Fruit Extract, Carica Papaya Leaf Extract, Leucidal",238,33557,1.0,0.0,https://www.sephora.com/product/bakuchiol-retinol-alternative-soothing-serum-P446643?icid2=products%20grid:p446643,1.0,54.0
The Regenerating Serum,La Mer,facial-treatments,365.0,"Water\Aqua\Eau, Algae Extract, Dimethicone, Hdi, Hydrogenated Polyisobutene, Hydrogenated Vegetable Oil, Caprylic, Polysilicone11, Peg8 Dimethicone, Peg10 Dimethicone, Yeast Extract\Faex\Extrait De Levure, Citrus Aurantifolia Peel Extract, Sigesbeckia Orientalis Extract, Polygonum Cuspidatum Root Extract, Saccharomyces Lysate Extract, Sesamum Indicum Seed Oil, Eucalyptus Globulus Leaf Oil, Sesamum Indicum Seed Powder, Medicago Sativa Seed Powder, Helianthus Annuus Seedcake, Prunus Amygdalus Dulcis Seed Meal, Sodium Gluconate, Copper Gluconate, Calcium Gluconate, Magnesium Gluconate, Zinc Gluconate, Tocopheryl Succinate, Niacin, Vitis Vinifera Seed Extract, Rosmarinus Officinalis Leaf Extract, Punica Granatum Fruit Juice, Bupleurum Falcatum Root Extract, Citrus Reticulata Peel Extract, Narcissus Tazetta Bulb Extract, Mimosa Tenuiflora Bark Extract, Betula Alba Bark Extract, Chlorella Vulgaris Extract, Humulus Lupulus Extract, Laureth4, Corallina Officinalis Extract, Glycine Soja Seed Extract, Micrococcus Lysate, Whey Protein\Lactis Protein\Proteine Du PetitLait, Tartaric Acid, Glycerin, Hydrolyzed Wheat Protein, Laureth23, Butylene Glycol, Ammonium Acryloyldimethyltaurate, Sucrose, Coenzyme A, Acetyl Glucosamine, Caffeine, Dipalmitoyl Hydroxyproline, Linoleic Acid, Tetraacetylphytosphingosine, Alcaligenes Polysaccharides, Bifida Ferment Lysate, Pentylene Glycol, Dipotassium Glycyrrhizate, Palmitoyl Oligopeptide, Peg8, Sorbitol, Tocopheryl Acetate, Eryngium Maritimum Extract, Sodium Hydroxide, Hydrogenated Lecithin, Hydroxypropyl Cyclodextrin, Nordihydroguaiaretic Acid, Cyclodextrin, Maltodextrin, Polymethylsilsesquioxane, Acetyl Hexapeptide8, Glyceryl Polymethacrylate, Glycosaminoglycans, Gold, Tourmaline, Linolenic Acid, Silica, Ethylbisiminomethylguaiacol Manganese Chloride, Disodium Edta, Potassium Sorbate, Phenoxyethanol, Fragrance, Hydroxycitronellal, Linalool, Limonene, Citronellol, Geraniol, Green 5 Ingredients: Water\Aqua\Eau, Algae Extract, Dimethicone, Hdi, Hydrogenated Polyisobutene, Hydrogenated Vegetable Oil, Caprylic, Polysilicone11, Peg8 Dimethicone, Peg10 Dimethicone, Yeast Extract\Faex\Extrait De Levure, Citrus Aurantifolia Peel Extract, Sigesbeckia Orientalis Extract, Polygonum Cuspidatum Root Extract, Saccharomyces Lysate Extract, Sesamum Indicum Seed Oil, Eucalyptus Globulus Leaf Oil, Sesamum Indicum Seed Powder, Medicago Sativa Seed Powder, Helianthus Annuus Seedcake, Prunus Amygdalus Dulcis Seed Meal, Sodium Gluconate, Copper Gluconate, Calcium Gluconate, Magnesium Gluconate, Zinc Gluconate, Tocopheryl Succinate, Niacin, Vitis Vinifera Seed Extract, Rosmarinus Officinalis Leaf Extract, Punica Granatum Fruit Juice, Bupleurum Falcatum Root Extract, Citrus Reticulata Peel Extract, Narcissus Tazetta Bulb Extract, Mimosa Tenuiflora Bark Extract, Betula Alba Bark Extract, Chlorella Vulgaris Extract, Humulus Lupulus Extract, Laureth4, Corallina Officinalis Extract, Glycine Soja Seed Extract, Micrococcus Lysate, Whey Protein\Lactis Protein\Proteine Du PetitLait, Tartaric Acid, Glycerin, Hydrolyzed Wheat Protein, Laureth23, Butylene Glycol, Ammonium Acryloyldimethyltaurate, Sucrose, Coenzyme A, Acetyl Glucosamine, Caffeine, Dipalmitoyl Hydroxyproline, Linoleic Acid, Tetraacetylphytosphingosine, Alcaligenes Polysaccharides, Bifida Ferment Lysate, Pentylene Glycol, Dipotassium Glycyrrhizate, Palmitoyl Oligopeptide, Peg8, Sorbitol, Tocopheryl Acetate, Eryngium Maritimum Extract, Sodium Hydroxide, Hydrogenated Lecithin, Hydroxypropyl Cyclodextrin, Nordihydroguaiaretic Acid, Cyclodextrin, Maltodextrin, Polymethylsilsesquioxane, Acetyl Hexapeptide8, Glyceryl Polymethacrylate, Glycosaminoglycans, Gold, Tourmaline, Linolenic Acid, Silica, Ethylbisiminomethylguaiacol Manganese Chloride, Disodium Edta, Potassium Sorbate, Phenoxyethanol, Fragrance, Hydroxycitronellal, Linalool, Limonene, Citronellol, Geraniol, Green 5",8,2041,1.0,0.0,https://www.sephora.com/product/the-regenerating-serum-P450290?icid2=products%20grid:p450290,1.0,365.0
Argan Beta-Retinoid Pink Algae Serum,Josie Maran,facial-treatments,68.0,Naturally Derived,469,3041,0.85,0.0,https://www.sephora.com/product/josie-maran-argan-beta-retinoid-pink-algae-serum-P454084?icid2=products%20grid:p454084,0.85,80.0
Powerful-Strength Line-Reducing Concentrate 12.5% Vitamin C,Kiehl's Since 1851,facial-treatments,68.0,Propylene Glycol Dimethicone Glycerin Ascorbic Acid Ethylhexyl Palmitate Cetyl Peg,242,26325,0.0,1.7,https://www.sephora.com/product/powerful-strength-line-reducing-concentrate-12-5-vitamin-c-P427529?icid2=products%20grid:p427529,1.7,40.0
"Cleanse, Hydrate & Treat Blemishes Kit",Origins,facial-treatments,19.0,"Water\Aqua\Eau, Alcohol Denat, Acrylates, Salicylic Acid, Hamamelis Virginiana, Eugenia Caryophyllus Bud Oil, Origanum Heracleoticum Flower Oil, Eugenol, Limonene, Cucumis Sativus Fruit Extract, Pyrus Malus Fruit Extract, Scutellaria Baicalensis Root Extract, Algae Extract, Poria Cocos Sclerotium Extract, Laminaria Saccharina Extract, Lactobacillus Ferment, Glycerin, Caffeine, Butylene Glycol, Tocopheryl Acetate, Magnesium Ascorbyl Phosphate, Sodium Hydroxide, Phenoxyethanol Essential Oil",0,1885,0.0,0.0,https://www.sephora.com/product/origins-cleanse-hydrate-treat-blemishes-kit-P455668?icid2=products%20grid:p455668,1.3213098086124409,14.379670745010698
Hyaluronic Serum,Dr. Barbara Sturm,facial-treatments,300.0,"Butylene Glycol, Lactobacillus, Phenoxyethanol, Sodium Hyaluronate, Ethylhexylglycerin, Potassium Sorbate, Leuconostoc",266,2080,0.0,1.0,https://www.sephora.com/product/dr-barbara-sturm-hyaluronic-serum-P447212?icid2=products%20grid:p447212,1.0,300.0
Vinopure Natural Salicylic Acid Pore Minimizing Serum,Caudalie,facial-treatments,49.0,"Butylene Glycol, Lactobacillus, Phenoxyethanol, Sodium Hyaluronate, Ethylhexylglycerin, Potassium Sorbate, Leuconostoc",719,49764,1.0,0.0,https://www.sephora.com/product/vinopure-natural-salicylic-acid-pore-minimizing-serum-P433626?icid2=products%20grid:p433626,1.0,49.0
Vinosource SOS Deep Hydration Serum,Caudalie,facial-treatments,49.0,"Vitis Vinifera Fruit Glycerin, Butylene Glycol, Ethylhexyl Palmitate, Polyacrylate Crosspolymer6, Polymethyl Methacrylate, Dimethicone, Palmitoyl Grape Seed Extract, Caprylyl Glycol, Parfum, Squalane, Vitis Vinifera Juice, Xanthan Gum, Sorbitan Oleate, Sodium Carboxymethyl BetaGlucan, Citric Acid, Sorbitan Laurate, Hyaluronic Acid, Sodium Phytate, Sodium Benzoate, Sodium Hydroxide, Disodium Acetyl Glucosamine Phosphate, Potassium Sorbate, Alcohol, Myristyl Malate Phosphonic Acid",782,40798,1.0,0.0,https://www.sephora.com/product/vinosource-s-o-s-thirst-quenching-serum-P374211?icid2=products%20grid:p374211,1.0,49.0
GENIUS Liquid Collagen,Algenist,facial-treatments,115.0,"Collagen, Water, Propanediol, Isononyl Isononanoate, Butylene Glycol, Glycerin, Betaine, Pentylene Glycol, Dextrin Palmitate, Collagen Amino Acids, Parachlorella Beijerinckii Exopolysaccharides, Chlorella Protothecoides Oil, Helichrysum Stoechas Flower Extract, Cylindrotheca Fusiformis Extract, Niacinamide, Tocopherol, Palmitoyl Tripeptide1, Palmitoyl Tetrapeptide7, Adenosine, Helianthus Annuus Seed Oil, Leuconostoc, Caprylic, Palmitic Acid, Disodium EDTA, Carbomer, Sodium Lactate, Amodimethicone, Homosalate, Polysorbate 20, Butyl Methoxydibenzoylmethane, 12Hexanediol, Caprylyl Glycol, Octocrylene, Sodium Hydroxide, Phenoxyethanol, Fragrance, Limonene, BetaCarotene",633,39267,1.0,0.0,https://www.sephora.com/product/genius-liquid-collagen-P421277?icid2=products%20grid:p421277,1.0,115.0
Vitamin Nectar Glow Juice Antioxidant Face Serum,Fresh,facial-treatments,28.0,"Collagen, Water, Propanediol, Isononyl Isononanoate, Butylene Glycol, Glycerin, Betaine, Pentylene Glycol, Dextrin Palmitate, Collagen Amino Acids, Parachlorella Beijerinckii Exopolysaccharides, Chlorella Protothecoides Oil, Helichrysum Stoechas Flower Extract, Cylindrotheca Fusiformis Extract, Niacinamide, Tocopherol, Palmitoyl Tripeptide1, Palmitoyl Tetrapeptide7, Adenosine, Helianthus Annuus Seed Oil, Leuconostoc, Caprylic, Palmitic Acid, Disodium EDTA, Carbomer, Sodium Lactate, Amodimethicone, Homosalate, Polysorbate 20, Butyl Methoxydibenzoylmethane, 12Hexanediol, Caprylyl Glycol, Octocrylene, Sodium Hydroxide, Phenoxyethanol, Fragrance, Limonene, BetaCarotene",18,1955,0.0,0.5,https://www.sephora.com/product/vitamin-nectar-glow-juice-antioxidant-face-serum-P450210?icid2=products%20grid:p450210,0.5,56.0
Drying Lotion,Mario Badescu,facial-treatments,17.0,"Isopropyl Alcohol, Calamine, Zinc Oxide, Titanium Dioxide, Sulfur, Camphor, Talc, Glycerin, Salicylic Acid",192,24272,1.0,0.0,https://www.sephora.com/product/mario-badescu-drying-lotion-P440498?icid2=products%20grid:p440498,1.0,17.0
Backlight Priming Filter Face Primer,BECCA,facial-treatments,39.0,"Ethylhexyl Palmitate, Glycerin, Caprylic, Mica, Titanium Dioxide, Tocopheryl Acetate, Glycyrrhiza Glabra Extract, Panthenol, Silica, Carbomer, Ethylhexylglycerin, Disodium EDTA, Sodium Hydroxide, Phenoxyethanol, Fragrance, Iron Oxides",1000,75592,1.0,0.0,https://www.sephora.com/product/backlight-priming-filter-P399831?icid2=products%20grid:p399831,1.0,39.0
Power Peel™ Transforming Facial System,OLEHENRIKSEN,facial-treatments,50.0,"Kaolin, Prunus Amygdalus Dulcis Oil, Glycerin, Cetyl Alcohol, Caprylic, Helianthus Annuus Seed Oil, Glyceryl Stearate SE, Titanium Dioxide, Magnesium Aluminum Silicate, Dimethicone, Ceteareth20, Aloe Barbadensis Leaf Juice, Phenoxyethanol, Tocopheryl Acetate, Bisabolol, Sodium Benzoate, Parfum, Caprylyl Glycol, Algae Extract, Potassium Sorbate, Vitis Vinifera Seed Oil, Simmondsia Chinensis Seed Oil, Hexylene Glycol, Ethylhexylglycerin, Chamomilla Recutita Flower Extract, Borago Officinalis Seed Oil, Allantoin, Oenothera Biennis Seed Extract, Citric Acid, Tocopherol, Sodium Sulfite, Ascorbyl Palmitate, Hydroxycitronellal, Linalool",1000,37809,0.0,0.0,https://www.sephora.com/product/power-peel-transforming-facial-system-P375421?icid2=products%20grid:p375421,1.3213098086124409,37.841238802659724
Max Complexion Correction Pads,Peter Thomas Roth,facial-treatments,46.0,"Alcohol Denat, Allantoin, Aloe Barbadensis Leaf Juice, Amyl Cinnamal, Arginine, Benzoic Acid, Butylene Glycol, Butylparaben, Butylphenyl Methylpropional, Camellia Sinensis Leaf Extract, Chamomilla Recutita Flower Extract, Citric Acid, Citronellol, Ethylparaben, Fragrance, Geraniol, Glycolic Acid, Hamamelis Virginiana  Isobutylparaben, Limonene, Linalool, Methylparaben, Phenoxyethanol, Potassium Sorbate, Propylparaben, Prunus Persica Fruit Extract, Sodium Benzoate, Symphytum Officinale Root Extract, Triethanolamine, Water",1000,46017,0.0,0.0,https://www.sephora.com/product/max-complexion-correction-pads-P114902?icid2=products%20grid:p114902,1.3213098086124409,34.81393969844695
EradiKate™ Acne Treatment,Kate Somerville,facial-treatments,26.0,"Isopropyl Alcohol, Zinc Oxide, Sulfur, Camphor, Magnesium Aluminum Silicate, Salicylic Acid, CI 77491",2000,77234,1.0,0.0,https://www.sephora.com/product/eradikate-acne-treatment-P232903?icid2=products%20grid:p232903,1.0,26.0
Advanced Génifique Youth Activating Serum Duo,Lancôme,facial-treatments,172.0,"Bifida Ferment Lysate, Glycerin, Alcohol Denat, Dimethicone, Hydroxyethylpiperazine Ethane Sulfonic Acid, Ascorbyl Glucoside, Sodium Hyaluronate, Sodium Hydroxide, Sodium Benzoate, Phenoxyethanol, Adenosine, Faex Extract, Peg20 Methyl Glucose Sesquistearate, Peg60 Hydrogenated Castor Oil, Salicyloyl Phytosphingosine, Ammonium Polyacryldimethyltauramide, Limonene, Xanthan Gum, Caprylyl Glycol, Disodium Edta, Octyldodecanol, Citronellol, Fragrance",4,3025,1.7,0.0,https://www.sephora.com/product/advanced-genifique-youth-activating-serum-duo-P451738?icid2=products%20grid:p451738,1.7,101.17647058823529
Capture Youth Serum Collection,Dior,facial-treatments,95.0,"Bifida Ferment Lysate, Glycerin, Alcohol Denat, Dimethicone, Hydroxyethylpiperazine Ethane Sulfonic Acid, Ascorbyl Glucoside, Sodium Hyaluronate, Sodium Hydroxide, Sodium Benzoate, Phenoxyethanol, Adenosine, Faex Extract, Peg20 Methyl Glucose Sesquistearate, Peg60 Hydrogenated Castor Oil, Salicyloyl Phytosphingosine, Ammonium Polyacryldimethyltauramide, Limonene, Xanthan Gum, Caprylyl Glycol, Disodium Edta, Octyldodecanol, Citronellol, Fragrance",97,29553,1.0,0.0,https://www.sephora.com/product/capture-youth-serum-P428255?icid2=products%20grid:p428255,1.0,95.0
Matrixyl* 10% + HA,The Ordinary,facial-treatments,11.5,"Glycerin, Butylene Glycol, Palmitoyl Tripeptide1, Palmitoyl Tetrapeptide7, Palmitoyl Tripeptide38, Sodium Hyaluronate, Hydroxypropyl Cyclodextrin, PPG26Buteth26, PEG40 Hydrogenated Castor Oil, Polyacrylate Crosspolymer6, Trisodium Ethylenediamine Disuccinate, Carbomer, Polysorbate 20, Ethoxydiglycol, Phenoxyethanol, Chlorphenesin",133,37547,1.0,0.0,https://www.sephora.com/product/the-ordinary-deciem-matrixyl-10-ha-P427405?icid2=products%20grid:p427405,1.0,11.5
Pineapple-C Brightening Serum,Glow Recipe,facial-treatments,49.0,"Ananas Sativus Fruit Extract, Butylene Glycol, Propanediol, 3OEthyl Ascorbic Acid, Dimethicone, Ascorbic Acid, Lactic Acid, Sodium Hyaluronate, Chamomilla Recutita Flower Extract, Aloe Barbadensis Leaf Juice, Squalane, Tocopheryl Acetate, Portulaca Oleracea Extract, Carthamus Tinctorius Seed Extract, Hexylresorcinol, Arginine, Ethylhexylglycerin, Caprylic, Xanthan Gum, Caprylyl Glycol, Pentylene Glycol, Dimethicone Crosspolymer, Fragrance",1000,47685,1.0,0.0,https://www.sephora.com/product/pineapple-c-brightening-serum-P442869?icid2=products%20grid:p442869,1.0,49.0
Lightstim® for Acne,LightStim ,facial-treatments,169.0,"Ananas Sativus Fruit Extract, Butylene Glycol, Propanediol, 3OEthyl Ascorbic Acid, Dimethicone, Ascorbic Acid, Lactic Acid, Sodium Hyaluronate, Chamomilla Recutita Flower Extract, Aloe Barbadensis Leaf Juice, Squalane, Tocopheryl Acetate, Portulaca Oleracea Extract, Carthamus Tinctorius Seed Extract, Hexylresorcinol, Arginine, Ethylhexylglycerin, Caprylic, Xanthan Gum, Caprylyl Glycol, Pentylene Glycol, Dimethicone Crosspolymer, Fragrance",13,4945,0.0,0.0,https://www.sephora.com/product/lightstim-for-acne-P429668?icid2=products%20grid:p429668,1.3213098086124409,127.90338715298991
100% L-Ascorbic Acid Powder,The Ordinary,facial-treatments,5.8,Ascorbic Acid,6,4210,0.7,0.0,https://www.sephora.com/product/the-ordinary-100-l-ascorbic-acid-powder-P455338?icid2=products%20grid:p455338,0.7,8.285714285714286
Ascorbic Acid 8% + Alpha Arbutin 2%,The Ordinary,facial-treatments,10.0,"Propanediol, Ascorbic Acid, AlphaArbutin",126,26141,1.0,0.0,https://www.sephora.com/product/ascorbic-acid-8-alpha-arbutin-2-P442754?icid2=products%20grid:p442754,1.0,10.0
Liquid Glass Radiance Serum,FARSÁLI,facial-treatments,54.0,"Isopentyldiol, Butylene Glycol, Dimethyl Isosorbide, PPG24Glycereth24, PEG40 Hydrogenated Castor Oil, Polyester5, Sodium Hyaluronate, Glycerin, Citrullus Lanatus Fruit Extract, Pyrus Malus Fruit Extract, Lens Esculenta Fruit Extract, Sodium PCA, Sodium Lactate, Xylitylglucoside, Anhydroxylitol, Xylitol, Vanilla Planifolia Fruit Citrus Aurantium Dulcis Oil, Ammonium Acryloyldimethyltaurate, Disodium EDTA, Ethylhexylglycerin, Hydroxyacetophenone, Phenoxyethanol, Sodium Hydroxide, Synthetic Fluorphlogopite May Contain : Tin Oxide, Titanium Dioxide, Mica, Iron Oxides",277,25090,0.0,1.0,https://www.sephora.com/product/liquid-glass-radiance-make-skin-serum-P443766?icid2=products%20grid:p443766,1.0,54.0
Retinol Youth Renewal Serum,Murad,facial-treatments,89.0,"Cyclopentasiloxane, Isopropyl Palmitate, C1422 Alcohols, Polymethylsilsesquioxane, Dimethicone, Propanediol, Glyceryl Stearate, PEG100 Stearate, Shea Butter Ethyl Esters, Retinol, Hydroxypinacolone Retinoate, Ceramide NP, Sodium Hyaluronate, Solanum Lycopersicum Fruit Extract, Swertia Chirata Extract, Squalane, Punica Granatum Extract, Tocopheryl Acetate, Glycine Soja Extract, Urea, Yeast Amino Acids, Trehalose, Inositol, Taurine, Betaine, Glycerin, Caprylic, Dimethyl Isosorbide, Silica, Ethylhexyl Palmitate, Silica Dimethyl Silylate, Butylene Glycol, Lecithin, Ammonium Acryloyldimethyltaurate, C1220 Alkyl Glucoside, Cetyl Palmitate, Laureth23, Polysorbate 20, Trideceth6 Phosphate, Synthetic Fluorphlogopite, Phenoxyethanol, Ethylhexylglycerin, Chlorphenesin, Disodium EDTA, Sodium Hydroxide, Tris Citrate, Sodium Benzotriazolyl Butylphenol Sulfonate, Titanium Dioxide, Red 4, AlphaIsomethyl Ionone, Citronellol, Fragrance",377,14581,0.0,1.0,https://www.sephora.com/product/retinol-youth-renewal-serum-P411365?icid2=products%20grid:p411365,1.0,89.0
Clinique Smart™ Custom-Repair Serum,CLINIQUE,facial-treatments,61.5,"Cyclopentasiloxane, Isopropyl Palmitate, C1422 Alcohols, Polymethylsilsesquioxane, Dimethicone, Propanediol, Glyceryl Stearate, PEG100 Stearate, Shea Butter Ethyl Esters, Retinol, Hydroxypinacolone Retinoate, Ceramide NP, Sodium Hyaluronate, Solanum Lycopersicum Fruit Extract, Swertia Chirata Extract, Squalane, Punica Granatum Extract, Tocopheryl Acetate, Glycine Soja Extract, Urea, Yeast Amino Acids, Trehalose, Inositol, Taurine, Betaine, Glycerin, Caprylic, Dimethyl Isosorbide, Silica, Ethylhexyl Palmitate, Silica Dimethyl Silylate, Butylene Glycol, Lecithin, Ammonium Acryloyldimethyltaurate, C1220 Alkyl Glucoside, Cetyl Palmitate, Laureth23, Polysorbate 20, Trideceth6 Phosphate, Synthetic Fluorphlogopite, Phenoxyethanol, Ethylhexylglycerin, Chlorphenesin, Disodium EDTA, Sodium Hydroxide, Tris Citrate, Sodium Benzotriazolyl Butylphenol Sulfonate, Titanium Dioxide, Red 4, AlphaIsomethyl Ionone, Citronellol, Fragrance",383,16752,0.0,1.0,https://www.sephora.com/product/clinique-smart-custom-repair-serum-P387616?icid2=products%20grid:p387616,1.0,61.5
The Treatment Lotion Mini,La Mer,facial-treatments,110.0,"Declustered Water \Aqua\Eau DeStructuree, Declustered Water \Aqua\Eau DeStructuree, Algae Extract, Glycerin, Methyl Gluceth20, BisPeg18 Methyl Ether Dimethyl Silane, Yeast Extract\Faex\Extrait De Levure, Sucrose, Glycereth26, Sesamum Indicum Seed Oil, Medicago Sativa Seed Powder, Helianthus Annuus Seedcake, Prunus Amygdalus Dulcis Seed Meal, Eucalyptus Globulus Leaf Oil, Sodium Gluconate, Copper Gluconate, Calcium Gluconate, Magnesium Gluconate, Zinc Gluconate, Tocopheryl Succinate, Niacin, Sesamum Indicum Seed Powder, Citrus Aurantifolia Peel Extract, Glycine Soja Seed Extract, Laminaria Digitata Extract, Palmaria Palmata Extract, Codium Tomentosum Extract, Laminaria Saccharina Extract, Sea Salt\Maris Sal\Sel Marin, Plankton Extract, Caffeine, Polyquaternium51, Lecithin, Butylene Glycol, Dipotassium Glycyrrhizate, Glycine Soja Protein, Tourmaline, Acetyl Hexapeptide8, Glycosaminoglycans, Peg8, Sodium Hyaluronate, Alcaligenes Polysaccharides, Sodium Pca, Urea, Ppg5Ceteth20, Jojoba Wax Peg120 Esters, Polysorbate 20, Hexylene Glycol, Pentylene Glycol, Potassium Sorbate, Trehalose, Caprylyl Glycol, Hydroxypropyl Cyclodextrin, Fragrance, Disodium Edta, Limonene, Geraniol, Linalool, Hydroxycitronellal, Citronellol, Phenoxyethanol",3,3060,0.0,3.4,https://www.sephora.com/product/the-treatment-lotion-mini-P428638?icid2=products%20grid:p428638,3.4,32.35294117647059
Skintune Blur Perfecting Primer Serum,FARSÁLI,facial-treatments,54.0,"Declustered Water \Aqua\Eau DeStructuree, Declustered Water \Aqua\Eau DeStructuree, Algae Extract, Glycerin, Methyl Gluceth20, BisPeg18 Methyl Ether Dimethyl Silane, Yeast Extract\Faex\Extrait De Levure, Sucrose, Glycereth26, Sesamum Indicum Seed Oil, Medicago Sativa Seed Powder, Helianthus Annuus Seedcake, Prunus Amygdalus Dulcis Seed Meal, Eucalyptus Globulus Leaf Oil, Sodium Gluconate, Copper Gluconate, Calcium Gluconate, Magnesium Gluconate, Zinc Gluconate, Tocopheryl Succinate, Niacin, Sesamum Indicum Seed Powder, Citrus Aurantifolia Peel Extract, Glycine Soja Seed Extract, Laminaria Digitata Extract, Palmaria Palmata Extract, Codium Tomentosum Extract, Laminaria Saccharina Extract, Sea Salt\Maris Sal\Sel Marin, Plankton Extract, Caffeine, Polyquaternium51, Lecithin, Butylene Glycol, Dipotassium Glycyrrhizate, Glycine Soja Protein, Tourmaline, Acetyl Hexapeptide8, Glycosaminoglycans, Peg8, Sodium Hyaluronate, Alcaligenes Polysaccharides, Sodium Pca, Urea, Ppg5Ceteth20, Jojoba Wax Peg120 Esters, Polysorbate 20, Hexylene Glycol, Pentylene Glycol, Potassium Sorbate, Trehalose, Caprylyl Glycol, Hydroxypropyl Cyclodextrin, Fragrance, Disodium Edta, Limonene, Geraniol, Linalool, Hydroxycitronellal, Citronellol, Phenoxyethanol",597,77579,0.0,1.0,https://www.sephora.com/product/skintune-blur-perfecting-primer-serum-P436269?icid2=products%20grid:p436269,1.0,54.0
Noni Bright Vitamin C Serum,KORA Organics,facial-treatments,68.0,"Declustered Water \Aqua\Eau DeStructuree, Declustered Water \Aqua\Eau DeStructuree, Algae Extract, Glycerin, Methyl Gluceth20, BisPeg18 Methyl Ether Dimethyl Silane, Yeast Extract\Faex\Extrait De Levure, Sucrose, Glycereth26, Sesamum Indicum Seed Oil, Medicago Sativa Seed Powder, Helianthus Annuus Seedcake, Prunus Amygdalus Dulcis Seed Meal, Eucalyptus Globulus Leaf Oil, Sodium Gluconate, Copper Gluconate, Calcium Gluconate, Magnesium Gluconate, Zinc Gluconate, Tocopheryl Succinate, Niacin, Sesamum Indicum Seed Powder, Citrus Aurantifolia Peel Extract, Glycine Soja Seed Extract, Laminaria Digitata Extract, Palmaria Palmata Extract, Codium Tomentosum Extract, Laminaria Saccharina Extract, Sea Salt\Maris Sal\Sel Marin, Plankton Extract, Caffeine, Polyquaternium51, Lecithin, Butylene Glycol, Dipotassium Glycyrrhizate, Glycine Soja Protein, Tourmaline, Acetyl Hexapeptide8, Glycosaminoglycans, Peg8, Sodium Hyaluronate, Alcaligenes Polysaccharides, Sodium Pca, Urea, Ppg5Ceteth20, Jojoba Wax Peg120 Esters, Polysorbate 20, Hexylene Glycol, Pentylene Glycol, Potassium Sorbate, Trehalose, Caprylyl Glycol, Hydroxypropyl Cyclodextrin, Fragrance, Disodium Edta, Limonene, Geraniol, Linalool, Hydroxycitronellal, Citronellol, Phenoxyethanol",313,13618,1.01,0.0,https://www.sephora.com/product/noni-bright-vitamin-c-serum-P446419?icid2=products%20grid:p446419,1.01,67.32673267326733
Cicapair™ Tiger Grass Serum,Dr. Jart+,facial-treatments,46.0,"Declustered Water \Aqua\Eau DeStructuree, Declustered Water \Aqua\Eau DeStructuree, Algae Extract, Glycerin, Methyl Gluceth20, BisPeg18 Methyl Ether Dimethyl Silane, Yeast Extract\Faex\Extrait De Levure, Sucrose, Glycereth26, Sesamum Indicum Seed Oil, Medicago Sativa Seed Powder, Helianthus Annuus Seedcake, Prunus Amygdalus Dulcis Seed Meal, Eucalyptus Globulus Leaf Oil, Sodium Gluconate, Copper Gluconate, Calcium Gluconate, Magnesium Gluconate, Zinc Gluconate, Tocopheryl Succinate, Niacin, Sesamum Indicum Seed Powder, Citrus Aurantifolia Peel Extract, Glycine Soja Seed Extract, Laminaria Digitata Extract, Palmaria Palmata Extract, Codium Tomentosum Extract, Laminaria Saccharina Extract, Sea Salt\Maris Sal\Sel Marin, Plankton Extract, Caffeine, Polyquaternium51, Lecithin, Butylene Glycol, Dipotassium Glycyrrhizate, Glycine Soja Protein, Tourmaline, Acetyl Hexapeptide8, Glycosaminoglycans, Peg8, Sodium Hyaluronate, Alcaligenes Polysaccharides, Sodium Pca, Urea, Ppg5Ceteth20, Jojoba Wax Peg120 Esters, Polysorbate 20, Hexylene Glycol, Pentylene Glycol, Potassium Sorbate, Trehalose, Caprylyl Glycol, Hydroxypropyl Cyclodextrin, Fragrance, Disodium Edta, Limonene, Geraniol, Linalool, Hydroxycitronellal, Citronellol, Phenoxyethanol",921,43020,1.01,0.0,https://www.sephora.com/product/tiger-grass-re-pair-serum-P423259?icid2=products%20grid:p423259,1.01,45.544554455445535
Pore Treatment Strips,Peace Out,facial-treatments,19.0,"Declustered Water \Aqua\Eau DeStructuree, Declustered Water \Aqua\Eau DeStructuree, Algae Extract, Glycerin, Methyl Gluceth20, BisPeg18 Methyl Ether Dimethyl Silane, Yeast Extract\Faex\Extrait De Levure, Sucrose, Glycereth26, Sesamum Indicum Seed Oil, Medicago Sativa Seed Powder, Helianthus Annuus Seedcake, Prunus Amygdalus Dulcis Seed Meal, Eucalyptus Globulus Leaf Oil, Sodium Gluconate, Copper Gluconate, Calcium Gluconate, Magnesium Gluconate, Zinc Gluconate, Tocopheryl Succinate, Niacin, Sesamum Indicum Seed Powder, Citrus Aurantifolia Peel Extract, Glycine Soja Seed Extract, Laminaria Digitata Extract, Palmaria Palmata Extract, Codium Tomentosum Extract, Laminaria Saccharina Extract, Sea Salt\Maris Sal\Sel Marin, Plankton Extract, Caffeine, Polyquaternium51, Lecithin, Butylene Glycol, Dipotassium Glycyrrhizate, Glycine Soja Protein, Tourmaline, Acetyl Hexapeptide8, Glycosaminoglycans, Peg8, Sodium Hyaluronate, Alcaligenes Polysaccharides, Sodium Pca, Urea, Ppg5Ceteth20, Jojoba Wax Peg120 Esters, Polysorbate 20, Hexylene Glycol, Pentylene Glycol, Potassium Sorbate, Trehalose, Caprylyl Glycol, Hydroxypropyl Cyclodextrin, Fragrance, Disodium Edta, Limonene, Geraniol, Linalool, Hydroxycitronellal, Citronellol, Phenoxyethanol",701,30698,0.0,0.0,https://www.sephora.com/product/peace-out-pores-P428250?icid2=products%20grid:p428250,1.3213098086124409,14.379670745010698
Tranexamic Acid Hyperpigmentation Treatment,The INKEY List,facial-treatments,14.99,"Butylene Glycol, Glycerin, Ascorbyl Glucoside, Tranexamic Acid, Euterpe Oleracea Fruit Extract, 1Methylhydantoin2Imide, Sodium Acrylates Copolymer, Phenoxyethanol, Carbomer, Sodium Hydroxide, Cetearyl Olivate, Benzyl Alcohol, Sorbitan Olivate, Hydroxyethyl Acrylate, Lecithin, Squalane, Ethylhexylglycerin, Sodium Gluconate, Polysorbate 60, Dehydroacetic Acid, Lactobacillus Ferment, Sorbitan Isostearate",16,6425,1.0,0.0,https://www.sephora.com/product/tranexamic-acid-night-treatment-P450614?icid2=products%20grid:p450614,1.0,14.99
InvisiScar Resurfacing Treatment,Murad,facial-treatments,35.0,"Dimethicone, Polysilicone11, Ascorbic Acid, Silica, Dimethicone, Dimethyl Isosorbide, Asiaticoside, Madecassic Acid, Asiatic Acid, Hexylresorcinol, Salicylic Acid, Acetyl Glucosamine, Hydroxytyrosol, Tocopheryl Acetate, Polymethylsilsesquioxane, Trimethylsiloxysilicate, Fragrance, Limonene, Linalool, Titanium Dioxide",319,11866,0.5,0.0,https://www.sephora.com/product/invisiscar-resurfacing-treatment-P446423?icid2=products%20grid:p446423,0.5,70.0
Retinol Anti-Aging Serum,The INKEY List,facial-treatments,9.99,"Glycerin, Butylene Glycol, Propanediol, Dicaprylyl Carbonate, Dimethicone, Hydroxyethyl Acrylate, Caprylyl Glycol, Phospholipids, Caprylic, Squalane, Dimethyl Isosorbide, Glycine Soja Extract, Carbomer, Sodium Ascorbate, Tocopherol, Polysorbate 60, Tocopheryl Acetate, Glycolipids, Sodium Hydroxide, Disodium Edta, Hydroxypinacolone Retinoate, Retinol, Glycine Soja Sterol, Leuconostoc, Peg40 Hydrogenated Castor Oil, Hyaluronic Acid, Polysorbate 20, Palmitoyl Tetrapeptide7, Palmitoyl Tripeptide1, Phenoxyethanol",492,15053,1.0,0.0,https://www.sephora.com/product/retinol-serum-P443842?icid2=products%20grid:p443842,1.0,9.99
First Care Activating Serum Limited Edition,Sulwhasoo,facial-treatments,140.0,"Glycerin, Butylene Glycol, Propanediol, Dicaprylyl Carbonate, Dimethicone, Hydroxyethyl Acrylate, Caprylyl Glycol, Phospholipids, Caprylic, Squalane, Dimethyl Isosorbide, Glycine Soja Extract, Carbomer, Sodium Ascorbate, Tocopherol, Polysorbate 60, Tocopheryl Acetate, Glycolipids, Sodium Hydroxide, Disodium Edta, Hydroxypinacolone Retinoate, Retinol, Glycine Soja Sterol, Leuconostoc, Peg40 Hydrogenated Castor Oil, Hyaluronic Acid, Polysorbate 20, Palmitoyl Tetrapeptide7, Palmitoyl Tripeptide1, Phenoxyethanol",5,1535,4.05,0.0,https://www.sephora.com/product/sulwhasoo-first-care-activating-serum-lunar-new-year-limited-edition-P454773?icid2=products%20grid:p454773,4.05,34.567901234567906
Alpha Beta® Ultra Gentle Daily Peel for Sensitive Skin,Dr. Dennis Gross Skincare,facial-treatments,88.0,"Caprylic, Polysorbate 20, Sodium Hyaluronate, Colloidal Oatmeal, Camellia Sinensis Leaf Extract, Centella Asiatica Extract, Retinyl Palmitate, Tocopheryl Acetate, Ascorbyl Palmitate, Soy Isoflavones, Phospholipids, Resveratrol, Ubiquinone, Achillea Millefolium Extract, Raphanus Sativus Root Extract, Copper PCA, Sodium PCA, Zinc PCA, Lecithin, Octoxynol9, Simethicone, Tetrasodium EDTA, Polysorbate 80, Sodium Bicarbonate, Phenoxyethanol, Sodium Benzoate",161,11324,0.0,0.0,https://www.sephora.com/product/alpha-beta-ultra-gentle-daily-peel-sensitive-skin-P398761?icid2=products%20grid:p398761,1.3213098086124409,66.60058029268113
Umbrian Clay Pore Purifying Face Mask,Fresh,facial-treatments,58.0,"Caprylic, Polysorbate 20, Sodium Hyaluronate, Colloidal Oatmeal, Camellia Sinensis Leaf Extract, Centella Asiatica Extract, Retinyl Palmitate, Tocopheryl Acetate, Ascorbyl Palmitate, Soy Isoflavones, Phospholipids, Resveratrol, Ubiquinone, Achillea Millefolium Extract, Raphanus Sativus Root Extract, Copper PCA, Sodium PCA, Zinc PCA, Lecithin, Octoxynol9, Simethicone, Tetrasodium EDTA, Polysorbate 80, Sodium Bicarbonate, Phenoxyethanol, Sodium Benzoate",780,83447,0.0,3.3,https://www.sephora.com/product/umbrian-clay-purifying-mask-P54104?icid2=products%20grid:p54104,3.3,17.575757575757578
Glow Drops,Dr. Barbara Sturm,facial-treatments,145.0,"Prunus Amygdalus Dulcis Oil, C1215 Alkyl Benzoate, Glycerin, Lactobacillus, Butylene Glycol, Cetearyl Alcohol, Glyceryl Stearate, Panthenol, Phenoxyethanol, Sodium Lauroyl Glutamate, Stearic Acid, Dimethicone, Carbomer, Ethylhexylglycerin, Sodium Hyaluronate, Leuconostoc, Mica, Hexylene Glycol, Polygonum Bistorta Root Extract, Sodium Hydroxide, Alcohol, Biosaccharide Gum1, Caprylic, Rosa Canina Fruit Extract, Synthetic Fluorphlogopite, Pantolactone, Caprylyl Glycol, Xanthan Gum, Ascorbyl Palmitate, Citric Acid, Ascorbic Acid, Alumina, Tin Oxide, Titanium Dioxide, Iron Oxides",196,3630,0.0,1.0,https://www.sephora.com/product/dr-barbara-sturm-glow-drops-P447782?icid2=products%20grid:p447782,1.0,145.0
Luminous Deep Hydration Firming Serum,Tatcha,facial-treatments,95.0,"Glycerin, Propanediol, Chondrus Crispus Extract, Alcohol, Methyl Gluceth¬‐20, Polyglyceryl¬‐10Eicosanedioate, Camellia Sinensis Leaf Extract, Gold, Algae Extract, Sodium Hyaluronate, Carrageenan, Lycium Barbarum Fruit Extract, StearylGlycyrrhetinate, Inositol, RoyalJelly Extract, Sericin, Squalane, Chamomilla Recutita Flower Extract, HydrogenatedLecithin, Xanthan Gum, Hydroxyethylcellulose, Silica, Sodium Dilauramidoglutamide Lysine, Titanium Dioxide, SyntheticFluorphlogopite, Polyglyceryl¬‐10 Myristate, Disodium Edta, Hdi, Ethylhexylglycerin, Fragrance, Phenoxyethanol",107,19560,1.0,0.0,https://www.sephora.com/product/luminous-deep-hydration-firming-serum-P399624?icid2=products%20grid:p399624,1.0,95.0
Hyaluronic Acid Hydrating Serum,The INKEY List,facial-treatments,7.99,"Propanediol, Glycerin, Butylene Glycol, Sodium Hyaluronate, Ammonium Acryloyldimethyltaurate, Leuconostoc, Hyaluronic Acid, Carbomer, Polysorbate 20, Palmitoyl Tetrapeptide7, Palmitoyl Tripeptide1, Phenoxyethanol",736,16000,1.0,0.0,https://www.sephora.com/product/hyaluronic-acid-serum-P443845?icid2=products%20grid:p443845,1.0,7.99
Super Spot Remover™ Acne Treatment Gel,Origins,facial-treatments,19.0,"Alcohol Denat, Acrylates, Salicylic Acid, Hamamelis Virginiana, Eugenia Caryophyllus Bud Oil, Origanum Heracleoticum Flower Oil, Eugenol, Limonene, Cucumis Sativus Fruit Extract, Pyrus Malus Fruit Extract, Scutellaria Baicalensis Root Extract, Algae Extract, Poria Cocos Sclerotium Extract, Laminaria Saccharina Extract, Lactobacillus Ferment, Glycerin, Caffeine, Butylene Glycol, Tocopheryl Acetate, Magnesium Ascorbyl Phosphate, Sodium Hydroxide, Phenoxyethanol Essential Oil",1000,75944,0.3,0.0,https://www.sephora.com/product/super-spot-remover-acne-treatment-gel-P297517?icid2=products%20grid:p297517,0.3,63.33333333333334
PRO Strength Retinoid Peptide Serum,Peter Thomas Roth,facial-treatments,110.0,"C912 Alkane, Dimethicone, Isononyl Isononanoate, Dimethyl Isosorbide, Trisiloxane, Cyclopentasiloxane, Polysilicone11, CocoCaprylate, Caprylic, Hydroxypinacolone Retinoate, Palmitoyl Hexapeptide14, Ceramide NP, Helianthus Annuus Seed Extract, Hordeum Vulgare Extract, Cucumis Sativus, Laminaria Ochroleuca Extract, Zingiber Officinale Root Extract, Phytosteryl Canola Glycerides, Sodium Hyaluronate, Sodium PCA, Squalane, Tocopherol, Lecithin, Linoleic Acid, Oleic Acid, Palmitic Acid, Stearic Acid, Hydroxystearic Acid, Triolein, Bisabolol, Ethylhexyl Hydroxystearate, Ethoxydiglycol, Ethylhexylglycerin, Mica, Phenoxyethanol",464,7781,1.0,0.0,https://www.sephora.com/product/pro-strength-retinoid-peptide-serum-P448717?icid2=products%20grid:p448717,1.0,110.0
Daily Cleanse Clear Skin and Body Detox Supplement,HUM Nutrition,facial-treatments,25.0,"C912 Alkane, Dimethicone, Isononyl Isononanoate, Dimethyl Isosorbide, Trisiloxane, Cyclopentasiloxane, Polysilicone11, CocoCaprylate, Caprylic, Hydroxypinacolone Retinoate, Palmitoyl Hexapeptide14, Ceramide NP, Helianthus Annuus Seed Extract, Hordeum Vulgare Extract, Cucumis Sativus, Laminaria Ochroleuca Extract, Zingiber Officinale Root Extract, Phytosteryl Canola Glycerides, Sodium Hyaluronate, Sodium PCA, Squalane, Tocopherol, Lecithin, Linoleic Acid, Oleic Acid, Palmitic Acid, Stearic Acid, Hydroxystearic Acid, Triolein, Bisabolol, Ethylhexyl Hydroxystearate, Ethoxydiglycol, Ethylhexylglycerin, Mica, Phenoxyethanol",415,36190,0.0,0.0,https://www.sephora.com/product/daily-cleanse-supplements-P386754?icid2=products%20grid:p386754,1.3213098086124409,18.920619401329862
FIRMx™ Peeling Gel,Peter Thomas Roth,facial-treatments,48.0,"Peg32, Cellulose, Butylene Glycol, Citrus Aurantium Bergamia Fruit Sorbitol, RBacillus Licheniformis Keratinase, Ananas Sativus Fruit Extract, Lactobacillus, Leuconostoc, Sodium Hyaluronate, Glycerin, Sodium Hydroxide, Citric Acid, Tetrasodium EDTA, Algin, Carbomer, Tromethamine, Isopropyl Myristate, Sodium Chloride, Calcium Chloride, Potassium Sorbate, Sodium Benzoate, Mica, Phenoxyethanol",1000,42166,0.0,3.4,https://www.sephora.com/product/firmx-peeling-gel-P377561?icid2=products%20grid:p377561,3.4,14.117647058823529
Resveratrol 3% + Ferulic Acid 3%,The Ordinary,facial-treatments,7.9,"Propanediol, Resveratrol, Ferulic Acid",56,20857,1.0,0.0,https://www.sephora.com/product/resveratrol-3-ferulic-acid-3-P442755?icid2=products%20grid:p442755,1.0,7.9
Advanced Retinol Treatment,LANCER Skincare,facial-treatments,95.0,"Brassica Alcohol, Glycerin, Neopentyl Glycol Diethylhexanoate, Propanediol, BisStearyl Dimethicone, Trimethylpentanediol, Butyrospermum Parkii Butter, Dimethicone, Squalane, Potassium Cetyl Phosphate, Retinol, Polysorbate 20, Caprylic, Vitis Vinifera Seed Oil, Helianthus Annuus Seed Extract, Rosmarinus Officinalis Leaf Extract, Oryza Sativa Bran Extract, Opuntia FicusIndica Extract, Glycine Soja Extract, Saccharomyces Cerevisiae Extract, Hydrolyzed Collagen, Bakuchiol, Sodium Hyaluronate, Polymethylsilsesquioxane, HDI, Caprylhydroxamic Acid, 12Hexanediol, Xanthan Gum, Carbomer, Polysilicone11, Disodium EDTA, Fragrance",416,3053,1.0,0.0,https://www.sephora.com/product/advanced-retinol-treatment-P433970?icid2=products%20grid:p433970,1.0,95.0
Acne Solutions Clinical Clearing Kit,CLINIQUE,facial-treatments,28.0,"Dimethicone, Isododecane, Butylene Glycol, BisPeg18 Methyl Ether Dimethyl Silane, Glycerin, Laminaria Saccharina Extract, Polygonum Cuspidatum Root Extract, Saccharomyces Lysate Extract, Cucumis Sativus Fruit Extract, Hordeum Vulgare Extract, Helianthus Annuus Seedcake, Caffeine, Trehalose, Sodium Hyaluronate, Tocopheryl Acetate, Chamomilla Recutita, Polysilicone11, Silica, Propylene Glycol Dicaprate, Oleth10, Lactobacillus Ferment, Laureth23, Laureth4, Ammonium Acryloyldimethyltaurate, Carbomer, Caprylyl Glycol, Hexylene Glycol, Tromethamine, Disodium Edta, Phenoxyethanol, Potassium Sorbate, Yellow 5, Red 4, Yellow 6 Lotion",119,16800,0.0,0.0,https://www.sephora.com/product/acne-solutions-clinical-clearing-kit-P387942?icid2=products%20grid:p387942,1.3213098086124409,21.19109372948945
Mandelic Acid 10% + HA,The Ordinary,facial-treatments,6.8,"Dimethicone, Isododecane, Butylene Glycol, BisPeg18 Methyl Ether Dimethyl Silane, Glycerin, Laminaria Saccharina Extract, Polygonum Cuspidatum Root Extract, Saccharomyces Lysate Extract, Cucumis Sativus Fruit Extract, Hordeum Vulgare Extract, Helianthus Annuus Seedcake, Caffeine, Trehalose, Sodium Hyaluronate, Tocopheryl Acetate, Chamomilla Recutita, Polysilicone11, Silica, Propylene Glycol Dicaprate, Oleth10, Lactobacillus Ferment, Laureth23, Laureth4, Ammonium Acryloyldimethyltaurate, Carbomer, Caprylyl Glycol, Hexylene Glycol, Tromethamine, Disodium Edta, Phenoxyethanol, Potassium Sorbate, Yellow 5, Red 4, Yellow 6 Lotion",74,24535,1.0,0.0,https://www.sephora.com/product/mandelic-acid-10-ha-P442758?icid2=products%20grid:p442758,1.0,6.8
Water Drench Hyaluronic Cloud Serum,Peter Thomas Roth,facial-treatments,65.0,"Saccharide Isomerate, Sodium Hyaluronate, Sodium PCA, Hydrolyzed Silk, Algae Extract, Mel Extract, Saccharomyces, Saccharomyces, Saccharomyces, Saccharomyces, Saccharomyces, Eriodictyon Crassifolium Leaf Extract, Olea Europaea Leaf Extract, Opuntia Tuna Flower, Urea, Trehalose, Sorbitol, Glycerin, Citric Acid, Sodium Citrate, Propylene Glycol, Hexylene Glycol, Butylene Glycol, Polyquaternium51, Triacetin, Pentylene Glycol, Caprylyl Glycol, Sodium Benzoate, Potassium Sorbate, Disodium EDTA, Potassium Benzoate, Phenoxyethanol",404,17649,1.0,0.0,https://www.sephora.com/product/water-drench-hyaluronic-cloud-serum-P222818?icid2=products%20grid:p222818,1.0,65.0
Superfood Firm and Brighten Vitamin C Serum,Youth To The People,facial-treatments,62.0,"Lactic Acid, Citric Acid, Malic Acid, Glycerin, Palmitoyl Tripeptide5, Magnesium Ascorbyl Phosphate, Butylene Glycol, Brassica Oleracea Leaf ExtractSpinacia Oleracea Leaf Extract, Camellia Sinensis Leaf ExtractChamomile Recutita Flower Extract, Medicago Sativa Leaf xtract, Aloe Barbadensis Leaf Extract, Sodium Hyaluronate Crosspolymer, Panthenol, Heptyl Glucoside, Hydroxyethylcellulose, Sodium Hyaluronate, Natural FragranceSuperoxide Dismutase, LTyrosine, Sodium Citrate, Magnesium Chloride, Pentylene GlycolEthylhexylglycerin, Phenoxyethanol, Potassium Sorbate, Sodium Benzoate",145,16413,1.0,0.0,https://www.sephora.com/product/kale-tri-peptide-37-vitamin-c-age-prevention-serum-P411389?icid2=products%20grid:p411389,1.0,62.0
Anti Bac Clearing Lotion,Kate Somerville,facial-treatments,42.0,"PPG2 Myristyl Ether Propionate, Argania Spinosa Kernel Extract, PEG40 Sterate, Serenoa Serrulata Fruit Extract, Sesamum Indicum Seed Extract, Alcohol Denat, Sorbitan Stearate, Hydrogenated Methyl Abeitate, Methyl Methacrylate Crosspolymer, Carbomer, Glyceryl Stearate, Cetyl Alcohol, Tetrasodium EDTA, Hydrogenated Lecithin, Cholesterol, Ceramide NS, Ceramide NP, Oleic Acid, Palmitic Acid, Sodium Ascorbate, Sodium Hydroxide, EDTA, Ethyhexylglycerin, Phenoxyethanol",518,21108,1.7,0.0,https://www.sephora.com/product/anti-bac-clearing-lotion-P232907?icid2=products%20grid:p232907,1.7,24.705882352941174
Caviar Lime Acid Peel,LANCER Skincare,facial-treatments,95.0,Caviar Lime Extract: Promotes skin exfoliation,351,5045,1.7,0.0,https://www.sephora.com/product/caviar-lime-acid-peel-P421741?icid2=products%20grid:p421741,1.7,55.88235294117647
Retinol Fusion PM,Peter Thomas Roth,facial-treatments,65.0,"Cyclopentasiloxane, Squalane, Retinol, Tocopheryl Acetate, Ascorbyl Palmitate, Bisabolol, Lecithin, Potassium Phosphate, Pentylene Glycol, Polysorbate20, Alcohol",526,20339,1.0,0.0,https://www.sephora.com/product/retinol-fusion-pm-P251529?icid2=products%20grid:p251529,1.0,65.0
C+ Collagen Brighten & Firm Vitamin C Serum,Dr. Dennis Gross Skincare,facial-treatments,78.0,"Cyclopentasiloxane, Squalane, Retinol, Tocopheryl Acetate, Ascorbyl Palmitate, Bisabolol, Lecithin, Potassium Phosphate, Pentylene Glycol, Polysorbate20, Alcohol",143,17204,1.0,0.0,https://www.sephora.com/product/c-collagen-brighten-firm-vitamin-c-serum-P415209?icid2=products%20grid:p415209,1.0,78.0
Polyglutamic Acid Hydrating Serum,The INKEY List,facial-treatments,14.99,"Dimethicone, Butylene Glycol, BisPEG12 Dimethicone, Glycerin, Polymethylsilsesquioxane, Polysilicone11, Phenoxyethanol, Polyglutamic Acid, Sodium Acrylate, Isohexadecane, Propanediol, CocoGlucoside, Sodium Benzoate, Hydroxyethylcellulose, Polysorbate 80, Ethylhexylglycerin, Potassium Sorbate, Decyl Glucoside, Dimethylacrylamide, Sorbitan Oleate, Trisodium Ethylenediamine Disuccinate, Caprylyl Glycol, Hexylene Glycol, Oryza Sativa Bran Extract",229,8715,1.0,0.0,https://www.sephora.com/product/polyglutamic-acid-P443830?icid2=products%20grid:p443830,1.0,14.99
"Clear, Correct & Recover Acne Kit",Murad,facial-treatments,42.0,"Dicaprylyl Maleate, C1215 Alkyl Benzoate, Butylene Glycol, Glycerin, Sorbitan Stearate, Squalane, Stearic Acid, Retinol, Caprylic, Urea, Yeast Amino Acids, Trehalose, Inositol, Taurine, Betaine, Arnica Montana Flower Extract, Epilobium Angustifolium Flower, Hydrolyzed Soy Flour, Spiraea Ulmaria Extract, Honey Extract, Cetearyl Alcohol, Ceteareth20, Talc, Glycolipids, Sodium Hyaluronate, Panthenol, Lecithin, Avena Sativa Kernel Protein, Tocopherol, Magnesium Ascorbyl Phosphate, Chondrus Crispus Extract, Dimethicone, Sodium PCA, Allantoin, Sclerotium Gum, Carbomer, Disodium EDTA, Aminomethyl Propanol, Phenoxyethanol, Caprylyl Glycol, Chlorphenesin, Citrus Aurantium Dulcis Fruit Extract",0,730,0.0,0.0,https://www.sephora.com/product/murad-invisiscar-kit-P454934?icid2=products%20grid:p454934,1.3213098086124409,31.78664059423417
Ferulic Acid + Retinol Brightening Solution,Dr. Dennis Gross Skincare,facial-treatments,88.0,"Dicaprylyl Maleate, C1215 Alkyl Benzoate, Butylene Glycol, Glycerin, Sorbitan Stearate, Squalane, Stearic Acid, Retinol, Caprylic, Urea, Yeast Amino Acids, Trehalose, Inositol, Taurine, Betaine, Arnica Montana Flower Extract, Epilobium Angustifolium Flower, Hydrolyzed Soy Flour, Spiraea Ulmaria Extract, Honey Extract, Cetearyl Alcohol, Ceteareth20, Talc, Glycolipids, Sodium Hyaluronate, Panthenol, Lecithin, Avena Sativa Kernel Protein, Tocopherol, Magnesium Ascorbyl Phosphate, Chondrus Crispus Extract, Dimethicone, Sodium PCA, Allantoin, Sclerotium Gum, Carbomer, Disodium EDTA, Aminomethyl Propanol, Phenoxyethanol, Caprylyl Glycol, Chlorphenesin, Citrus Aurantium Dulcis Fruit Extract",293,27591,0.0,1.0,https://www.sephora.com/product/ferulic-acid-retinol-brightening-solution-P375269?icid2=products%20grid:p375269,1.0,88.0
Focuspot™ Micro Tip Patches,Dr. Jart+,facial-treatments,18.0,"Sodium Hyaluronate, Trehalose, Clitoria Ternatea Flower Extract, Niacinamide, Oligopeptide76, Curcumin, Maltodextrin",382,35524,0.0,0.0,https://www.sephora.com/product/focuspot-micro-tip-patches-P442857?icid2=products%20grid:p442857,1.3213098086124409,13.622845968957506
Potent-C™ Vitamin C Power Serum,Peter Thomas Roth,facial-treatments,98.0,"Tetrahexyldecyl Ascorbate, Butylene Glycol, C912 Alkane, Caprylyl Methicone, Tocopheryl Acetate, C1018 Triglycerides, Polyglyceryl6 Distearate, Ferulic Acid, Squalane, Hydrogenated Lecithin, Propanediol, Sodium Hyaluronate, Zingiber Officinale Root Extract, Curcuma Longa Root Extract, Panax Ginseng Root Extract, Jojoba Esters, Leuconostoc, CocoCaprylate, Glycerin, Cetyl Alcohol, Polyglyceryl3 Beeswax, Xanthan Gum, Disodium EDTA, Mica, Ethylhexylglycerin, Potassium Sorbate, Sodium Benzoate, Phenoxyethanol",641,21204,1.0,0.0,https://www.sephora.com/product/potent-c-power-serum-P428100?icid2=products%20grid:p428100,1.0,98.0
GRAVITYMUD™ Firming Treatment Mask,GLAMGLOW,facial-treatments,59.0,"Polyvinyl Alcohol, Alcohol Denat, Butylene Glycol, Glycerin, Ethylhexyl Hydroxystearate, Hamamelis Virginiana  Montmorillonite, Pentylene Glycol, Illite, Polysorbate 20, Canadian Colloidal Clay, Caprylyl Glycol, Althaea Officinalis Leaf Extract, Tapioca Starch, Chondrus Crispus, Colloidal Platinum, Dipotassium Glycyrrhizate, Alcohol, Ascophyllum Nodosum Powder, Polysorbate 80, Polymethylsilsesquioxane, Hydroxypropyl Methylcellulose, Citric Acid, Lecithin, Pullulan, Porphyridium Cruentum Extract, Soy Isoflavones, Sodium Hyaluronate, Xanthan Gum, Fragrance, Coumarin, Disodium Edta, Phenoxyethanol, Sorbic Acid, Potassium Sorbate, Bismuth Oxychloride",794,77238,0.0,1.7,https://www.sephora.com/product/gravitymud-firming-treatment-P403486?icid2=products%20grid:p403486,1.7,34.70588235294117
Lactic Acid 5% + HA,The Ordinary,facial-treatments,6.5,"Aqua, Lactic Acid, Glycerin, Pentylene Glycol, Propanediol, Sodium Hyaluronate Crosspolymer, Tasmannia Lanceolata Fruit, Acacia Senegal Gum, Xanthan Gum, Isoceteth20, Trisodium Ethylenediamine Disuccinate, Sodium Hydroxide, Ethylhexylglycerin, 12Hexanediol, Caprylyl Glycol",2,2294,1.0,0.0,https://www.sephora.com/product/the-ordinary-lactic-acid-5-ha-P455339?icid2=products%20grid:p455339,1.0,6.5
Rapid Relief Acne Spot Treatment,Murad,facial-treatments,22.0,"Alcohol, Hamamelis Virginiana  Propanediol, Pentylene Glycol, Glycerin, Silica, Butylene Glycol, Polyacrylate Crosspolymer6, C1215 Alkyl Lactate, Aesculus Hippocastanum Seed Extract, Avena Sativa Kernel Extract, Urea, Yeast Amino Acids, Trehalose, Inositol, Taurine, Betaine, Thymol, Terpineol, Hydroxyphenyl Propamidobenzoic Acid, Shea Butter Ethyl Esters, 4tButylcyclohexanol, Disodium EDTA, Sodium Hydroxide",370,19576,0.0,0.5,https://www.sephora.com/product/rapid-relief-acne-spot-treatment-P421432?icid2=products%20grid:p421432,0.5,44.0
Peptide 21™ Wrinkle Resist Serum,Peter Thomas Roth,facial-treatments,125.0,"Glycerin, Rosa Centifolia Flower Isopropyl Myristate, Squalane, Mannitol, Butylene Glycol, Natto Gum, Tripeptide10 Citrulline, Acetyl Octapeptide3, Palmitoyl Hexapeptide12, Acetyl Tetrapeptide11, Acetyl Hexapeptide8, Acetyl Hexapeptide1, Palmitoyl Oligopeptide, Acetyl Tetrapeptide9, Acetyl Tetrapeptide2, Tripeptide1, Palmitoyl Tetrapeptide7, Hexapeptide11, Dipeptide Diaminobutyroyl Benzylamide Diacetate, Palmitoyl Tripeptide5, Trifluoroacetyl Tripeptide2, Palmitoyl Tripeptide1, Sodium Polyglutamate, Sodium Hyaluronate, Tocopheryl Acetate, Retinyl Palmitate, Ascorbic Acid, Hydrolyzed Soy Protein, Hydrolyzed Wheat Protein, Lecithin, Pseudoalteromonas Ferment Extract, Acrylates Copolymer, Magnesium Chloride, Polysorbate 20, Dimethyl Isosorbide, Acrylates, Leuconostoc, Peg8 Dimethicone, Disodium Phosphate, Carbomer, Dextran, Sodium Lactate, Tetradecyl Aminobutyroylvalylaminobutyric Urea Trifluoroacetate, Xanthan Gum, Triethanolamine, Sodium Phosphate, , Octyldodecanol, Silica, Sodium Propoxyhydroxypropyl Thiosulfate Silica, Sodium Hydroxide, Caprylyl Glycol, Potassium Sorbate, Sodium Benzoate, Phenoxyethanol",541,3363,1.0,0.0,https://www.sephora.com/product/peptide-21-wrinkle-resist-serum-P442741?icid2=products%20grid:p442741,1.0,125.0
Ascorbyl Glucoside Solution 12%,The Ordinary,facial-treatments,12.9,"Ascorbyl Glucoside, Propanediol, Aminomethyl Propanol, Triethanolamine, Isoceteth20, Xanthan gum, Dimethyl Isosorbide, Ethoxydiglycol, Trisodium Ethylenediamine Disuccinate, 12Hexanediol, Caprylyl Glycol",38,12055,1.0,0.0,https://www.sephora.com/product/ascorbyl-glucoside-solution-12-P442756?icid2=products%20grid:p442756,1.0,12.9
Ever-Matte Poreless Priming Perfector ,BECCA,facial-treatments,39.0,"Magnesium Aluminum Silicate, Propylene Glycol, Phenoxyethanol, Methylparaben, Propylparaben, Butylene Glycol, Enantia Chlorantha Bark Extract, Oleanolic Acid",2000,57072,1.35,0.0,https://www.sephora.com/product/ever-matte-poreless-priming-perfector-P378017?icid2=products%20grid:p378017,1.35,28.88888888888889
Super Anti-Aging Serum,Dr. Barbara Sturm,facial-treatments,350.0,"Butylene Glycol, Lactobacillus, Propanediol, Phenoxyethanol, Sodium Hyaluronate, Ethylhexylglycerin, Leuconostoc, Baicalin, Glutathione",12,1357,0.0,1.0,https://www.sephora.com/product/dr-barbara-sturm-super-anti-aging-serum-P447787?icid2=products%20grid:p447787,1.0,350.0
Clarifying Body Spray,Murad,facial-treatments,44.0,"Alcohol Denat, Butylene Glycol, PEG40 Hydrogenated Castor Oil, Niacinamide, Allantoin, Glycerin, Nymphaea Coerulea Flower Extract, Panthenol, Glycolic Acid, Menthol, Tocopheryl Acetate, Sodium Hydroxide, Cocamidopropyl Betaine, Cymbopogon Schoenanthus Oil",558,12135,4.3,0.0,https://www.sephora.com/product/clarifying-body-spray-P34402?icid2=products%20grid:p34402,4.3,10.232558139534882
Vitamin C Suspension 30% in Silicone,The Ordinary,facial-treatments,6.8,"Dimethicone, Ascorbic Acid, Polysilicone11, PEG10 Dimethicone",184,33299,1.0,0.0,https://www.sephora.com/product/the-ordinary-deciem-vitamin-c-suspension-30-in-silicone-P427409?icid2=products%20grid:p427409,1.0,6.8
Acne Solutions™ Clinical Clearing Gel,CLINIQUE,facial-treatments,27.0,"Alcohol Denat, Acrylates, Hamamelis Virginiana, Laminaria Saccharina Extract, Sea Whip Extract, Butylene Glycol, Benzalkonium Chloride",805,42944,0.0,1.0,https://www.sephora.com/product/acne-solutions-clinical-clearing-gel-P385432?icid2=products%20grid:p385432,1.0,27.0
The Revitalizing Hydrating Serum,La Mer,facial-treatments,215.0,"Declustered Water \Aqua\Eau DeStructuree, Declustered Water \Aqua\Eau DeStructuree, Butylene Glycol, Glycerin, Algae Extract, BisPeg12 Dimethicone, Hydrogenated Lecithin, Caprylic, Sucrose, Limnanthes Alba Seed Oil, Sesamum Indicum Seed Oil, Medicago Sativa Seed Powder, Helianthus Annuus Seedcake, Prunus Amygdalus Dulcis Seed Meal, Eucalyptus Globulus Leaf Oil, Sodium Gluconate, Copper Gluconate, Calcium Gluconate, Magnesium Gluconate, Zinc Gluconate, Tocopheryl Succinate, Niacin, Sesamum Indicum Seed Powder, Citrus Aurantifolia Peel Extract, Commiphora Mukul Resin Extract, Codium Tomentosum Extract, Polygonum Cuspidatum Root Extract, Vitis Vinifera Seed Extract, Humulus Lupulus Extract, Citrus Reticulata Peel Extract, Asparagopsis Armata Extract, Salicornia Herbacea Extract, Alcaligenes Polysaccharides, Glucose, Porphyridium Cruentum Extract, Sigesbeckia Orientalis Extract, Squalane, Cholesterol, Caffeine, Undaria Pinnatifida Extract, Ascophyllum Nodosum Extract, Laminaria Digitata Extract, Sea Salt\Maris Sal\Sel Marin, Castanea Sativa Seed Extract, Plankton Extract, Glycine Soja Seed Extract, Acetyl Hexapeptide8, Trehalose, Lactoperoxidase, Dimethicone, Lecithin, Dipotassium Glycyrrhizate, Glycine Soja Protein, Rosmarinus Officinalis Leaf Extract, Punica Granatum Fruit Juice, Glucose Oxidase, Linolenic Acid, Hydrolyzed Rice Extract, Laminaria Saccharina Extract, Yeast Extract\Faex\Extrait De Levure, Acetyl Glucosamine, Bisabolol, Glycosaminoglycans, Ethylhexylglycerin, Sodium Pca, Tourmaline, Linoleic Acid, Sorbitol, Urea, Tocopheryl Acetate, Pentylene Glycol, Sodium Hyaluronate, Polyquaternium51, Ethylbisiminomethylguaiacol Manganese Chloride, Hydroxypropyl Cyclodextrin, Magnesium Ascorbyl Phosphate, Nordihydroguaiaretic Acid, Sodium Hydroxide, Alcohol Denat, Carbomer, Xanthan Gum, Potassium Sorbate, Fragrance, Disodium Edta, Bht, Phenoxyethanol, Amyl Cinnamal, Hexyl Cinnamal, Benzyl Benzoate, Citronellol, Limonene, Coumarin, Linalool, Blue 1, Red 4",19,5603,1.0,0.0,https://www.sephora.com/product/the-revitalizing-hydrating-serum-P416725?icid2=products%20grid:p416725,1.0,215.0
Perfect Canvas Clean Primer,REN Clean Skincare,facial-treatments,45.0,"Aqua, Lactococcus Ferment Lysate, Glycerin, Maltose, Caprylyl, AlphaGlucan Oligosaccharide, Agave Tequilana Leaf Extract, Xanthan Gum, Parfum, Sodium Hyaluronate, Sodium Benzoate, Phenoxyethanol, Citric Acid, Lactic Acid, Sodium Chloride, Glucose, Limonene, LinaloolA14",449,18148,1.02,0.0,https://www.sephora.com/product/perfect-canvas-skin-finishing-serum-P423666?icid2=products%20grid:p423666,1.02,44.11764705882353
Hyaluronic Marine Hydration Booster,Dr. Dennis Gross Skincare,facial-treatments,68.0,"Oenothera Biennis Flower, Glycerin, Saccharide Isomerate, Yucca Aloifolia Leaf, Sodium Hyaluronate, Linoleic Acid, Centella Asiatica Extract, Cucumis Sativus Fruit Extract, Ceramide AP, Ceramide EOP, Ceramide NP, Citrullus Lanatus Fruit Extract, Hydrolyzed Collagen, Camellia Sinensis Leaf Extract, Quercetin Caprylate, Glycolic Acid, Lactic Acid, Chamomilla Recutita Flower Extract, Glycine Soja Extract, Retinol, Tocopheryl Acetate, Symphytum Officinale Extract, Cocos Nucifera Fruit Juice, Tetrapeptide21, Copper PCA, Sodium PCA, Urea, Bisabolol, Acrylates, C1314 Isoparaffin, Phytosphingosine, Zinc PCA, Laureth7, Sodium Lauroyl Lactylate, Isosteareth200 Linoleate, Polysorbate 20, Carbomer, Cholesterol, Polyacrylamide, Xanthan Gum, Disodium EDTA, Phenoxyethanol, Sodium Benzoate, Fragrance",103,7861,1.0,0.0,https://www.sephora.com/product/clinical-concentrate-hydration-booster-P385773?icid2=products%20grid:p385773,1.0,68.0
Limited Edition Facial Radiance Pads,First Aid Beauty,facial-treatments,34.0,"Oenothera Biennis Flower, Glycerin, Saccharide Isomerate, Yucca Aloifolia Leaf, Sodium Hyaluronate, Linoleic Acid, Centella Asiatica Extract, Cucumis Sativus Fruit Extract, Ceramide AP, Ceramide EOP, Ceramide NP, Citrullus Lanatus Fruit Extract, Hydrolyzed Collagen, Camellia Sinensis Leaf Extract, Quercetin Caprylate, Glycolic Acid, Lactic Acid, Chamomilla Recutita Flower Extract, Glycine Soja Extract, Retinol, Tocopheryl Acetate, Symphytum Officinale Extract, Cocos Nucifera Fruit Juice, Tetrapeptide21, Copper PCA, Sodium PCA, Urea, Bisabolol, Acrylates, C1314 Isoparaffin, Phytosphingosine, Zinc PCA, Laureth7, Sodium Lauroyl Lactylate, Isosteareth200 Linoleate, Polysorbate 20, Carbomer, Cholesterol, Polyacrylamide, Xanthan Gum, Disodium EDTA, Phenoxyethanol, Sodium Benzoate, Fragrance",31,5935,0.0,0.0,https://www.sephora.com/product/limited-edition-facial-radiance-pads-P447502?icid2=products%20grid:p447502,1.3213098086124409,25.73204238580862
Therapeutic Sulfur Mask Acne Treatment Mask,Peter Thomas Roth,facial-treatments,52.0,"Bentonite, Kaolin, Propylene Glycol, Talc, Glycerin, Aloe Barbadensis Leaf Juice, Zinc Oxide, Polysorbate 20, Titanium Dioxide, Carbomer, Fragrance, Sodium Hydroxide, Diazolidinyl Urea, Methylparaben, Propylparaben",1000,49106,5.0,0.0,https://www.sephora.com/product/therapeutic-sulfur-masque-acne-treatment-masque-P3617?icid2=products%20grid:p3617,5.0,10.4
Bye Bye Breakout™ Full-Coverage Concealer,IT Cosmetics,facial-treatments,32.0,"Cyclopentasiloxane, Dimethicone, Peg, Isododecane, Silica, Propanediol, Dimethicone, Lauryl Peg, Polysilicone11, Peg10 Dimethicone, Magnesium Aluminum Silicate, Sodium Chloride, Polyglyceryl4 Isostearate, Butylene Glycol, Decyl Glucoside, Cetyl Peg, Disteardimonium Hectorite, Methicone, Hexyl Laurate, Melaleuca Alternifolia Leaf Zinc Oxide, Rubus Idaeus Fruit Extract, Gentiana Lutea Root Extract, Saccharum Officinarum Extract, Lithospermum Erythrorhizon Root Extract, Colloidal Oatmeal, Sodium Hyaluronate, Caprylic, Glycolic Acid, Salicylic Acid, Allyl Methacrylates Crosspolymer, Kaolin, Hydrolyzed Collagen, Hydrolyzed Silk, Acetyl Octapeptide3, Acetyl Hexapeptide8, Sulfur, Retinyl Palmitate, Ascorbyl Palmitate, Tocopheryl Acetate, Glycerin, Caprylyl Glycol, BetaGlucan, Camellia Sinensis Leaf Extract, Aloe Barbadensis Leaf Extract, Cucumis Sativus Fruit Extract, Glycyrrhiza Glabra Root Extract, Chamomilla Recutita Flower Extract, Hamamelis Virginiana Leaf Extract, Calendula Officinalis Flower Extract, Salix Alba Bark Extract, Mentha Viridis Leaf Extract, Curcuma Longa Root Extract, C1215 Alkyl Benzoate, Tribehenin, Ceramide Ng, Peg10 Rapeseed Sterol, Palmitoyl Hexapeptide12, Steareth20, NHydroxysuccinimide, Chrysin, Palmitoyl Tripeptide1, Palmitoyl Tetrapeptide7, Magnolia Acuminata Bark Extract, Chrysanthemum Parthenium Extract, Agaricus Bisporus Extract, Potassium Sorbate, Phenoxyethanol, Ethylhexylglycerin, ",384,38871,0.35,0.0,https://www.sephora.com/product/bye-bye-breakout-full-coverage-treatment-concealer-P427736?icid2=products%20grid:p427736,0.35,91.42857142857143
Liquid ExfoliKate® Triple Acid Resurfacing Treatment,Kate Somerville,facial-treatments,58.0,"Pelargonium Graveolens Flower, Sodium Hydroxide, Glycolic Acid, Propanediol, Phytic Acid, Glycerin, Papain, Boswellia Serrata Extract, Mel Extract, Camellia Sinensis Leaf Extract, Aspalathus Linearis Extract, Bromelain, Microcitrus Australasica Fruit Extract, Tetrapeptide14, Lactobacillus, Leuconostoc, 12Hexanediol, Butylene Glycol, Citric Acid, Malic Acid, Tartaric Acid, Caprylhydroxamic Acid, Phenoxyethanol, Sodium Benzoate, Maltodextrin, Citronellol, Geraniol, Linalool",228,11784,4.0,0.0,https://www.sephora.com/product/liquid-exfolikate-triple-acid-resurfacing-treatment-P439927?icid2=products%20grid:p439927,4.0,14.5
Peptide 21™ Amino Acid Exfoliating Peel Pads,Peter Thomas Roth,facial-treatments,52.0,"Butylene Glycol, Sodium Lactate, Phytic Acid, Ppg5Ceteth20, Rosa Centifolia Flower Hamamelis Virginiana  Salicylic Acid, Threonine, Glutamic Acid, Serine, Aspartic Acid, Arginine, Alanine, Proline, Valine, Histidine, Glycine, Lysine, Chamomilla Recutita Flower Extract, Camellia Sinensis Leaf Extract, Ascorbic Acid, Retinyl Palmitate, Tocopheryl Acetate, Aloe Barbadensis Leaf Juice, Borago Officinalis Seed Oil, Symphytum Officinale Leaf Extract, Citrus Limon Peel Extract, Citrus Aurantifolia Peel Extract, Citrus Aurantium Dulcis Fruit Extract, Citrus Tangerina Peel Extract, Mentha Piperita Extract, Salvia Officinalis Leaf Extract, Zingiber Officinale Root Extract, Phenoxyethanol, Sodium Hydroxide, Aminobutyric Acid, Potassium Sorbate, Sodium Benzoate, Caprylic, Peg8 Dimethicone, Leucine, Sodium Ascorbyl Phosphate, Limonene, Benzoic Acid, Tyrosine, Phenylalanine, Isoleucine, Citric Acid, Octyldodecanol, Silica, Sodium Propoxyhydroxypropyl Thiosulfate Silica",493,5454,0.0,0.0,https://www.sephora.com/product/peptide-21-amino-acid-exfoliating-peel-pads-P442742?icid2=products%20grid:p442742,1.3213098086124409,39.35488835476612
Dark Spots No More® Triple Acid Spot Minimizing Concentrate,Dr. Brandt Skincare,facial-treatments,68.0,"Niacinamide, Propanediol, Potassium Azeloyl Diglycinate, Tranexamic Acid, Glycerin, Polyacrylate Crosspolymer6, Phytic Acid, Plankton Extract, Lecithin, Camellia Sinensis Leaf Extract, Tasmannia Lanceolata Fruit, Caprylyl Glycol, Tocopherol, Potassium Chloride, Potassium Sorbate, Sodium Benzoate, Sodium Ascorbate, Tetrahydrodiferuloylmethane, Ethylhexylglycerin, Chlorphenesin, TButyl Alcohol, Phenoxyethanol",41,2616,0.5,0.0,https://www.sephora.com/product/dr-brandt-skincare-dark-spots-no-more-triple-acid-spot-minimizing-concentrate-P453822?icid2=products%20grid:p453822,0.5,136.0
Glow Peel Pads,SEPHORA COLLECTION,facial-treatments,16.0,"Vaccinium Myrtillus Fruit Extract, Glycerin, Saccharum Officinarum Extract, Butylene Glycol, Levulinic Acid, Sodium Benzoate, Citrus Aurantium Dulcis Fruit Extract, Citrus Limon Fruit Extract, Perfume, Sodium Levulinate, Sodium Hydroxide, Acer Saccharum Extract, Citric Acid, Chlorella Vulgaris Extract, Aloe Barbadensis Leaf Juice Powder, Potassium Sorbate",232,24676,0.0,0.0,https://www.sephora.com/product/glow-away-peel-pads-P442535?icid2=products%20grid:p442535,1.3213098086124409,12.109196416851114
Argireline Solution 10%,The Ordinary,facial-treatments,7.9,"Propanediol, Acetyl Hexapeptide8, Trisodium Ethylenediamine Disuccinate, Gellan Gum, Sodium Chloride, Isoceteth20, Dimethyl Isosorbide, Potassium Sorbate, Phenoxyethanol, Chlorphenesin",38,11481,1.0,0.0,https://www.sephora.com/product/argireline-solution-10-P442753?icid2=products%20grid:p442753,1.0,7.9
Collagen Booster Firming Peptide Serum,The INKEY List,facial-treatments,10.99,"Glycerin, Butylene Glycol, Propanediol, Phenoxyethanol, Hydroxyethylcellulose, Disodium Edta, Leuconostoc, Carbomer, Hyaluronic Acid, Palmitoyl Dipeptide5 Diaminobutyroyl Hydroxythreonine, Palmitoyl Dipeptide5 Diaminohydroxybutyrate, Polysorbate 20, Palmitoyl Tetrapeptide7, Palmitoyl Tripeptide1",339,9547,1.0,0.0,https://www.sephora.com/product/collagen-serum-P443846?icid2=products%20grid:p443846,1.0,10.99
Barrier+ Triple Lipid-Hyaluronate Serum,Skinfix,facial-treatments,50.0,"Propanediol, Jojoba Oil, Caprylyl Caprylate, Glycerin, Polyacrylate Crosspolymer11, Glycine Soja Seed Extract, Oryza Sativa Bran Extract, Squalene, Sodium Hyaluronate, Tocopherol, Phytosteryl Macadamiate, Paeonia Albiflora Root Extract, Gluconolactone, Trisodium Ethylenediamine Disuccinate, Phytosterols, Rosmarinus Officinalis Leaf Extract, Helianthus Annuus Extract, Aloe Barbadensis Leaf Juice, Chondrus Crispus Extract, Xanthan Gum, Ethylhexylglycerin, Potassium Sorbate, Sodium Benzoate, Citric Acid, Phenoxyethanol",206,4521,1.0,0.0,https://www.sephora.com/product/barrier-lipid-boost-jelly-P442837?icid2=products%20grid:p442837,1.0,50.0
ESPADA Blue Light Acne Treatment,FOREO,facial-treatments,149.0,"Propanediol, Jojoba Oil, Caprylyl Caprylate, Glycerin, Polyacrylate Crosspolymer11, Glycine Soja Seed Extract, Oryza Sativa Bran Extract, Squalene, Sodium Hyaluronate, Tocopherol, Phytosteryl Macadamiate, Paeonia Albiflora Root Extract, Gluconolactone, Trisodium Ethylenediamine Disuccinate, Phytosterols, Rosmarinus Officinalis Leaf Extract, Helianthus Annuus Extract, Aloe Barbadensis Leaf Juice, Chondrus Crispus Extract, Xanthan Gum, Ethylhexylglycerin, Potassium Sorbate, Sodium Benzoate, Citric Acid, Phenoxyethanol",112,13067,0.0,0.0,https://www.sephora.com/product/espada-acne-clearing-blue-light-pen-P419633?icid2=products%20grid:p419633,1.3213098086124409,112.766891631926
Resurfacing AHA + BHA Serum,Tata Harper,facial-treatments,88.0,"Propanediol, Jojoba Oil, Caprylyl Caprylate, Glycerin, Polyacrylate Crosspolymer11, Glycine Soja Seed Extract, Oryza Sativa Bran Extract, Squalene, Sodium Hyaluronate, Tocopherol, Phytosteryl Macadamiate, Paeonia Albiflora Root Extract, Gluconolactone, Trisodium Ethylenediamine Disuccinate, Phytosterols, Rosmarinus Officinalis Leaf Extract, Helianthus Annuus Extract, Aloe Barbadensis Leaf Juice, Chondrus Crispus Extract, Xanthan Gum, Ethylhexylglycerin, Potassium Sorbate, Sodium Benzoate, Citric Acid, Phenoxyethanol",144,13553,1.0,0.0,https://www.sephora.com/product/resurfacing-serum-P432048?icid2=products%20grid:p432048,1.0,88.0
Cicapair™ Tiger Grass Camo Drops SPF 44,Dr. Jart+,facial-treatments,46.0,"Propanediol, Jojoba Oil, Caprylyl Caprylate, Glycerin, Polyacrylate Crosspolymer11, Glycine Soja Seed Extract, Oryza Sativa Bran Extract, Squalene, Sodium Hyaluronate, Tocopherol, Phytosteryl Macadamiate, Paeonia Albiflora Root Extract, Gluconolactone, Trisodium Ethylenediamine Disuccinate, Phytosterols, Rosmarinus Officinalis Leaf Extract, Helianthus Annuus Extract, Aloe Barbadensis Leaf Juice, Chondrus Crispus Extract, Xanthan Gum, Ethylhexylglycerin, Potassium Sorbate, Sodium Benzoate, Citric Acid, Phenoxyethanol",287,22689,1.0,0.0,https://www.sephora.com/product/cicapair-tiger-grass-camo-drops-P429250?icid2=products%20grid:p429250,1.0,46.0
Advanced Night Repair Intense Reset Concentrate,Estée Lauder,facial-treatments,80.0,"Propanediol, Jojoba Oil, Caprylyl Caprylate, Glycerin, Polyacrylate Crosspolymer11, Glycine Soja Seed Extract, Oryza Sativa Bran Extract, Squalene, Sodium Hyaluronate, Tocopherol, Phytosteryl Macadamiate, Paeonia Albiflora Root Extract, Gluconolactone, Trisodium Ethylenediamine Disuccinate, Phytosterols, Rosmarinus Officinalis Leaf Extract, Helianthus Annuus Extract, Aloe Barbadensis Leaf Juice, Chondrus Crispus Extract, Xanthan Gum, Ethylhexylglycerin, Potassium Sorbate, Sodium Benzoate, Citric Acid, Phenoxyethanol",16,5243,0.7,0.0,https://www.sephora.com/product/advanced-night-repair-intense-reset-concentrate-P446908?icid2=products%20grid:p446908,0.7,114.28571428571428
First Care Activating Serum,Sulwhasoo,facial-treatments,84.0,"Propanediol, Jojoba Oil, Caprylyl Caprylate, Glycerin, Polyacrylate Crosspolymer11, Glycine Soja Seed Extract, Oryza Sativa Bran Extract, Squalene, Sodium Hyaluronate, Tocopherol, Phytosteryl Macadamiate, Paeonia Albiflora Root Extract, Gluconolactone, Trisodium Ethylenediamine Disuccinate, Phytosterols, Rosmarinus Officinalis Leaf Extract, Helianthus Annuus Extract, Aloe Barbadensis Leaf Juice, Chondrus Crispus Extract, Xanthan Gum, Ethylhexylglycerin, Potassium Sorbate, Sodium Benzoate, Citric Acid, Phenoxyethanol",111,2026,0.0,2.02,https://www.sephora.com/product/first-care-activating-serum-P448915?icid2=products%20grid:p448915,2.02,41.58415841584159
Stress Rescue Super Serum with Niacinamide,Dr. Dennis Gross Skincare,facial-treatments,74.0,"Propanediol, Jojoba Oil, Caprylyl Caprylate, Glycerin, Polyacrylate Crosspolymer11, Glycine Soja Seed Extract, Oryza Sativa Bran Extract, Squalene, Sodium Hyaluronate, Tocopherol, Phytosteryl Macadamiate, Paeonia Albiflora Root Extract, Gluconolactone, Trisodium Ethylenediamine Disuccinate, Phytosterols, Rosmarinus Officinalis Leaf Extract, Helianthus Annuus Extract, Aloe Barbadensis Leaf Juice, Chondrus Crispus Extract, Xanthan Gum, Ethylhexylglycerin, Potassium Sorbate, Sodium Benzoate, Citric Acid, Phenoxyethanol",387,3067,1.0,0.0,https://www.sephora.com/product/dr-dennis-gross-skincare-stress-rescue-super-serum-with-niacinamide-P453104?icid2=products%20grid:p453104,1.0,74.0
Alpha Beta® Pore Perfecting & Refining Serum,Dr. Dennis Gross Skincare,facial-treatments,65.0,Salicylic Acid Farnesol: Fights pore blockage,1000,8205,1.0,0.0,https://www.sephora.com/product/alpha-beta-pore-perfecting-refining-serum-P447592?icid2=products%20grid:p447592,1.0,65.0
Ferulic + Retinol Wrinkle Recovery Peel,Dr. Dennis Gross Skincare,facial-treatments,88.0,Salicylic Acid Farnesol: Fights pore blockage,158,12890,0.0,0.0,https://www.sephora.com/product/ferulic-retinol-wrinkle-recovery-peel-P404233?icid2=products%20grid:p404233,1.3213098086124409,66.60058029268113
Capture Dreamskin Care & Perfect Refill,Dior,facial-treatments,128.0,Salicylic Acid Farnesol: Fights pore blockage,16,4966,1.6,0.0,https://www.sephora.com/product/capture-totale-dreamskin-advanced-refill-P416728?icid2=products%20grid:p416728,1.6,80.0
Amino Acids + B5,The Ordinary,facial-treatments,6.8,"Propanediol, Betaine, Sodium PCA, Panthenol, Sodium Lactate, Arginine, PCA, Aspartic Acid, Glycine, Alanine, Serine, Threonine, Valine, Proline, Isoleucine, Lysine HCl, Histidine, Phenylalanine, Glutamic Acid, Citric Acid, Dimethyl Isosorbide, Polysorbate 20, Trisodium Ethylenediamine Disuccinate, 12Hexanediol, Caprylyl Glycol",48,15970,1.0,0.0,https://www.sephora.com/product/amino-acids-b5-P442759?icid2=products%20grid:p442759,1.0,6.8
Ascorbyl Tetraisopalmitate Solution 20% in Vitamin F,The Ordinary,facial-treatments,17.8,"Coconut Alkanes, Tetrahexyldecyl Ascorbate, Ethyl Linoleate, CocoCaprylate, Simmondsia Chinensis Seed Oil, Solanum Lycopersicum Fruit Extract, Squalane",78,31962,1.0,0.0,https://www.sephora.com/product/the-ordinary-deciem-ascorbyl-tetraisopalmitate-solution-20-in-vitamin-f-P427404?icid2=products%20grid:p427404,1.0,17.8
Pure Argan Milk™ Intensive Hydrating Treatment,Josie Maran,facial-treatments,56.0,"Coconut Alkanes, Tetrahexyldecyl Ascorbate, Ethyl Linoleate, CocoCaprylate, Simmondsia Chinensis Seed Oil, Solanum Lycopersicum Fruit Extract, Squalane",1000,33292,0.0,1.0,https://www.sephora.com/product/pure-argan-milk-tm-intensive-hydrating-treatment-P384780?icid2=products%20grid:p384780,1.0,56.0
Prism 12% AHA + 3% BHA Exfoliating Glow Serum,Herbivore,facial-treatments,54.0,"Coconut Alkanes, Tetrahexyldecyl Ascorbate, Ethyl Linoleate, CocoCaprylate, Simmondsia Chinensis Seed Oil, Solanum Lycopersicum Fruit Extract, Squalane",48,14693,1.0,0.0,https://www.sephora.com/product/prism-12-serum-P450583?icid2=products%20grid:p450583,1.0,54.0
Argan Bright Skin Vitamin C Serum,Josie Maran,facial-treatments,65.0,"Argania Spinosa Kernel Oil, Coconut Alkanes, Oleyl Lactate, Octyldodecyl Pca, Tetrahexyldecyl Ascorbate, Glyceryl Oleate, Dimethyl Isosorbide, Isostearyl Lactate, Brassica Campestris Seed Oil, Glycyrrhiza Glabra Root Extract, Polyglyceryl3 Diisostearate, Althaea Officinalis Root Extract, Oryza Sativa Bran Extract, Pterocarpus Marsupium Bark Extract, Bisabolol, Phloretin, CocoCaprylate, Squalane, Olea Europaea Fruit Oil, Dunaliella Salina Extract",468,3576,0.85,0.0,https://www.sephora.com/product/argan-bright-skin-vitamin-c-serum-P446641?icid2=products%20grid:p446641,0.85,76.47058823529412
No. 3 Exotic Goddess Ageless Serum,Edible Beauty,facial-treatments,57.0,"Argania Spinosa Kernel Oil, Coconut Alkanes, Oleyl Lactate, Octyldodecyl Pca, Tetrahexyldecyl Ascorbate, Glyceryl Oleate, Dimethyl Isosorbide, Isostearyl Lactate, Brassica Campestris Seed Oil, Glycyrrhiza Glabra Root Extract, Polyglyceryl3 Diisostearate, Althaea Officinalis Root Extract, Oryza Sativa Bran Extract, Pterocarpus Marsupium Bark Extract, Bisabolol, Phloretin, CocoCaprylate, Squalane, Olea Europaea Fruit Oil, Dunaliella Salina Extract",139,8834,1.0,0.0,https://www.sephora.com/product/no-3-exotic-goddess-ageless-serum-P428642?icid2=products%20grid:p428642,1.0,57.0
Advanced Dark Spot Correcting Serum,Proactiv,facial-treatments,50.0,"Alcohol Denat, Peg40 Hydrogenated Castor Oil, Polysorbate 20, Hippophae Rhamnoides Oil, Hydroxyethylcellulose, Sodium Metabisulfite, Sodium Sulfite, Disodium Edta, Citric Acid, 12Hexanediol, Caprylyl Glycol, Fragrance",77,2823,1.0,0.0,https://www.sephora.com/product/advanced-dark-spot-correcting-serum-P440067?icid2=products%20grid:p440067,1.0,50.0
Acid Potion,Moon Juice,facial-treatments,39.0,"Glycolic Acid, Phytic Acid, Sodium Hydroxide, Niacinamide, Propanediol, Glycereth7 Trimethyl Ether, Lactic Acid, Salicylic Acid, Allantoin, Ganoderma Lucidum Extract, Tocotrienols, Glycerin, Polyglyceryl10 Oleate, Oryza Sativa Bran Oil, Tocopherol, Salvia Sclarea Oil, Citric Acid, Lonicera Caprifolium Flower Extract, Lonicera Japonica Flower Extract",207,16523,3.3,0.0,https://www.sephora.com/product/beauty-shroom-exfoliating-acid-potion-P435800?icid2=products%20grid:p435800,3.3,11.818181818181818
Hydro-Plumping Re-Texturizing Serum Concentrate,Kiehl's Since 1851,facial-treatments,60.0,"Cyclohexasiloxane, Alcohol Denat, Glycerin, Butylene Glycol, Dimethicone, Zea Mays, Panthenol, Triethanolamine, Ascorbyl Glucoside, Glyceryl Linoleate, Phenoxyethanol, Polyperfluoromethylisopropyl Ether, Polyacrylamide, Dimethiconol, Glyceryl Oleate, Carbomer, CetylAlcohol, C1314 Isoparaffin, Parfum, Acrylates, Methylparaben, Glycine Soja Oil, Caffeine, Tocopherol, Hydrogenated Lecithin, CastaneaSativa, Benzophenone4, Menthol, Limonene, PEG100 Stearate, Glyceryl Stearate, Laureth7, Hydrolyzed Soy Protein, Potassium Cetyl Phosphate, Butylparaben, Disodium EDTA, Ethylparaben, Glyceryl Linolenate, Propylparaben, Citrus Aurantium Dulcis Juice, Citrus Medica Limonum Juice, Linalool, Citral, CI 42090, CI 14700",80,12426,0.0,1.7,https://www.sephora.com/product/hydro-plumping-re-texturizing-serum-concentrate-P422016?icid2=products%20grid:p422016,1.7,35.29411764705883
Mini Liquid Glass Radiance Serum,FARSÁLI,facial-treatments,22.0,"Water, Isopentyldiol, Butylene Glycol, Dimethyl Isosorbide, PPG24Glycereth24, PEG40 Hydrogenated Castor Oil, Polyester5, Sodium Hyaluronate, Glycerin, Citrullus Lanatus Fruit Extract, Pyrus Malus Fruit Extract, Lens Esculenta Fruit Extract, Sodium PCA, Sodium Lactate, Xylitylglucoside, Anhydroxylitol, Xylitol, Vanilla Planifolia Fruit Citrus Aurantium Dulcis Oil, Ammonium Acryloyldimethyltaurate, Disodium EDTA, Ethylhexylglycerin, Hydroxyacetophenone, Phenoxyethanol, Sodium Hydroxide, Synthetic Fluorphlogopite, ",7,7125,0.34,0.0,https://www.sephora.com/product/mini-liquid-glass-radiance-serum-P451639?icid2=products%20grid:p451639,0.34,64.70588235294117
Invisiblur™ Perfecting Shield Broad Spectrum SPF 30 PA+++,Murad,facial-treatments,65.0,"Water, Isopentyldiol, Butylene Glycol, Dimethyl Isosorbide, PPG24Glycereth24, PEG40 Hydrogenated Castor Oil, Polyester5, Sodium Hyaluronate, Glycerin, Citrullus Lanatus Fruit Extract, Pyrus Malus Fruit Extract, Lens Esculenta Fruit Extract, Sodium PCA, Sodium Lactate, Xylitylglucoside, Anhydroxylitol, Xylitol, Vanilla Planifolia Fruit Citrus Aurantium Dulcis Oil, Ammonium Acryloyldimethyltaurate, Disodium EDTA, Ethylhexylglycerin, Hydroxyacetophenone, Phenoxyethanol, Sodium Hydroxide, Synthetic Fluorphlogopite, ",721,30985,0.0,1.0,https://www.sephora.com/product/invisiblur-perfecting-shield-broad-spectrum-spf-30-pa-P394397?icid2=products%20grid:p394397,1.0,65.0
Q10 Antioxidant Serum,The INKEY List,facial-treatments,6.99,"Butylene Glycol, Dicaprylyl Carbonate, Caprylic, Dimethicone, Hydroxyethyl Acrylate, Caprylyl Glycol, Squalane, Lecithin, Glycine Soja Extract, Carbomer, Polysorbate 60, Tocopheryl Acetate, Ubiquinone, Disodium Edta, Sodium Hydroxide, Glycolipids, Glycine Soja Sterol, Palmitoyl Dipeptide5 Diaminobutyroyl Hydroxythreonine, Palmitoyl Dipeptide5 Diaminohydroxybutyrate, Leuconostoc, Hyaluronic Acid, Phenoxyethanol",281,7076,1.0,0.0,https://www.sephora.com/product/q10-serum-P443843?icid2=products%20grid:p443843,1.0,6.99
Beta Hydroxy Acid (BHA) Blemish + Blackhead Serum,The INKEY List,facial-treatments,10.99,"Propanediol, Betaine, Salicylic Acid, Sodium Hyaluronate, Zinc PCA, Phenoxyethanol, Hydroxyethylcellulose, Maltodextrin, Sodium Hydroxide, Ethylhexylglycerin, Biosaccharide Gum1, Trisodium Ethylenediamine Disuccinate",108,8783,1.0,0.0,https://www.sephora.com/product/beta-hydroxy-acid-P442871?icid2=products%20grid:p442871,1.0,10.99
Pure Skin® Clarifying Dietary Supplement,Murad,facial-treatments,50.0,"Vitamin A, Vitamin C, Vitamin E, Vitamin B1, Vitamin B2, Niacin, Vitamin B6, Biotin, Pantothenic Acid, Calcium, Magnesium, Zinc, Selenium, Chromium, LLysine HCI, LProline, Burdock 4:1 Root Extract, Yellow Dock 4:1 Root Extract, Horsetail 6:1 Shoot Extract, Grape Seed ExtractOther Ingredients: dlAlpha Tocopheryl Acetate, Microcrystalline Cellulose, Calcium Ascorbate, Magnesium Oxide, Caramel Color, Stearic Acid, Ascorbic Acid, Croscarmellose Sodium, Zinc Glycinate Chelate, Pyridoxine HCl, Niacin, Magnesium Stearate, Selenomethionine, Silicon Dioxide, dCalcium Pantothenate, Biotin, Thiamine HCl, Riboflavin, Beta Carotene, Vitamin A Palmitate, Dicalcium Phosphate, Chromium Polynicotinate, Chromium Picolinate",507,11808,0.0,0.0,https://www.sephora.com/product/pure-skin-clarifying-dietary-supplement-P7365?icid2=products%20grid:p7365,1.3213098086124409,37.841238802659724
Acne Body Wash,Murad,facial-treatments,44.0,"Water, Sodium C1416 Olefin Sulfonate, Polyethylene, Glycerin, Cocamidopropyl Betaine, Acrylates Copolymer, PEG200 Hydrogenated Glyceryl Palmate, Retinyl Palmitate, Phoenix Dactylifera Seed, Dipotassium Glycyrrhizate, Butylene Glycol, Camellia Oleifera Leaf Extract, Tocopheryl Acetate, Sodium PCA, Proline, Sodium Lactate, Sorbitol, Zinc Gluconate, Ascorbic Acid, Chitosan, Propyl Gallate, Glycolic Acid, Sodium Hydroxide, Hydrogen Peroxide, Menthol, PEG7 Glyceryl Cocoate, Disodium EDTA, Chlorphenesin, Methylisothiazolinone, Benzyl Salicylate, Hexyl Cinnamal, Butylphenyl Methylpropional, Fragrance, Blue 1, Ext Violet 2",344,16011,8.5,0.0,https://www.sephora.com/product/acne-body-wash-P47517?icid2=products%20grid:p47517,8.5,5.176470588235294
Glycolic Peel,Caudalie,facial-treatments,39.0,"Glycerin, Isononyl Isononanoate, Sorbitan Stearate, Glyceryl Stearate Se, Glycolic Acid, Cetyl Palmitate, Cetearyl Alcohol, Vitis Vinifera Seed Oil, Hydroxyethyl Acrylate, Panthenol, Squalane, Cetyl Alcohol, Dimethicone, Sodium Hydroxide, Ci 77891, Bisabolol, Fragrance, Benzyl Alcohol, Polysorbate 60, Sodium Pca, Caprylyl Glycol, Arginine, Palmitoyl Grapevine Shoot Extract, Tocopherol, Carbomer, Dehydroacetic Acid, Sodium Phytate, Papain, Acrylates, 12Hexanediol, Algin Plant origin",143,19271,2.5,0.0,https://www.sephora.com/product/glycolic-peel-P395618?icid2=products%20grid:p395618,2.5,15.6
Vitamin C+ Arbutin Brightening Serum,Obagi Clinical,facial-treatments,90.0,"Propylene Glycol, Alcohol Denat, Dipropylene Glycol, LAscorbic Acid, Arbutin, Propylene Carbonate, Sodium Lauryl Sulfate",108,4707,1.0,0.0,https://www.sephora.com/product/vitamin-c-arbutin-brightening-serum-P439430?icid2=products%20grid:p439430,1.0,90.0
Rose Deep Hydration Face Serum,Fresh,facial-treatments,48.0,"Propylene Glycol, Alcohol Denat, Dipropylene Glycol, LAscorbic Acid, Arbutin, Propylene Carbonate, Sodium Lauryl Sulfate",138,18387,0.0,1.0,https://www.sephora.com/product/rose-deep-hydration-face-serum-P407087?icid2=products%20grid:p407087,1.0,48.0
Needles No More™ Wrinkle Smoothing Cream,Dr. Brandt Skincare,facial-treatments,89.0,"Propylene Glycol, Alcohol Denat, Dipropylene Glycol, LAscorbic Acid, Arbutin, Propylene Carbonate, Sodium Lauryl Sulfate",444,12794,0.5,0.0,https://www.sephora.com/product/needles-no-more-P391802?icid2=products%20grid:p391802,0.5,178.0
No Makeup Foundation Serum Broad Spectrum SPF 20,Perricone MD,facial-treatments,60.0,"Propylene Glycol, Alcohol Denat, Dipropylene Glycol, LAscorbic Acid, Arbutin, Propylene Carbonate, Sodium Lauryl Sulfate",1000,30954,1.0,0.0,https://www.sephora.com/product/no-foundation-foundation-serum-spf-30-P386465?icid2=products%20grid:p386465,1.0,60.0
Post-Acne Spot Lightening Gel,Murad,facial-treatments,68.0,"Alcohol Denat, Glycolic Acid, Butylene Glycol, Glycerin, Methyl Gluceth10, Aloe Barbadensis Leaf Juice, Salix Alba Bark Extract, Lecithin, Magnesium Ascorbyl Phosphate, Tocopherol, Palmitoyl Hydroxypropyltrimonium Amylopectin, Vitis Vinifera Seed Extract, Rice Amino Acids, Chitosan Ascorbate, Lysine Lauroyl Methionate, Zinc Asparate, Allantoin, Melaleuca Alternifolia Leaf Oil, Dipotassium Glycyrrhizate, Polyquaternium10, Hydroxyethylcellulose, PEG40 Hydrogenated Castor Oil, Tetrasodium EDTA, Sodium Metabisulfate, Sodium Sulfite, Sodium Hydroxide",468,19133,1.0,0.0,https://www.sephora.com/product/post-acne-spot-lightening-gel-P188907?icid2=products%20grid:p188907,1.0,68.0
The Microdelivery Resurfacing Peel,philosophy,facial-treatments,72.0,"Lactic Acid, Hydroxyethylcellulose, Linoleamidopropyl PgDimonium Chloride Phosphate, Salicylic Acid, Polyquaternium10, Propylene Glycol, Diazolidinyl Urea, Methylparaben, Propylparaben",1000,32883,0.0,0.0,https://www.sephora.com/product/the-microdelivery-resurfacing-peel-P72504?icid2=products%20grid:p72504,1.3213098086124409,54.49138387583001
Umbrian Clay Pore Purifying Face Mask Mini,Fresh,facial-treatments,23.0,"Lactic Acid, Hydroxyethylcellulose, Linoleamidopropyl PgDimonium Chloride Phosphate, Salicylic Acid, Polyquaternium10, Propylene Glycol, Diazolidinyl Urea, Methylparaben, Propylparaben",18,0,0.0,0.0,https://www.sephora.com/product/umbrian-clay-purifying-mask-mini-P426822?icid2=products%20grid:p426822,1.3213098086124409,17.406969849223476
Age Adapting CBD Serum,Flora + Bast,facial-treatments,77.0,"Caprilic, Cannabis Sativa Seed Oil, Cannabis Sativa Oil",86,8522,1.0,0.0,https://www.sephora.com/product/age-adapting-facial-serum-P440981?icid2=products%20grid:p440981,1.0,77.0
Skintune Blur Perfecting Primer Serum Mini,FARSÁLI,facial-treatments,22.0,"Caprilic, Cannabis Sativa Seed Oil, Cannabis Sativa Oil",23,0,0.0,0.34,https://www.sephora.com/product/skintune-blur-perfecting-primer-serum-mini-P443767?icid2=products%20grid:p443767,0.34,64.70588235294117
Black Tea Age-Delay Firming Serum,Fresh,facial-treatments,75.0,"Glycerin, Butylene Glycol, Jojoba Oil PEG150 Esters, Pentylene Glycol, Methyl Gluceth20, PEG6 Caprylic, Acacia Senegal Gum, PEG40 Hydrogenated Castor Oil, Rhizobian Gum, Xanthan Gum, Saccharomyces Ferment Filtrate, Camellia Sinensis Leaf Extract, Rubus Fruticosus Leaf Extract, Lonicera Japonica Leaf Extract, Litchi Chinensis Seed Extract, Tocopheryl Acetate, Tocopherol, Acetyl Dipeptide1 Cetyl Ester, Palmitoyl Tetrapeptide7, PEG150, Squalane, Lecithin, Carbomer, Sorbitan Laurate, Sorbitol, Parfum, Sodium Acrylates Copolymer, Maltodextrin, Algin, Sodium Hydroxide, Polyquaternium51, Adenosine, Hydroxyethylcellulose, Polyvinyl Alcohol, Lactic Acid, BHT, Cellulose Gum, Sodium Citrate, Citric Acid, Potassium Sorbate, Biotin, Linalool, Citronellol, Phenoxyethanol",86,11021,0.0,1.0,https://www.sephora.com/product/black-tea-age-delay-firming-serum-P403748?icid2=products%20grid:p403748,1.0,75.0
Very Cherry Bright 15% Clean Vitamin C Serum with Acerola Cherry,Farmacy,facial-treatments,62.0,"Glycerin, 3Glyceryl Ascorbate, Prunus Cerasus Fruit 3OEthyl Ascorbic Acid, Sodium Citrate, Propanediol, Malpighia Punicifolia Fruit Extract, Ascorbyl Tetraisopalmitate, Glucomannan, Sodium Hyaluronate Crosspolymer, Sodium Hyaluronate, Hydrolyzed Sodium Hyaluronate, Sodium Acetylated Hyaluronate, Calendula Officinalis Flower Extract, Allantoin, Hydrolyzed Plukenetia Volubilis Seed Extract, Physalis Angulata Extract, Sorbitol, Sodium Phytate, Biosaccharide Gum1, Prunus Amygdalus Dulcis Fruit Extract, Oryza Sativa Bran Extract, Helianthus Annuus Extract, Simmondsia Chinensis Seed Oil, Tocopherol, Rosmarinus Officinalis Leaf Extract, Vanilla Planifolia Fruit Extract, Glyceryl Caprylate, Ethylhexylglycerin, Caprylyl Glyceryl Ether, Sclerotium Gum, Lithospermum Erythrorhizon Root Extract, Citric Acid, Polyglyceryl4 Caprate, Pentylene Glycol, Polyglyceryl6 Caprylate, Butylene Glycol, Caprylic, Caprylhydroxamic Acid, Sodium Levulinate, Sodium Anisate, Sodium Benzoate",114,20404,1.0,0.0,https://www.sephora.com/product/very-cherry-bright-15-clean-vitamin-c-serum-with-acerola-cherry-P449400?icid2=products%20grid:p449400,1.0,62.0
Focuspot™ Blemish Micro Tip Patch,Dr. Jart+,facial-treatments,18.0,"Sodium Hyaluronate, Trehalose, Clitoria Ternatea Flower Extract, Niacinamide, Oligopeptide76, Curcumin, Maltodextrin",90,0,0.0,0.0,https://www.sephora.com/product/focuspot-blemish-micro-tip-patch-P442853?icid2=products%20grid:p442853,1.3213098086124409,13.622845968957506
Hyaluronic Acid Hydrating Serum with Champaca Essence,StackedSkincare,facial-treatments,130.0,"Glycerin, Niacinamide, Aloe Barbadensis Leaf Extract, Sodium Hyaluronate, Trehalose, Licorice Root Extract, Hydroxyethylcellulose, Allantoin, Lactic Acid, Caprylyl Glycol, Ethylhexylglycerin, Phenethyl Alcohol, Magnolia Champaca Flower Oil",15,1543,1.0,0.0,https://www.sephora.com/product/hyaluronic-acid-champaca-hydrating-serum-P441053?icid2=products%20grid:p441053,1.0,130.0
Snow Mushroom Water Serum,Volition Beauty,facial-treatments,62.0,"Tremella Fuciformis Extract, Propanediol, Glycerin, Argania Spinosa Kernel Oil, Sea Sodium Hyaluronate, Citrullus Vulgaris FruitExtract, Pyrus Malus Fruit Extract, Lens Esculenta Fruit Extract, Sodium PCA, Sodium Lactate, 3OEthyl Ascorbic Acid, Pentylene Glycol, Caprylyl Glycol, NProlyl Palmitoyl Tripeptide56 Acetate, Hydroxyethylcellulose, Polyglyceryl4 Caprate, Diheptyl Succinate, Capryloyl Glycerin, Sodium Carbomer, Ethylhexylglycerin",331,13187,1.0,0.0,https://www.sephora.com/product/snow-mushroom-water-serum-P431746?icid2=products%20grid:p431746,1.0,62.0
Protein Booster Skin Serum,Jack Black,facial-treatments,62.0,"Glycerin, Caprylic, Aloe Barbadensis Leaf Juice, Linum Usitatissimum Seed Oil, Camellia Sinensis Leaf Extract, Cocos Nucifera Oil, Dipeptide Diaminobutyroyl Benzylamide Diacetate, Simmondsia Chinensis Seed Oil, Sorghum Bicolor Stalk Juice, Ormenis Multicaulis Oil, Glycine Soja Oil, RetinylPalmitate, Zea Mays Oil, Hamamelis Virginiana  Lonicera Caprifolium Flower Extract, Pelargonium Graveolens Flower Oil, Lonicera Japonica Flower Extract, Rosmarinus Officinalis Leaf Oil, Plantago Lanceolata Leaf Extract, ButyleneGlycol, Caprylyl Glycol, Xanthan Gum, Polysorbate 20, Tocopherol, AscorbylPalmitate, Taurine, Sodium Hyaluronate, Teprenone, Citric Acid, PotassiumSorbate, Carbomer, Palmitoyl Oligopeptide, Sodium PolystyreneSulfonate, Phenoxyethanol, Palmitoyl Tetrapeptide7, Alcohol, Citronellol, Tocopheryl Acetate, Geraniol, Linalool, Sodium Sulfite Certified",58,4588,2.0,0.0,https://www.sephora.com/product/protein-booster-skin-serum-P236605?icid2=products%20grid:p236605,2.0,31.0
AHA/BHA Acne Clearing Gel,Peter Thomas Roth,facial-treatments,54.0,"Alcohol Denat, Aloe Barbadensis Leaf Juice, Arginine, Arnica Montana Flower Extract, Bht, Butylene Glycol, Butylparaben, Citric Acid, Cyclopentasiloxane, Denatonium Benzoate, Diazolidinyl Urea, Disodium Phosphate, Ethylparaben, Glycerin, Glycolic Acid, Glycyrrhiza Glabra Root Extract, Glyoxal, Helianthus Annuus Seed Oil, Hydroxyethylcellulose, Isobutylparben, Methylparaben, Phenoxyethanol, Polysorbate 60, Potassium Sorbate, Propylene Glycol, Propylparaben, Retinyl Palmitate, Sodium Benzoate, Sodium Hydroxide, Sodium Nitrate, Sodium Phosphate, TButyl Alcohol, Water",587,16596,3.4,0.0,https://www.sephora.com/product/aha-bha-acne-clearing-gel-P3550?icid2=products%20grid:p3550,3.4,15.882352941176471
Niacinamide Oil Control Serum,The INKEY List,facial-treatments,6.99,"Water, Niacinamide, Glycerin, Propanediol, Butylene Glycol, Squalane, Leuconostoc, Hyaluronic Acid, Phenoxyethanol, Hydroxyethyl Acrylate, Hydroxyethylcellulose, Phospholipids, Xanthan Gum, Glycine Soja Extract, Allantoin, Disodium Edta, Polysorbate 60, Panthenol, Glycolipids, Glycine Soja Sterol, Disodium Phosphate, Citric Acid, Sodium Phosphate",18,3458,1.0,0.0,https://www.sephora.com/product/niacinamide-P446942?icid2=products%20grid:p446942,1.0,6.99
Capture Youth Glow Booster Age-Delay Illuminating Serum,Dior,facial-treatments,95.0,"Water, Niacinamide, Glycerin, Propanediol, Butylene Glycol, Squalane, Leuconostoc, Hyaluronic Acid, Phenoxyethanol, Hydroxyethyl Acrylate, Hydroxyethylcellulose, Phospholipids, Xanthan Gum, Glycine Soja Extract, Allantoin, Disodium Edta, Polysorbate 60, Panthenol, Glycolipids, Glycine Soja Sterol, Disodium Phosphate, Citric Acid, Sodium Phosphate",14,0,1.0,0.0,https://www.sephora.com/product/capture-youth-glow-booster-age-delay-illuminating-serum-P427731?icid2=products%20grid:p427731,1.0,95.0
Perfectionist CP+R Wrinkle Lifting/Firming Serum,Estée Lauder,facial-treatments,104.0,"Dimethicone, Polysilicone11, Hdi, Silica, Butylene Glycol, Caprylyl Methicone, Sigesbeckia Orientalis Extract, Salvia Sclarea Extract, Coleus Forskohlii Root Extract, Chamomilla Recutita Flower Extract, Peg10 Dimethicone, Hydrolyzed Fish Collagen, Palmaria Palmata Extract, Glycyrrhiza Glabra Root Extract, Silybum Marianum Extract, Hordeum Vulgare Extract, Padina Pavonica Thallus Extract, Artemia Extract, Pantethine, Algae Extract, Chlorella Vulgaris Extract, Cholesterol, Squalane, Boswellia Serrata Extract, Zea Mays Kernel Extract, Glycine Soja Protein, Caffeine, Whey Protein, Linoleic Acid, Lecithin, Fish Collagen, Acetyl Hexapeptide8, Palmitoyl Oligopeptide, Glycerin, Yeast Extract, Polyquaternium51, Phytosphingosine, Triticum Vulgare Germ Oil, Decarboxy Carnosine Hcl, Polysorbate 40, Pentylene Glycol, Propanediol, Lauryl Peg9 Polydimethylsiloxyethyl Dimethicone, Ethylhexylglycerin, Ammonium Acryloyldimethyltaurate, Sodium Pca, Polymethylsilsesquioxane, Glyceryl Polymethacrylate, Zinc Pca, Propylene Glycol Dicaprate, Sodium Chondroitin Sulfate, Sodium Hyaluronate, Isohexadecane, Peg8, Tocopheryl Acetate, Polysorbate 80, Disodium Distyrylbiphenyl Disulfonate, Laureth12, Acrylamide, Caprylyl Glycol, Aminopropyl Ascorbyl Phosphate, Xanthan Gum, Sodium BetaSitosteryl Sulfate, Sodium Chloride, Sodium Hydroxide, Fragrance, Disodium Edta, Bht, Phenoxyethanol, Mica, Titanium Dioxide",78,12492,0.0,1.7,https://www.sephora.com/product/perfectionist-cp-r-wrinkle-lifting-firming-serum-P379995?icid2=products%20grid:p379995,1.7,61.17647058823529
Resveratrol Lift Firming Serum,Caudalie,facial-treatments,82.0,"Glycerin, Butylene Glycol, Glyceryl Stearate Citrate, Hexyldecanol, Hexyldecyl Laurate, Squalane, Tocopheryl Acetate, Polyglyceryl3 Stearate, Palmitoyl Grapevine Shoot Extract, Hydrogenated Lecithin, Polyacrylate Crosspolymer6, Hydroxyethyl Acrylate, Caprylyl Glycol, Ethylhexylglycerin, Sodium Dehydroacetate, Parfum, Sorbitan Laurate, Hydrolyzed Hyaluronic Acid, Hyaluronic Acid, Hydroxyethylcellulose, Acetyl Dipeptide1 Cetyl Ester, Sodium Phytate, Tocopherol, Linalool, Limonene, Coumarin, Butylphenyl Methylpropional Plant Origin",82,10372,1.0,0.0,https://www.sephora.com/product/resveratrol-lift-firming-serum-P400608?icid2=products%20grid:p400608,1.0,82.0
One Essential Skin Boosting Super Serum,Dior,facial-treatments,100.0,"Glycerin, Butylene Glycol, Glyceryl Stearate Citrate, Hexyldecanol, Hexyldecyl Laurate, Squalane, Tocopheryl Acetate, Polyglyceryl3 Stearate, Palmitoyl Grapevine Shoot Extract, Hydrogenated Lecithin, Polyacrylate Crosspolymer6, Hydroxyethyl Acrylate, Caprylyl Glycol, Ethylhexylglycerin, Sodium Dehydroacetate, Parfum, Sorbitan Laurate, Hydrolyzed Hyaluronic Acid, Hyaluronic Acid, Hydroxyethylcellulose, Acetyl Dipeptide1 Cetyl Ester, Sodium Phytate, Tocopherol, Linalool, Limonene, Coumarin, Butylphenyl Methylpropional Plant Origin",39,5340,0.0,1.0,https://www.sephora.com/product/one-essential-skin-boosting-super-serum-P423264?icid2=products%20grid:p423264,1.0,100.0
"Proactiv Solution 3-Step Acne Treatment System, 90 Day Size",Proactiv,facial-treatments,80.0,"Ethoxydiglycol, Cyclotetrasiloxane, Cyclopentasiloxane, Cetearyl Alcohol, Dimethicone, Glyceryl Stearate, Peg100 Stearate, Propylene Glycol, Panthenol, Allantoin, Xanthan Gum, Ceteareth20, Carbomer, Sodium Hydroxide, Diazolidinyl Urea, Methylparaben, Propylparaben, Fragrance",67,988,0.0,0.0,https://www.sephora.com/product/proactiv-solution-3-step-acne-treatment-system-90-day-size-P440652?icid2=products%20grid:p440652,1.3213098086124409,60.54598208425557
Vitamin C Serum,Mario Badescu,facial-treatments,45.0,Sodium Hyaluronate: A powerful humectant,26,6037,1.0,0.0,https://www.sephora.com/product/mario-badescu-vitamin-c-serum-P440494?icid2=products%20grid:p440494,1.0,45.0
Organic Sunless Tan Anti-Aging Face Serum,COOLA,facial-treatments,54.0,"Water, Propanediol, Dihydroxyacetone, Glycerin, Aloe Barbadensis Leaf Juice Powder, Heptyl Undecylenate, Argan Oil, Polyglyceryl6 Esters, Centella Asiatica Meristem Cell Culture, Hydrolyzed Algin, Caprylic, Sodium Hyaluronate, Chlorella Vulgaris Extract, Hibiscus Sabdariffa Flower Extract, Chamomilla Recutita Flower Extract, Ascorbyl Palmitate, Vitis Vinifera Seed Oil, Citrus Aurantium Bergamia Fruit Oil, Cetearyl Glucoside, Alcohol Denat, Maris Polyglyceryl4 Caprate, Cyamopsis Tetragonoloba Gum, Xanthan Gum, Fragrance, Gluconolactone, Potassium Sorbate, Sodium Benzoate",124,13329,1.7,0.0,https://www.sephora.com/product/sunless-tan-anti-aging-face-serum-P418221?icid2=products%20grid:p418221,1.7,31.764705882352942
D-Scar™ Scar Diminishing Serum,Kate Somerville,facial-treatments,48.0,"Caprylic, Divinyldimethicone, Cetearyl Alcohol, Dimethicone, Glycerin, Propanediol, Cyclopentasiloxane, Sodium Ascorbyl Glucoside, BisPEG, Methoxy PEG, Glyceryl Stearate, shPolypeptide7, Sodium Chloride, Sodium Phosphate, Disodium EDTA, Ammonium Acryloyldimethyltaurate, Dimethiconol, Cyclohexasiloxane, Glucosamine HCl, Tocopheryl Acetate, Allantoin, Portulaca Oleracea Extract, Butylene Glycol, Elaeis Guineensis Oil, Tocotrienols, Pisum Sativum Extract, Bambusa Vulgaris Extract, C1213 Pareth23, C1213 Pareth3, Tocopherol, Xanthan Gum, Protease, Sodium Hydroxide, Hippophae Rhamnoides Fruit Extract, Maltodextrin Ethylhexylglycerin, Phenoxyethanol",385,27352,0.66,0.0,https://www.sephora.com/product/d-scar-scar-diminishing-serum-P377368?icid2=products%20grid:p377368,0.66,72.72727272727272
EUK 134 0.1%,The Ordinary,facial-treatments,8.8,"Propanediol, Ethylbisiminomethylguaiacol manganese chloride",23,10215,1.0,0.0,https://www.sephora.com/product/euk-134-0-1-P442833?icid2=products%20grid:p442833,1.0,8.8
Anti-Pollution Drops,Dr. Barbara Sturm,facial-treatments,145.0,"Betaine, Lactobacillus, Butylene Glycol, Phenoxyethanol, Carbomer, Ethylhexylglycerin, Sodium Hyaluronate, Leuconostoc, Alteromonas Ferment Extract, Biosaccharide Gum1, Sodium Hydroxide, Theobroma Cacao Seed Extract",9,1803,0.0,1.0,https://www.sephora.com/product/dr-barbara-sturm-anti-pollution-drops-P447790?icid2=products%20grid:p447790,1.0,145.0
Clinical Grade IPL Dark Spot Correcting Serum,Dr. Dennis Gross Skincare,facial-treatments,92.0,"Betaine, Lactobacillus, Butylene Glycol, Phenoxyethanol, Carbomer, Ethylhexylglycerin, Sodium Hyaluronate, Leuconostoc, Alteromonas Ferment Extract, Biosaccharide Gum1, Sodium Hydroxide, Theobroma Cacao Seed Extract",277,12188,1.0,0.0,https://www.sephora.com/product/clinical-grade-ipl-dark-spot-correcting-serum-P440308?icid2=products%20grid:p440308,1.0,92.0
Saturn Sulfur Acne Treatment Mask,SUNDAY RILEY,facial-treatments,55.0,"Sulfur, Isoamyl Laurate, Cetyl Ethylhexanoate, Niacinamide, Gum Arabic, Bentonite, Hydroxyethyl Acrylate, Polyglyceryl2 Caprate, Olive Oil Glyceryth8 Esters, Zinc PCA, Allantoin, Dipotassium Glycyrrhizate, , Melaleuca Alternifolia Leaf Oil, Leptospermum Scoparium Branch, Curcuma Longa Root Extract, Corallina Officinalis Extract, Melia Azadirachta Leaf Extract, Amber Powder, Melia Azadirachta Flower Extract, Coccinia Indica Fruit Extract, Solanum Melongena Leaf Extract, Ocimum Basilicum Flower, Quartz, Polysorbate 60, Sorbitan Isostearate, Tocopherol, Disodium EDTA, Phenoxyethanol, Polysorbate 20, Alcohol Denat, Chlorphenesin, PEG40 Hydrogenated Castor Oil, Caprylyl Glycol",428,29163,2.0,0.0,https://www.sephora.com/product/saturn-sulfur-acne-treatment-mask-P422626?icid2=products%20grid:p422626,2.0,27.5
R.N.A. POWER Anti-Aging Essence Serum,SK-II,facial-treatments,199.0,"Butylene Glycol, Glycerin, Galactomyces Ferment Filtrate, Niacinamide, Pentylene Glycol, Phytosteryl, Isopropyl Isostearate, Dimethicone, Squalane, Xylitol, Vinyl Dimethicone, Boron Nitride, Panthenol, Peg20 Sorbitan Cocoate, Tocopheryl Acetate, Dimethicone, Phenoxyethanol, Benzyl Alcohol, Acrylates, Dipentaerythrityl TriPolyhydroxystearate, Peg11 Methyl Ether Dimethicone, Aminomethyl Propanol, Ceratonia Siliqua Fruit Extract, Laureth7, Methylparaben, Polymethylsilsesquioxane, Sodium Peg7 Olive Oil Carboxylate, Xanthan Gum, Disodium Edta, Peg100 Stearate, Peg7 Glyceryl Cocoate, Acanthopanax Senticosus Root Extract, Fragrance, Ethylhexylglycerin, Hydrolyzed Soy Protein, Cynara Scolymus Leaf Extract, Polyquaternium7, Hydrolyzed Yeast Protein, Palmitoyl Pentapeptide4, Methylsilanol TriPeg8 Glyceryl Cocoate, Methicone, Ci 77891, Ci 77492 Pitera™",66,4359,1.6,0.0,https://www.sephora.com/product/r-n-a-power-radical-new-age-essence-P405951?icid2=products%20grid:p405951,1.6,124.375
Mattifying Primer With Anti-Acne Treatment,COVER FX,facial-treatments,38.0,"Cyclopentasiloxane, Salix Nigra Bark Extract, Dimethicone Crosspolymer, Butylene Glycol, Dimethicone, BISPEG, Vaccinium Myrtillus Fruit Extract, Glycerin, Dimethicone, Caprylic, Cetyl PEG, Squalane, Phenyl Methicone, Saccharum Of_Cinarum Extract, Bisabolol, Caprylyl Glycol, Tocopherol, Dimethiconol, Phenoxyethanol, Peg60 Almond Glycerides, Acer Saccharum Extract, Citrus Aurantium Dulcis Fruit Extract, Enantia Chlorantha Bark Extract, Citrus Limon Fruit Extract, Phytosphingosine, Tetrahexyldecyl Ascorbate, Ethyl Linoleate, Ethyl Linolenate, Ethyl Oleate, Carbomer, Silica, Polysorbate 20, Oleanolic Acid, Nordihydroguaiaretic Acid, Palmitoyl Tripeptide1, Palmitoyl Tetrapeptide7",1000,50179,0.0,1.0,https://www.sephora.com/product/mattifying-primer-with-anti-acne-treatment-P377612?icid2=products%20grid:p377612,1.0,38.0
Vitamin C Ester Brightening Serum,Perricone MD,facial-treatments,69.0,"Tetrahexyldecyl Ascorbate, Caprylyl Methicone, Hydrogenated Lecithin, Behenyl Alcohol, Benzyl Alcohol, Squalane, Rosmarinus Officinalis Leaf Extract, Ferulic Acid, Simmondsia Chinensis Seed Oil, Sodium Hyaluronate, Polysorbate 20, Xanthan Gum, BetaGlucan, Fragrance, Sorbitol, Limonene, Stearyl Glycyrrhetinate, Disodium EDTA, Elaeis Guineensis Oil, Tocotrienols, Linalool, Tocopherol, Citral, Citronellol",413,10786,1.0,0.0,https://www.sephora.com/product/vitamin-c-ester-brightening-serum-P378714?icid2=products%20grid:p378714,1.0,69.0
Noni Night AHA Resurfacing Serum,KORA Organics,facial-treatments,72.0,From essential oils,0,705,1.01,0.0,https://www.sephora.com/product/kora-organics-noni-night-aha-resurfacing-serum-P455241?icid2=products%20grid:p455241,1.01,71.2871287128713
Clinical Grade Resurfacing Liquid Peel,Dr. Dennis Gross Skincare,facial-treatments,95.0,"Polysorbate 20, Methyl Gluceth20, Sodium Bicarbonate, Sodium Hyaluronate, Centella Asiatica Extract, Soy Isoflavones, Colloidal Oatmeal, Achillea Millefolium Extract, Camellia Sinensis Leaf Extract, Ubiquinone, Resveratrol, Tocopheryl Acetate, Leuconostoc, Glycerin, Butylene Glycol, Copper PCA, Sodium PCA, Zinc PCA, Octoxynol9, Citric Acid, Tetrasodium EDTA, Phenoxyethanol, Sodium Benzoate, Potassium Sorbate",1000,12685,1.0,0.0,https://www.sephora.com/product/clinical-grade-resurfacing-liquid-peel-P442005?icid2=products%20grid:p442005,1.0,95.0
Plantscription™ Anti-Aging Power Serum,Origins,facial-treatments,62.0,Essential Oil,61,6255,0.0,0.91,https://www.sephora.com/product/plantscription-anti-aging-power-serum-P388801?icid2=products%20grid:p388801,0.91,68.13186813186813
Outsmart Acne Clarifying Treatment,Murad,facial-treatments,44.0,"Propanediol, Polymethylsilsesquioxane, Dimethicone, Niacinamide, Polyacrylate Crosspolymer6, PPG26Buteth26, Oryza Sativa Bran Extract, Boswellia Serrata Extract, Oligopeptide10, Tocopheryl Acetate, Glycolic Acid, Glycine Soja Seed Extract, Zinc Gluconate, Allantoin, Honey Extract, Sebacic Acid, 10Hydroxydecanoic Acid, Silver Citrate, Glycerin, Urea, Yeast Amino Acids, Trehalose, Inositol, Taurine, Betaine, Cetearyl Olivate, Sorbitan Olivate, Cetyl Alcohol, Xanthan Gum, PEG40 Hydrogenated Castor Oil, Butylene Glycol, 110Decanediol, Disodium EDTA, Citric Acid, Sodium Hydroxide, Caprylyl Glycol, Chlorphenesin, Phenoxyethanol, Sodium Benzoate, Limonene, Linalool, Fragrance, Blue 1, Yellow 5",202,6095,1.7,0.0,https://www.sephora.com/product/outsmart-acne-clarifying-treatment-P433143?icid2=products%20grid:p433143,1.7,25.882352941176467
Visionnaire Advanced Skin Corrector Serum,Lancôme,facial-treatments,116.0,"Cyclohexasiloxane, Glycerin, Alcohol Denat, Sodium Tetrahydrojasmonate, Polysilicone11, Octyldodecanol, Hdi, Dipropylene Glycol, BisPeg, Ci 77891, Mica, Secale Cereale Extract, Sodium Hyaluronate, Hydroxyethylcellulose, Phenoxyethanol, Adenosine, Poloxamer 338, Ammonium Polyacryldimethyltauramide, Dimethicone, Dimethiconol, Pentylene Glycol, Caprylic, Disodium Edta, Methyldihydrojasmonate, Citronellol, Inulin Lauryl Carbamate, Fragrance",142,10828,0.0,1.7,https://www.sephora.com/product/visionnaire-advanced-skin-corrector-serum-P393077?icid2=products%20grid:p393077,1.7,68.23529411764707
POWER Advanced Wrinkle Fighter 360° Eye Serum,Algenist,facial-treatments,70.0,"Dimethicone, Isododecane, Glycerin, Butylene Glycol, Polysilicone11, Isohexadecane, Pentylene Glycol, Algae Exopolysaccharides, Chlorella Protothecoides, Plantago Lanceolata Leaf Extract, Darutoside, Polygonum Bistorta Root Extract, Nannochloropsis Oculata Extract, Albizia Julibrissin Bark Extract, Palmitoyl Tripeptide1, Palmitoyl Tetrapeptide7, NHydroxysuccinimide, Chrysin, Mica, Adenosine, Ammonium Polyacryloyldimethyl Taurate, Polysorbate 20, Polysorbate 80, Pullulan, Tocopheryl Acetate, Steareth20, Disodium EDTA, Chlorhexidine Digluconate, Citric Acid, Sodium Hydroxide, Xanthan Gum, Ethylhexylglycerin, Hexylene Glycol, Caprylyl Glycol, Potassium Sorbate, Sodium Benzoate, Phenoxyethanol",73,7046,0.5,0.0,https://www.sephora.com/product/power-advanced-wrinkle-fighter-360-eye-serum-P404169?icid2=products%20grid:p404169,0.5,140.0
Fresh Pressed Daily Booster with Pure Vitamin C 10%,CLINIQUE,facial-treatments,76.5,"Ascorbic Acid, Glycerin, Dimethicone, Squalane, Butylene Glycol, Dipropylene Glycol, Acetyl Glucosamine, Cucumis Sativus Fruit Extract, Hordeum Vulgare Extract, Morus Nigra Root Extract, Molasses Extract, Laminaria Digitata Extract, Scutellaria Baicalensis Root Extract, Acetyl Hexapeptide8, Vitis Vinifera Fruit Extract, Algae Extract, Palmitoyl Hexapeptide12, Palmitoyl Tripeptide1, Palmitoyl Tetrapeptide7, Alcaligenes Polysaccharides, Caffeine, Sucrose, Whey Protein, Betaine, Salicylic Acid, Glycine Soja Protein, Sodium Hyaluronate, Caprylyl Glycol, Sigesbeckia Orientalis Extract, BisPeg18 Methyl Ether Dimethyl Silane, Propylene Glycol Dicaprate, Helianthus Annuus Seedcake, Allyl Methacrylates Crosspolymer, Carbomer, Glyceryl Polymethacrylate, Tromethamine, Xanthan Gum, Potassium Sorbate, Peg8, Polysorbate 20, Sodium Citrate, Disodium Edta, Phenoxyethanol",130,17612,0.0,1.16,https://www.sephora.com/product/fresh-pressed-daily-booster-with-pure-vitamin-c-10-P416824?icid2=products%20grid:p416824,1.16,65.94827586206897
Darker Skin Tones Hyaluronic Serum,Dr. Barbara Sturm,facial-treatments,300.0,"Water, Butylene Glycol, Lactobacillus, Glycerin, Sea Water, Phenoxyethanol, Sodium Hyaluronate, Ethylhexylglycerin, Potassium Sorbate, Leuconostoc, Hydrolyzed Algae Extract, Citric Acid",4,598,1.0,0.0,https://www.sephora.com/product/dr-barbara-sturm-darker-skin-tones-hyaluronic-serum-P448548?icid2=products%20grid:p448548,1.0,300.0
Black Tea Firming Eye Serum,Fresh,facial-treatments,72.0,"Glycerin, Butylene Glycol, Pentylene Glycol, Jojoba Oil PEG150 Esters, Methyl Gluceth20, PEG6 Caprylic, Acacia Senegal Gum, PEG40 Hydrogenated Castor Oil, Lycium Chinense Fruit Extract, Saccharomyces Ferment Filtrate, Camellia Sinensis Leaf Extract, Rubus Fruticosus Leaf Extract, Litchi Chinensis Seed Extract, Acetyl Tetrapeptide5, Tocopheryl Acetate, Tocopherol, Polymethylsilsesquioxane, Carbomer, PEG150, Sorbitol, Sodium Hydroxide, Parfum, Rhizobian Gum, Maltodextrin, Algin, Xanthan Gum, Adenosine, Polyvinyl Alcohol, Cellulose Gum, Citric Acid, Sodium Metabisulfite, Diamond Powder, Sodium Benzoate, Potassium Sorbate, Hydroxyethylcellulose, Sodium Citrate, Biotin, Phenoxyethanol, Linalool, Citronellol, Geraniol",36,9480,0.5,0.0,https://www.sephora.com/product/black-tea-firming-eye-serum-P439626?icid2=products%20grid:p439626,0.5,144.0
Illumi-Nation Anti-Fatigue Power Serum,Naturally Serious,facial-treatments,58.0,"Glycerin, Butylene Glycol, Pentylene Glycol, Jojoba Oil PEG150 Esters, Methyl Gluceth20, PEG6 Caprylic, Acacia Senegal Gum, PEG40 Hydrogenated Castor Oil, Lycium Chinense Fruit Extract, Saccharomyces Ferment Filtrate, Camellia Sinensis Leaf Extract, Rubus Fruticosus Leaf Extract, Litchi Chinensis Seed Extract, Acetyl Tetrapeptide5, Tocopheryl Acetate, Tocopherol, Polymethylsilsesquioxane, Carbomer, PEG150, Sorbitol, Sodium Hydroxide, Parfum, Rhizobian Gum, Maltodextrin, Algin, Xanthan Gum, Adenosine, Polyvinyl Alcohol, Cellulose Gum, Citric Acid, Sodium Metabisulfite, Diamond Powder, Sodium Benzoate, Potassium Sorbate, Hydroxyethylcellulose, Sodium Citrate, Biotin, Phenoxyethanol, Linalool, Citronellol, Geraniol",17,1423,1.0,0.0,https://www.sephora.com/product/illumi-nation-anti-fatigue-power-serum-P450587?icid2=products%20grid:p450587,1.0,58.0
Crème Ancienne® Supreme Face Serum,Fresh,facial-treatments,245.0,"Zingiber Officinale  Glycerin, Squalane, Butylene Glycol, Limnanthes Alba Seed Oil, Pentylene Glycol, Polyglycerin3, Steareth21, Glyceryl Stearate, Helianthus Annuus Seed Oil, Zingiber Zerumbet Extract, Panax Notoginseng Root Extract, Alpinia Galanga Leaf Extract, Commiphora Mukul Resin Extract, Echinacea Purpurea Extract, Calophyllum Inophyllum Seed Oil, Zingiber Officinale Root Extract, Panax Ginseng Root Extract, Adenosine, Tocopherol, Steareth2, Caprylic, Polyacrylamide, Acrylates, C1314 Isoparaffin, Fragrance, Xanthan Gum, Tromethamine, Tetrasodium EDTA, Caramel, Laureth7, BHT, Sodium Metabisulfite, Phenoxyethanol, Benzyl Salicylate",8,2189,1.0,0.0,https://www.sephora.com/product/creme-ancienne-supreme-face-serum-P412800?icid2=products%20grid:p412800,1.0,245.0
VineActiv Vitamin C Anti-Wrinkle Serum,Caudalie,facial-treatments,52.0,"Squalane, Butylene Glycol, Glycerin, C142Alcohols, Ethylhexylglycerin, Ascorbyl Tetraisopalmitate, PolyacrylatCrosspolymer6, Parfum, Tocopherol, Glyceryl Stearate Se, PalmitoyGrape Seed Extract, C1220 Alkyl Glucoside, Hydrolyzed Hyaluronic Acid Phenylpropanol, Picea Abies Extract, Propanediol, Acacia Senegal Gum, CaprylyGlycol, Xanthan Gum, Sodium Phytate, Citric Acid  Plant Origin",162,14242,1.0,0.0,https://www.sephora.com/product/vine-activ-glow-activating-anti-wrinkle-serum-P417119?icid2=products%20grid:p417119,1.0,52.0
SEA Deep Sea Collagen Super Serum,tarte,facial-treatments,39.0,"Squalane, Butylene Glycol, Glycerin, C142Alcohols, Ethylhexylglycerin, Ascorbyl Tetraisopalmitate, PolyacrylatCrosspolymer6, Parfum, Tocopherol, Glyceryl Stearate Se, PalmitoyGrape Seed Extract, C1220 Alkyl Glucoside, Hydrolyzed Hyaluronic Acid Phenylpropanol, Picea Abies Extract, Propanediol, Acacia Senegal Gum, CaprylyGlycol, Xanthan Gum, Sodium Phytate, Citric Acid  Plant Origin",104,13266,0.0,0.94,https://www.sephora.com/product/sea-deep-sea-collagen-super-serum-P440814?icid2=products%20grid:p440814,0.94,41.48936170212766
Capture Totale C.E.L.L. ENERGY - Super Potent Age-Defying Intense Serum,Dior,facial-treatments,155.0,"Squalane, Butylene Glycol, Glycerin, C142Alcohols, Ethylhexylglycerin, Ascorbyl Tetraisopalmitate, PolyacrylatCrosspolymer6, Parfum, Tocopherol, Glyceryl Stearate Se, PalmitoyGrape Seed Extract, C1220 Alkyl Glucoside, Hydrolyzed Hyaluronic Acid Phenylpropanol, Picea Abies Extract, Propanediol, Acacia Senegal Gum, CaprylyGlycol, Xanthan Gum, Sodium Phytate, Citric Acid  Plant Origin",1000,380,0.0,1.0,https://www.sephora.com/product/dior-capture-totale-cell-energy-super-potent-age-defying-intense-serum-P454805?icid2=products%20grid:p454805,1.0,155.0
Supercharge Anti-Oxidant Moisture Serum,Naturally Serious,facial-treatments,56.0,"Squalane, Butylene Glycol, Glycerin, C142Alcohols, Ethylhexylglycerin, Ascorbyl Tetraisopalmitate, PolyacrylatCrosspolymer6, Parfum, Tocopherol, Glyceryl Stearate Se, PalmitoyGrape Seed Extract, C1220 Alkyl Glucoside, Hydrolyzed Hyaluronic Acid Phenylpropanol, Picea Abies Extract, Propanediol, Acacia Senegal Gum, CaprylyGlycol, Xanthan Gum, Sodium Phytate, Citric Acid  Plant Origin",31,1909,1.0,0.0,https://www.sephora.com/product/supercharge-anti-oxidant-moisture-serum-P433974?icid2=products%20grid:p433974,1.0,56.0
Get Even Cold-Pressed Peel Pads,Naturally Serious,facial-treatments,38.0,Fragrance,61,4339,0.0,0.0,https://www.sephora.com/product/get-even-cold-pressed-peel-pads-P433973?icid2=products%20grid:p433973,1.3213098086124409,28.759341490021395
Advanced Acne & Wrinkle Reducer,Murad,facial-treatments,55.0,"Dimethicone, Glycerin, PPG26Buteth26, Hydroxyethyl Acrylate, Urea, Yeast Amino Acids, Trehalose, Inositol, Taurine, Betaine, Ethylhexyl Palmitate, Silica Dimethyl Silylate, Butylene Glycol, Sodium Hyaluronate, Tocopheryl Acetate, Sulfur, Retinyl Palmitate, Caprylic, Retinol, Ascorbic Acid, Chitosan, Silver Citrate, Glucosamine HCl, Algae Extract, Yeast Extract, Saccharomyces, Hydroxyethylcellulose, Bupleurum Falcatum Root Extract, Caffeine, Coenzyme A, PEG8, Cetearyl Olivate, Sorbitan Olivate, Citrullus Lanatus Fruit Extract, Pyrus Malus Fruit Extract, Lens Esculenta Fruit Extract, Sodium PCA, Sodium Lactate, Glycolic Acid, Zinc Gluconate, Macrocystis Pyrifera Extract, Hydrolyzed Wheat Protein, PVP, Hydrolyzed Ceratonia Siliqua Seed Extract, Cimicifuga Racemosa Root Extract, Melaleuca Alternifolia Leaf Oil, Vinyl Dimethicone, Polymethylsilsesquioxane, Glyceryl Stearate, Cocamidopropyl Dimethylamine, Zea Mays Starch, Hydrolyzed Corn Starch, Hydrolyzed Corn Starch Octenylsuccinate, Cetyl Alcohol, Xanthan Gum, Citric Acid, Disodium EDTA, Propyl Gallate, Polysorbate 80, PEG40 Hydrogenated Castor Oil, Sodium Hydroxide, Phenoxyethanol, Caprylyl Glycol, Chlorphenesin, Citronellol, Geraniol, Limonene, Linalool, Fragrance",72,7519,1.0,0.0,https://www.sephora.com/product/advanced-acne-wrinkle-reducer-P398067?icid2=products%20grid:p398067,1.0,55.0
Emergency Blemish Relief,Proactiv,facial-treatments,20.0,"Ethoxydiglycol, Cyclopentasiloxane, Methylpropanediol, Steareth2, Cyclohexasiloxane, Steareth21, Polyquaternium37, Propylene Glycol Dicaprylate, Propylene Glycol, Ppg1 Trideceth6, Panthenol, Allantoin, Diazolidinyl Urea, Methylparaben, Propylparaben, Fragrance",87,4509,0.33,0.0,https://www.sephora.com/product/emergency-blemish-relief-P440057?icid2=products%20grid:p440057,0.33,60.6060606060606
Peptidin™ Radiance Serum with Energy Peptides,Dr. Jart+,facial-treatments,48.0,"Ethoxydiglycol, Cyclopentasiloxane, Methylpropanediol, Steareth2, Cyclohexasiloxane, Steareth21, Polyquaternium37, Propylene Glycol Dicaprylate, Propylene Glycol, Ppg1 Trideceth6, Panthenol, Allantoin, Diazolidinyl Urea, Methylparaben, Propylparaben, Fragrance",189,9310,1.35,0.0,https://www.sephora.com/product/radiance-serum-with-energy-peptides-P437239?icid2=products%20grid:p437239,1.35,35.55555555555555
PRO Strength Lactic Pore Treatment,Peter Thomas Roth,facial-treatments,88.0,"Lactic Acid, Glycerin, Hydroxyethylcellulose, Ethylhexylglycerin, Vitis Vinifera Seed Extract, Citrus Limon Fruit Extract, Citrus Aurantifolia Fruit Extract, Citrus Aurantium Dulcis Fruit Extract, Saccharum Officinarum Extract, Acer Saccharum Extract, Hamamelis Virginiana  Vaccinium Myrtillus Fruit, Punica Granatum Extract, Aspalathus Linearis Extract, Lycium Barbarum Fruit Extract, Viola Tricolor Extract, Tilia Cordata Flower Extract, Leuconostoc, Propanediol, Potassium Sorbate, Sodium Hydroxide, Sodium Phosphate, Disodium Phosphate, Polysorbate 60, Propylene Glycol, Benzoic Acid",408,7538,1.7,0.0,https://www.sephora.com/product/pro-strength-lactic-pore-treatment-P448719?icid2=products%20grid:p448719,1.7,51.764705882352935
ELEVATE Advanced Retinol Serum,Algenist,facial-treatments,98.0,"Water, Dimethicone, Glycerin, Butylene Glycol, Pentylene Glycol, Polymethyl Methacrylate, Dimethicone Crosspolymer, Retinol, Parachlorella Beijerinckii Exopolysaccharides, Dunaliella Salina Extract, Ceramide NP, Myristoyl Nonapeptide3, Palmitoyl Tripeptide1, Palmitoyl Tetrapeptide7, Acetyl Dipeptide1 Cetyl Ester, Glycine Soja Extract, Tocopherol, Squalane, Acrylates, Caprylic, Hydroxyethyl Acrylate, Sodium PCA, Polysorbate 20, Dipotassium Glycyrrhizate, Sorbitan Laurate, Dimethicone, Sodium Hydroxide, Cetyl Palmitate, Hydrogenated Polydecene, Laureth23, Polysorbate 60, Disodium EDTA, Hydroxyethylcellulose, Carbomer, Sodium Lactate, Sorbitan Isostearate, Trideceth6 Phosphate, Dipropylene Glycol, Sodium Citrate, Mica, Caprylyl Glycol, Chlorphenesin, Phenoxyethanol, Fragrance, Linalool, Titanium Dioxide",22,3905,1.0,0.0,https://www.sephora.com/product/elevate-advanced-retinol-serum-P433469?icid2=products%20grid:p433469,1.0,98.0
Bye Bye Lines Anti-Aging Serum,IT Cosmetics,facial-treatments,58.0,"Water, Dimethicone, Glycerin, Butylene Glycol, Pentylene Glycol, Polymethyl Methacrylate, Dimethicone Crosspolymer, Retinol, Parachlorella Beijerinckii Exopolysaccharides, Dunaliella Salina Extract, Ceramide NP, Myristoyl Nonapeptide3, Palmitoyl Tripeptide1, Palmitoyl Tetrapeptide7, Acetyl Dipeptide1 Cetyl Ester, Glycine Soja Extract, Tocopherol, Squalane, Acrylates, Caprylic, Hydroxyethyl Acrylate, Sodium PCA, Polysorbate 20, Dipotassium Glycyrrhizate, Sorbitan Laurate, Dimethicone, Sodium Hydroxide, Cetyl Palmitate, Hydrogenated Polydecene, Laureth23, Polysorbate 60, Disodium EDTA, Hydroxyethylcellulose, Carbomer, Sodium Lactate, Sorbitan Isostearate, Trideceth6 Phosphate, Dipropylene Glycol, Sodium Citrate, Mica, Caprylyl Glycol, Chlorphenesin, Phenoxyethanol, Fragrance, Linalool, Titanium Dioxide",69,9650,1.0,0.0,https://www.sephora.com/product/bye-bye-lines-serum-advanced-anti-aging-wrinkle-smoothing-miracle-concentrate-P411398?icid2=products%20grid:p411398,1.0,58.0
Evercalm™ Anti-Redness Serum,REN Clean Skincare,facial-treatments,52.0,"Aqua, Glycerin, Caprylic, Cetearyl Olivate, Glycine Soja Oil, Phospholipids, Alcohol, Sorbitan Olivate, Lactose, Inulin, Vaccinium VitisIdaea Seed Oil, Lactic Acid, Arnica Montana Flower Extract, Algae Extract, Sodium Citrate, Sodium Hyaluronate, Tocopherol, Xanthan Gum, Lactis Proteinum, AlphaGlucan Oligosaccharide, Phenoxyethanol, Aster Maritima, Sodium Hydroxymethylglycinate, Sodium Carboxymethyl Betaglucan, Rumex Occidentalis Extract, Citrus Aurantium Amara Flower Water Extract, Laminaria Ochroleuca Extract, Helianthus Annuus Seed Oil, Rosmarinus Officinalis Leaf Extract, Geraniol, Linalool",168,13002,1.02,0.0,https://www.sephora.com/product/evercalm-anti-redness-serum-P399736?icid2=products%20grid:p399736,1.02,50.98039215686275
V Shaping Lift Serum,Clarins,facial-treatments,81.0,"Alcohol, Caprylic, Glycerin, Propanediol, Butylene, Glycol, Dicaprylyl Carbonate, Caffeine, Acrylates, Sodium Acrylates, Copolymer, Parfum, Hydrogenated Polyisobutene, Avena Sativa Kernel Extract, Escin, Ethylhexylglycerin, Sodium Hyaluronate, Zingiber Zerumbet Extract, Phospholipids, Sodium Hydroxide, Polyglyceryl10 Stearate, Helianthus Annuus Seed Oil, Disodium Edta, Sodium Benzoate, Agropyron Repens Root Extract, Ethylene Brassylate, Paullinia Cupana Seed Extract, Potassium Sorbate",5,1824,1.6,0.0,https://www.sephora.com/product/v-shaping-lift-serum-P446111?icid2=products%20grid:p446111,1.6,50.625
"Proactiv Solution 3-Step Acne Treatment System, 30 Day Introductory Size",Proactiv,facial-treatments,35.0,"Ethoxydiglycol, Cyclotetrasiloxane, Cyclopentasiloxane, Cetearyl Alcohol, Dimethicone, Glyceryl Stearate, Peg100 Stearate, Propylene Glycol, Panthenol, Allantoin, Xanthan Gum, Ceteareth20, Carbomer, Sodium Hydroxide, Diazolidinyl Urea, Methylparaben, Propylparaben, Fragrance",40,1844,0.0,0.0,https://www.sephora.com/product/proactiv-solution-3-step-acne-treatment-system-30-day-introductory-size-P440653?icid2=products%20grid:p440653,1.3213098086124409,26.488867161861812
EradiKate® Salicylic Acid Acne Treatment,Kate Somerville,facial-treatments,58.0,"Ethoxydiglycol, Cyclotetrasiloxane, Cyclopentasiloxane, Cetearyl Alcohol, Dimethicone, Glyceryl Stearate, Peg100 Stearate, Propylene Glycol, Panthenol, Allantoin, Xanthan Gum, Ceteareth20, Carbomer, Sodium Hydroxide, Diazolidinyl Urea, Methylparaben, Propylparaben, Fragrance",66,5695,1.0,0.0,https://www.sephora.com/product/eradikate-r-salicylic-acid-acne-treatment-P433468?icid2=products%20grid:p433468,1.0,58.0
BioLumin-C Vitamin C Serum,Dermalogica,facial-treatments,89.0,"Ethoxydiglycol, Cyclotetrasiloxane, Cyclopentasiloxane, Cetearyl Alcohol, Dimethicone, Glyceryl Stearate, Peg100 Stearate, Propylene Glycol, Panthenol, Allantoin, Xanthan Gum, Ceteareth20, Carbomer, Sodium Hydroxide, Diazolidinyl Urea, Methylparaben, Propylparaben, Fragrance",105,2296,1.0,0.0,https://www.sephora.com/product/biolumin-c-serum-P443370?icid2=products%20grid:p443370,1.0,89.0
High Potency Classics: Face Firming Serum,Perricone MD,facial-treatments,99.0,"Ethoxydiglycol, Cyclotetrasiloxane, Cyclopentasiloxane, Cetearyl Alcohol, Dimethicone, Glyceryl Stearate, Peg100 Stearate, Propylene Glycol, Panthenol, Allantoin, Xanthan Gum, Ceteareth20, Carbomer, Sodium Hydroxide, Diazolidinyl Urea, Methylparaben, Propylparaben, Fragrance",341,2954,2.0,0.0,https://www.sephora.com/product/high-potency-face-firming-activator-anti-aging-treatment-P397295?icid2=products%20grid:p397295,2.0,49.5
Clear Skin Days by Sephora Collection Clarifying Serum,SEPHORA COLLECTION,facial-treatments,12.0,"Aqua, Propanediol, Glycolic Acid, Salicylic Acid, Sodium Hydroxide, Hydroxyethylcellulose, Phenoxyethanol, Ethylhexylglycerin, Trisodium Ethylenediamine Disuccinate, Leuconostoc, Hyaluronic Acid",80,5834,1.76,0.0,https://www.sephora.com/product/clarifying-serum-P446622?icid2=products%20grid:p446622,1.76,6.8181818181818175
Breakout Fighters,Kate Somerville,facial-treatments,55.0,"Isocetyl Stearate, Pentaerythrityl Tetracaprylate, C1215 Alkyl Benzoate, Polyamide5, Xylitylglucoside, Anhydroxylitol, Xylitol, Dipalmitoyl Hydroxyproline, PEG, Behenyl Alcohol, Pullulan, Cetearyl Ethylhexanoate, Sodium Polyacrylate, Dimethicone, Cyclopentasiloxane, Butylene Glycol, Trideceth6, Algae Extract, Triethanolamine, Ahnfeltiopsis Concinna Extract, Ethylhexylglycerin, Phenoxyethanol, Adenosine",31,9259,0.0,0.0,https://www.sephora.com/product/breakout-fighters-P436363?icid2=products%20grid:p436363,1.3213098086124409,41.6253626829257
Rejuvenating Anti-Aging Serum,Tata Harper,facial-treatments,120.0,"Isocetyl Stearate, Pentaerythrityl Tetracaprylate, C1215 Alkyl Benzoate, Polyamide5, Xylitylglucoside, Anhydroxylitol, Xylitol, Dipalmitoyl Hydroxyproline, PEG, Behenyl Alcohol, Pullulan, Cetearyl Ethylhexanoate, Sodium Polyacrylate, Dimethicone, Cyclopentasiloxane, Butylene Glycol, Trideceth6, Algae Extract, Triethanolamine, Ahnfeltiopsis Concinna Extract, Ethylhexylglycerin, Phenoxyethanol, Adenosine",200,6366,1.0,0.0,https://www.sephora.com/product/rejuvenating-serum-P379711?icid2=products%20grid:p379711,1.0,120.0
Premier Cru Anti-Aging Serum,Caudalie,facial-treatments,150.0,"Polyphenols, Viniferine, Vine Resveratrol, Vinergy Complex, Vine Resveratrol, Micro Hylaronic Acid Complex, GrapeSeed Polyphenols, Vinolevure, Macro Hyluronic Acid, White Peony Extract",95,6492,1.0,0.0,https://www.sephora.com/product/premier-cru-serum-P427509?icid2=products%20grid:p427509,1.0,150.0
SEA Mermaid Skin Hyaluronic H2O Serum,tarte,facial-treatments,42.0,"Hydroxyethylcellulose, Sodium Hyaluronate, Disodium EDTA, Sodium Nitrate, Algae Extract, Calcium Pantothenate, Glycerin, Phenoxyethanol",263,17224,0.0,1.7,https://www.sephora.com/product/sea-mermaid-skin-hyaluronic-h2o-serum-P430818?icid2=products%20grid:p430818,1.7,24.705882352941174
Clear + Brighten Kit,Dermalogica,facial-treatments,45.0,"Microcrystalline Cellulose, Magnesium Oxide, Sodium Cocoyl Isethionate, Sodium Lauroyl Glutamate, Colloidal Oatmeal, Disodium Lauryl Sulfosuccinate, Oryza Sativa Bran, Oryza Sativa Starch, Allantoin, Papain, Salicylic Acid, Ginkgo Biloba Leaf Extract, Camellia Sinensis Leaf Extract, Glycyrrhiza Glabra Root Extract, PCA, Hydrolyzed Wheat Protein, Populus Tremuloides Bark Extract, Cyclodextrin, Lauryl Methacrylate, Melaleuca Alternifolia Leaf Oil, Limonene, Citrus Paradisi Peel Oil, Citric Acid, Titanium Dioxide, Hexylene Glycol",10,2826,0.0,0.0,https://www.sephora.com/product/clear-brighten-kit-P446937?icid2=products%20grid:p446937,1.3213098086124409,34.05711492239376
Bakuchiol Retinol Alternative Moisturizer,The INKEY List,facial-treatments,9.99,"Water, Squalane, Glycerin, Propanediol, Plukenetia Volubilis Seed Oil, Dicaprylyl Carbonate, Bakuchiol, Phenoxyethanol, Sodium Caproyl Prolinate, Hydroxyethyl Acrylate, Carbomer, Sodium Hydroxide, Ethylhexylglycerin, Sodium Stearoyl Glutamate, Polysorbate 60, Phytic Acid, Glyceryl Polyacrylate, Sorbitan Isostearate, Tocopherol",146,3692,1.0,0.0,https://www.sephora.com/product/bakuchiol-P447778?icid2=products%20grid:p447778,1.0,9.99
Strawberry-C Brightening Serum,Volition Beauty,facial-treatments,42.0,"Water, Squalane, Glycerin, Propanediol, Plukenetia Volubilis Seed Oil, Dicaprylyl Carbonate, Bakuchiol, Phenoxyethanol, Sodium Caproyl Prolinate, Hydroxyethyl Acrylate, Carbomer, Sodium Hydroxide, Ethylhexylglycerin, Sodium Stearoyl Glutamate, Polysorbate 60, Phytic Acid, Glyceryl Polyacrylate, Sorbitan Isostearate, Tocopherol",372,27819,1.0,0.0,https://www.sephora.com/product/strawberry-c-serum-P442011?icid2=products%20grid:p442011,1.0,42.0
Green Tea Seed Intensive Hydrating Serum,innisfree,facial-treatments,27.0,"Water, Propanediol, Alcohol, Glycerin, Betaine, 12Hexanediol, Saccharide Isomerate, Camellia Sinensis Seed Oil, Cetearyl Olivate, Hydrogenated Lecithin, Sorbitan Olivate, Acrylates, Fragrance, Panthenol, Hydroxyethyl Acrylate, Tromethamine, Ceratonia Siliqua Gum, Ethylhexylglycerin, Disodium Edta, Camellia Sinensis Leaf Extract, Dextrin, Theobroma Cacao Extract, Sorbitan Isostearate, Sodium Citrate, Citric Acid, Sucrose",589,6716,2.7,0.0,https://www.sephora.com/product/green-tea-seed-intensive-hydrating-serum-P448212?icid2=products%20grid:p448212,2.7,10.0
AGE Bright Clearing Serum,Dermalogica,facial-treatments,65.0,"AGE Bright™ Complex: Promotes a brighter, more even skin tone",118,4459,1.0,0.0,https://www.sephora.com/product/age-bright-clearing-serum-P445833?icid2=products%20grid:p445833,1.0,65.0
Turbo Booster C Powder,philosophy,facial-treatments,39.0,"Ascorbic Acid, Panthenol, Zinc Pca, Copper Pca, Camellia Oleifera Leaf Juice, Dipotassium Glycyrrhizinate, Arginine, Cysteine, Aloe Barbadensis Leaf Juice",782,16131,0.25,0.0,https://www.sephora.com/product/turbo-booster-c-powder-P204606?icid2=products%20grid:p204606,0.25,156.0
Capture Youth Plump Filler Age-Delay Plumping Serum,Dior,facial-treatments,95.0,"Aqua, Glycerin, Dimethicone, Phenoxyethanol, Sodium Hyaluronate, Butylene Glycol, Dimethicone, Acrylates, Caprylyl Glycol, Hyaluronic Acid, Parfum, Peg60 Hydrogenated Castor Oil, Alpinia Galanga Leaf Extract, Xanthan Gum, Sodium Hydroxide, Disodium Edta, Adenosine, Sodium Dilauramidoglutamide Lysine, Sodium Tocopheryl Phosphate, Caprylic, Iris Florentina Root Extract, Bht, Tocopherol",9,0,1.0,0.0,https://www.sephora.com/product/capture-youth-plump-filler-age-delay-plumping-serum-P427732?icid2=products%20grid:p427732,1.0,95.0
Facial Radiance® AHA Intensive Peel,First Aid Beauty,facial-treatments,32.0,Mucor Miehei Extract: Exfoliates skin using an agent composed of mushroom enzymes,294,21677,2.0,0.0,https://www.sephora.com/product/facial-radiance-intensive-peel-P409707?icid2=products%20grid:p409707,2.0,16.0
Pore Targeting Treatment,Proactiv,facial-treatments,60.0,"Ethoxydiglycol, Glycerin, Prunus Amygdalus Dulcis Oil, Polysorbate 80, Polysorbate 60, Sorbitan Stearate, Carbomer, Potassium Hydroxide, Disodium EDTA, Fragrance",51,733,3.0,0.0,https://www.sephora.com/product/pore-targeting-treatment-P440064?icid2=products%20grid:p440064,3.0,20.0
Diorsnow Brightening Refining Moist Cloud Crème,Dior,facial-treatments,125.0,"Aqua, Glycerin, Propylene Glycol Dicaprylate, Butylene Glycol, Pentylene Glycol, Alcohol, Caprylic, Ascorbyl Glucoside, Vinyl Dimethicone, Dimethicone, Tromethamine, Steareth21, Cetyl Alcohol, Stearyl Alcohol, Phenoxyethanol, Acrylates, Sodium Citrate, Steareth2, Parfum, Dipotassium Glycyrrhizate, Tetrasodium Edta, Xanthan Gum, Cellulose, Silica, Ci 77891, Malva Sylvestris Extract, Citrus Unshiu Peel Extract, Glucosyl Hesperidin, Faex, Citric Acid, Carbomer, Aluminum Hydroxide, Leontopodium Alpinum Extract, Sodium Stearate, AlphaIsomethyl Ionone, Linalool, Citronellol, Potassium Sorbate, Atelocollagen, Stearic Acid, Zinc Gluconate, Sodium Hyaluronate, Sodium Chloride, Ethylhexylglycerin, Sodium Benzoate, Bht, Hydrated Silica, Hydrogen Dimethicone, Sodium Dna, Ci 14700, Disodium Phosphate, Ergothioneine, Potassium Chloride, Potassium Phosphate",14,2808,1.7,0.0,https://www.sephora.com/product/diorsnow-brightening-refining-moist-cloud-cr-me-P417602?icid2=products%20grid:p417602,1.7,73.52941176470588
Replenishing Multi-Acid Peel,Murad,facial-treatments,65.0,"Caprylic, C1316 Isoparaffin, Glycolic Acid, Simmondsia Chinensis Seed Oil, Triolein, Glycerin, Sodium Hydroxide, Propylene Glycol Caprylate, Lactic Acid, Malic Acid, Tranexamic Acid, Salicylic Acid, Sodium Hyaluronate, Bisabolol, Tocopheryl Acetate, Ocimum Sanctum Leaf Extract, Melia Azadirachta Leaf Extract, Melia Azadirachta Flower Extract, Amino Esters1, Amber Powder, Coccinia Indica Fruit Extract, Solanum Melongena Fruit Extract, Curcuma Longa Root Extract, Corallina Officinalis Extract, Moringa Oleifera Seed Oil, Urea, Yeast Amino Acids, Trehalose, Inositol, Taurine, Betaine, Caprylhydroxamic Acid, Propanediol, 12Hexanediol",321,5136,3.3,0.0,https://www.sephora.com/product/replenishing-multi-acid-peel-P444970?icid2=products%20grid:p444970,3.3,19.6969696969697
Fruit-Tox Resurfacing Facial Remedy,Naturally Serious,facial-treatments,30.0,"Caprylic, C1316 Isoparaffin, Glycolic Acid, Simmondsia Chinensis Seed Oil, Triolein, Glycerin, Sodium Hydroxide, Propylene Glycol Caprylate, Lactic Acid, Malic Acid, Tranexamic Acid, Salicylic Acid, Sodium Hyaluronate, Bisabolol, Tocopheryl Acetate, Ocimum Sanctum Leaf Extract, Melia Azadirachta Leaf Extract, Melia Azadirachta Flower Extract, Amino Esters1, Amber Powder, Coccinia Indica Fruit Extract, Solanum Melongena Fruit Extract, Curcuma Longa Root Extract, Corallina Officinalis Extract, Moringa Oleifera Seed Oil, Urea, Yeast Amino Acids, Trehalose, Inositol, Taurine, Betaine, Caprylhydroxamic Acid, Propanediol, 12Hexanediol",29,3168,3.4,0.0,https://www.sephora.com/product/fruit-tox-resurfacing-facial-remedy-P444984?icid2=products%20grid:p444984,3.4,8.823529411764708
Skin Rescue Acne Clearing Pads with White Clay,First Aid Beauty,facial-treatments,30.0,"Polysorbate 80, Phenoxyethanol, Sodium Hydroxide, Glycerin, Sodium Citrate, Kaolin, Salix Nigra Bark Extract, Butylene Glycol, Rosmarinus Officinalis Leaf Essential Oil, Potassium Sorbate, Sodium Benzoate, Camellia Sinensis Leaf Extract, Chrysanthemum Parthenium Extract, Glycyrrhiza Glabra Root Extract, Capryloyl Glycine, Hexylene Glycol, Symphytum Officinale Leaf Extract, Melaleuca Alternifolia Leaf Oil, Sarcosine, Leuconostoc, Enantia Chlorantha Bark Extract, Epilobium Angustifolium Flower, Cinnamomum Zeylanicum Bark Extract, Xanthan Gum, dLimonene, Oleanolic Acid",84,6514,0.0,0.0,https://www.sephora.com/product/skin-rescue-acne-clearing-pads-with-white-clay-P430140?icid2=products%20grid:p430140,1.3213098086124409,22.70474328159584
City Sunscreen Serum SPF 30,Supergoop!,facial-treatments,42.0,"Purified Cyclomethicone, Isostearyl Neopentanoate, Glycerin, Ceteareth–20, Polypropylene, Cetearyl Alcohol, Xanthan Gum, dPanthenol, Octanohydroxamic acid, Caprylyl Glycol, Silica, Triacontanyl PVP, Cetyl Dimethicone, Ammonium Acryloyldimethyltaurate, PEG40 Stearate, Tocopherol, Disodium EDTA, Pentylene Glycol, Panthenyl Triacetate, Sodium Lactate, Lactic Acid, Serine, Urea, Sorbitol, Sodium Chloride, Allantoin, Oleyl Alcohol, Ethyl Linoleate",288,10986,2.0,0.0,https://www.sephora.com/product/city-sunscreen-serum-spf-30-P282915?icid2=products%20grid:p282915,2.0,21.0
White Lucent Illuminating Micro-Spot Serum,Shiseido,facial-treatments,190.0,"Water, Butylene Glycol, Glycerin, Dipropylene Glycol, Potassium Methoxysalicylate, Dimethicone, Behenyl Alcohol, Triethylhexanoin, Diphenylsiloxy Phenyl Trimethicone, Talc, Batyl Alcohol, Diisostearyl Malate, Phenoxyethanol, Peg6, Peg32, Behenic Acid, Peg60 Glyceryl Isostearate, Peg10 Dimethicone, Sodium Metaphosphate, Disodium Edta, Tocopheryl Acetate, Peg, Phytosteryl, Silica, Sodium Citrate, Alumina, Potassium Hydroxide, Succinoglycan, Peg, Dipotassium Glycyrrhizate, 2OEthyl Ascorbic Acid, Xanthan Gum, Titanium Dioxide, Alcohol, Fragrance, Caffeine, Sodium Metabisulfite, Citric Acid, Linalool, Tocopherol, Citronellol, Geraniol, Angelica Keiskei Leaf, Crataegus Monogyna Flower Extract, Limonene, Cellulose, Pancratium Maritimum Extract, Rehmannia Chinensis Root Extract, Artemisia Princeps Leaf Extract, Prunus Yedoensis Leaf Extract, Ziziphus Jujuba Fruit Extract, Pyrola Incarnata Extract, Potentilla Erecta Root Extract",0,218,0.0,1.6,https://www.sephora.com/product/shiseido-white-lucent-illuminating-micro-spot-serum-P455229?icid2=products%20grid:p455229,1.6,118.75
Watermelon Brightening Serum,MILK MAKEUP,facial-treatments,36.0,"Butylene Glycol, BisPeg18 Methyl Ether Dimethyl Silane, Sodium Stearate, Pentylene Glycol, Glycerin, Oleth2, Citrus Aurantium Amara Flower Citrullus Vulgaris Fruit Extract, Fragaria Vesca Fruit Extract, Pyrus Malus Fruit Extract, Lens Esculenta Fruit Extract, Lens Esculenta Seed Extract, Cichorium Intybus Root Extract, Prunus Domestica Fruit Extract, Opuntia FicusIndica Stem Extract, Lepidium Sativum Sprout Extract, Acacia Senegal Gum, Sea Tocopheryl Acetate, Retinyl Palmitate, Acsorbyl Palmitate, Sodium Lactate, Hydrolyzed Rice Protein, Lecithin, Sodium PCA, Polysorbate 20, Palmitoyl Tetrapeptide7, Phospholipids, Palmitoyl Tripeptide1, Sodium Hyaluronate, Ethylhexylglycerin, Xanthan Gum, Salicylic Acid, Stearic Acid, Carbomer, Ascorbic Acid, Citric Acid, Hexylene Glycol, Caprylyl Glycol, Sorbic Acid, Sodium Benzoate, Potassium Sorbate, Phenoxyethanol, Chlorphenesin, Red 40, Yellow 5",225,25934,0.0,1.2,https://www.sephora.com/product/watermelon-brightening-serum-P430903?icid2=products%20grid:p430903,1.2,30.0
Vitamin C Brightening Cream,The INKEY List,facial-treatments,9.99,"Dimethicone, Ascorbic Acid, Polysilicone11, Peg10 Dimethicone",234,5409,1.0,0.0,https://www.sephora.com/product/vitamin-c-cream-P443841?icid2=products%20grid:p443841,1.0,9.99
Golden Krocus Ageless Saffron Elixir Serum,KORRES,facial-treatments,98.0,"Alcohol Denat, Pentylene Glycol, Glycerin, Polyglyceryl5 Laurate, PropanediolAlphaIsomethyl Ionone, Avena Sativa Kernel Extract, Benzyl Alcohol, Benzyl Salicylate, Caprylyl Glycol, Ci77891, Citral, Copper Lysinate, Crocus Sativus Stigma Extract, Glyceryl Acrylate, Hexapeptide11, Hydrolyzed Sodium Hyaluronate, Lactic Acid, Limonene, Linalool, Lonicera Caprifolium Flower Extract, Lonicera Japonica Flower Extract, Methylglucoside Phosphate, Mica, Fragrance, Phenoxyethanol, Polyacrylate Crosspolymer6, Sodium Benzoate, Sodium Carboxymethyl BetaGlucan, Sodium Hyaluronate, Tamarindus Indica Seed Gum, Xanthan Gum",357,11113,1.01,0.0,https://www.sephora.com/product/golden-krocus-ageless-saffron-elixir-serum-P406773?icid2=products%20grid:p406773,1.01,97.02970297029701
Keep Young And Beautiful™ Instant Firming Beauty Shot,REN Clean Skincare,facial-treatments,62.0,"Sodium Hyaluronate, Hydroxypropyl Methylcellulose, Pullulan, Carbomer, Porphyridium Cruentum Extract, Rosa Damascena Flower Oil, Sodium Hydroxide, Phenoxyethanol, Sodium Hydroxymethylglycinate, Rosa Damascena Extract, Citronellol, Geraniol",226,13684,1.02,0.0,https://www.sephora.com/product/keep-young-beautiful-tm-instant-firming-beauty-shot-P391761?icid2=products%20grid:p391761,1.02,60.784313725490186
AGE Bright Spot Fader,Dermalogica,facial-treatments,45.0,"Sodium Hyaluronate, Hydroxypropyl Methylcellulose, Pullulan, Carbomer, Porphyridium Cruentum Extract, Rosa Damascena Flower Oil, Sodium Hydroxide, Phenoxyethanol, Sodium Hydroxymethylglycinate, Rosa Damascena Extract, Citronellol, Geraniol",74,3710,0.5,0.0,https://www.sephora.com/product/age-bright-spot-fader-P445831?icid2=products%20grid:p445831,0.5,90.0
Alpha Arbutin Brightening Serum,The INKEY List,facial-treatments,11.99,"Butylene Glycol, Propanediol, Glycerin, AlphaArbutin, DicaprylylCarbonate, Caprylic, Leuconostoc, Hyaluronic Acid, Phenoxyethanol, Hydroxyethyl Acrylate, Caprylyl Glycol, Squalane, Phospholipids, Glycine Soja Extract, Carbomer, Polysorbate 60, Disodium EDTA, Sodium Hydroxide, Glycolipids, Glycine Soja Sterol, Tetrapeptide 30",48,3131,1.0,0.0,https://www.sephora.com/product/alpha-arbutin-P448537?icid2=products%20grid:p448537,1.0,11.99
Magnesium Ascorbyl Phosphate 10%,The Ordinary,facial-treatments,9.6,"Butylene Glycol, Propanediol, Glycerin, AlphaArbutin, DicaprylylCarbonate, Caprylic, Leuconostoc, Hyaluronic Acid, Phenoxyethanol, Hydroxyethyl Acrylate, Caprylyl Glycol, Squalane, Phospholipids, Glycine Soja Extract, Carbomer, Polysorbate 60, Disodium EDTA, Sodium Hydroxide, Glycolipids, Glycine Soja Sterol, Tetrapeptide 30",19,8787,1.0,0.0,https://www.sephora.com/product/magnesium-ascorbyl-phosphate-10-P447599?icid2=products%20grid:p447599,1.0,9.6
35% Vitamin C Face Serum,SOBEL SKIN Rx,facial-treatments,105.0,"Purified Tetrahexyldecyl Ascorbate, Sodium Ascorbyl Phosphate, Magnesium Ascorbyl Phosphate, PEG8 Dimethicone, Glycerin, Chondrus Chrispus Extract, Sodium Hyaluronate, Phenoxyethanol, Ethylhexylglycerin, Hydroxyethylcellulose",185,282,1.0,0.0,https://www.sephora.com/product/sobel-skin-rx-35-vitamin-c-face-serum-P451746?icid2=products%20grid:p451746,1.0,105.0
OMG! Omega The Great Fish Oil Supplement,HUM Nutrition,facial-treatments,30.0,"Purified Tetrahexyldecyl Ascorbate, Sodium Ascorbyl Phosphate, Magnesium Ascorbyl Phosphate, PEG8 Dimethicone, Glycerin, Chondrus Chrispus Extract, Sodium Hyaluronate, Phenoxyethanol, Ethylhexylglycerin, Hydroxyethylcellulose",56,8658,0.0,0.0,https://www.sephora.com/product/omg-omega-great-supplements-P386760?icid2=products%20grid:p386760,1.3213098086124409,22.70474328159584
GENIUS Ultimate Anti-Aging Vitamin C+ Serum,Algenist,facial-treatments,118.0,"Glycerin, Butylene Glycol, 3OEthyl Ascorbic Acid, Polymethylsilsesquioxane, Sodium Citrate, Hydroxyethyl Acrylate, Niacinamide, Ethoxydiglycol, Algae Exopolysaccharides, Chlorella Protothecoides Oil, Vinyl Dimethicone, Citric Acid, Algae Extract, Peg12 Dimethicone, Palmitoyl Oligopeptide, Palmitoyl Tetrapeptide7, Caprylyl Glycol, Xanthan Gum, Vegetable Collagen, Ethylhexylglycerin, Hexylene Glycol, Disodium EDTA, Plantago Lanceolata Leaf Extract, Sorbitan Isostearate, Polysorbate 60, Sodium Lauroyl Lactylate, Carbomer, Polysorbate 20, Ceramide NP, Ceramide AP, Ceramide EOP, Phytosphingosine, Cholesterol, Leuconostoc, Phenoxyethanol, Fragrance, Coumarin",222,8734,1.0,0.0,https://www.sephora.com/product/genius-ultimate-anti-aging-vitamin-c-serum-P392945?icid2=products%20grid:p392945,1.0,118.0
Ultracalming Serum Concentrate,Dermalogica,facial-treatments,60.0,"Glycerin, Cyclopentasiloxane, Caprylic, Oenothera Biennis Oil, Dimethicone, Behenyl Alcohol, Butylene Glycol, Cetearyl Alcohol, Leuconostoc, Portulaca Oleracea Extract, Ophiopogon Japonicas Root Extract, Avena Sativa Kernel Extract, CocoGlucoside, Acetyl Tetrapeptide15, Pentylene Glycol, Hydroxyphenyl Propamidobenzoic Acid, Cetyl Ethylhexanoate, Bisabolol, Zingiber Officinale Root Extract, Boerhavia Diffusa Root Extract, Persea Gratissima Oil, Phytosterols, Helianthus Annuus Seed Extract, Decyl Glucoside, Salvia Officinalis Oil, Sodium Hyaluronate, Polysorbate 60, Limonene, Linalool",24,3406,1.3,0.0,https://www.sephora.com/product/ultracalming-serum-concentrate-P423125?icid2=products%20grid:p423125,1.3,46.153846153846146
Argan Smooth Skin Resurfacing Serum,Josie Maran,facial-treatments,70.0,"Argania Spinosa, Olely Lactate, Coconut Alkanes, CocoCaprylate, Octyldodecyl Pca, Glyceryl Oleate, Isostearyl Lactate, Brassica Capestris Seed Oil, Opuntia FicusIndica Flower Extract, Camelina Sativa Seed Oil, Isosorbide Disunflowerseedate",475,2455,0.85,0.0,https://www.sephora.com/product/argan-smooth-skin-resurfacing-serum-P446640?icid2=products%20grid:p446640,0.85,82.3529411764706
Repairwear Laser Focus ,CLINIQUE,facial-treatments,51.5,"Dimethicone, Butylene Glycol, Methyl Trimethicone, Vinyl Dimethicone, Polysorbate 20, BisPeg18 Methyl Ether Dimethyl Silane, Glycerin, Silica, Polymethylsilsesquioxane, Lauryl Peg9 Polydimethylsiloxyethyl Dimethicone, Methyl Gluceth20, Polysilicone11, Sigesbeckia Orientalis Extract, Salvia Sclarea Extract, Acetyl Glucosamine, Plankton Extract, Whey Protein\Lactis Protein\Protéine Du PetitLait, Sea Whip Extract, Arabidopsis Thaliana Extract, Caffeine, Acetyl Hexapeptide8, Glycine Soja Protein, Sodium Hyaluronate, Micrococcus Lysate, Palmitoyl Oligopeptide, Ergothioneine, Aminopropyl Ascorbyl Phosphate, Caprylyl Glycol, Ethylhexylglycerin, Tocopheryl Acetate, Cholesterol, Glyceryl Polymethacrylate, Sodium Hydroxide, Lecithin, Carbomer, Peg8, Xanthan Gum, Citric Acid, Disodium Edta, Phenoxyethanol",653,11333,0.0,1.0,https://www.sephora.com/product/repairwear-laser-focus-P268300?icid2=products%20grid:p268300,1.0,51.5
Elixir Vitae Serum Wrinkle Solution,Tata Harper,facial-treatments,450.0,"Dimethicone, Butylene Glycol, Methyl Trimethicone, Vinyl Dimethicone, Polysorbate 20, BisPeg18 Methyl Ether Dimethyl Silane, Glycerin, Silica, Polymethylsilsesquioxane, Lauryl Peg9 Polydimethylsiloxyethyl Dimethicone, Methyl Gluceth20, Polysilicone11, Sigesbeckia Orientalis Extract, Salvia Sclarea Extract, Acetyl Glucosamine, Plankton Extract, Whey Protein\Lactis Protein\Protéine Du PetitLait, Sea Whip Extract, Arabidopsis Thaliana Extract, Caffeine, Acetyl Hexapeptide8, Glycine Soja Protein, Sodium Hyaluronate, Micrococcus Lysate, Palmitoyl Oligopeptide, Ergothioneine, Aminopropyl Ascorbyl Phosphate, Caprylyl Glycol, Ethylhexylglycerin, Tocopheryl Acetate, Cholesterol, Glyceryl Polymethacrylate, Sodium Hydroxide, Lecithin, Carbomer, Peg8, Xanthan Gum, Citric Acid, Disodium Edta, Phenoxyethanol",4,546,1.0,0.0,https://www.sephora.com/product/elixir-vitae-serum-wrinkle-solution-P449166?icid2=products%20grid:p449166,1.0,450.0
FAB Skin Lab Retinol Serum 0.25% Pure Concentrate,First Aid Beauty,facial-treatments,58.0,"Aqua, Caprylic, Polysorbate 80, Butylene Glycol, Persea Gratissima Oil, Dimethicone, Glycerin, Retinol, Magnesium Ascorbyl Phosphate, Tocopherol, Ceramide NP, Hydrolyzed Hyaluronic Acid, Colloidal Oatmeal, Acetyl Hexapeptide8, Aloe Barbadensis Leaf Juice, Triolein, Allantoin, Phytosteryl Canola Glycerides, Oleic Acid, Palmitic Acid, Linoleic Acid, Maltodextrin, Glycine Soja Oil, Acrylates, Xanthan Gum, Lecithin, Polysorbate 20, Stearic Acid, Leuconostoc, Phenoxyethanol, Sodium Benzoate, Sodium Hydroxide, Citric Acid, Potassium Sorbate",91,12074,1.0,0.0,https://www.sephora.com/product/fab-skin-lab-retinol-serum-0-25-pure-concentrate-P416825?icid2=products%20grid:p416825,1.0,58.0
Ceramide Hydrating Night Treatment,The INKEY List,facial-treatments,14.99,"Butylene Glycol, Glycerin, Sodium Hyaluronate, Simmondsia Chinensis Seed Oil, Carbomer, Phenoxyethanol, Hydroxyethyl Acrylate, Benzyl Alcohol, Squalane, Sodium Lauroyl Lactylate, Sodium PCA, Sodium Hydroxide, Sodium Stearoyl Glutamate, Sodium Lactate, Arginine, Aspartic Acid, Ethylhexylglycerin, Sodium Gluconate, PCA, Polysorbate 60, Dehydroacetic Acid, Ceramide NP, Glycine, Alanine, Sorbitan Isostearate, Ceramide AP, Phytosphingosine, Serine, Cholesterol, Valine, Xanthan Gum, Isoleucine, Proline, Threonine, Histidine, Phenylalanine, Ceramide EOP",7,3542,1.0,0.0,https://www.sephora.com/product/ceramide-night-treatment-P450244?icid2=products%20grid:p450244,1.0,14.99
Blackhead Dissolving Gel,Proactiv,facial-treatments,35.0,"Dimethicone, Cyclopentasiloxane, Glycereth26, Glycerin, Cyclohexasiloxane, PEG80 Sorbitan Laurate, Dimethiconol, Polyacrylate13, Panthenol, Aloe Barbadensis Leaf Juice, Butyrospermum Parkii Butter, Camellia Sinensis Leaf Extract, Polyisobutene, Caprylyl Glycol, Ethylhexylglycerin, Hexylene Glycol, Bisabolol, Polysorbate 20, PPG26Buteth26, PEG40 Hydrogenated Castor Oil, Butyl Methoxydibenzoylmethane, Ethylhexyl Methoxycinnamate, Ethylhexyl Salicylate, Lactic Acid, Phenoxyethanol, Fragrance",82,5124,1.0,0.0,https://www.sephora.com/product/blackhead-dissolving-gel-P440059?icid2=products%20grid:p440059,1.0,35.0
30% Glycolic Acid Peel,SOBEL SKIN Rx,facial-treatments,46.0,"Dimethicone, Cyclopentasiloxane, Glycereth26, Glycerin, Cyclohexasiloxane, PEG80 Sorbitan Laurate, Dimethiconol, Polyacrylate13, Panthenol, Aloe Barbadensis Leaf Juice, Butyrospermum Parkii Butter, Camellia Sinensis Leaf Extract, Polyisobutene, Caprylyl Glycol, Ethylhexylglycerin, Hexylene Glycol, Bisabolol, Polysorbate 20, PPG26Buteth26, PEG40 Hydrogenated Castor Oil, Butyl Methoxydibenzoylmethane, Ethylhexyl Methoxycinnamate, Ethylhexyl Salicylate, Lactic Acid, Phenoxyethanol, Fragrance",1,545,4.4,0.0,https://www.sephora.com/product/sobel-skin-rx-30-glycolic-acid-peel-P451745?icid2=products%20grid:p451745,0.51,294.18
Bright Potion Probiotic Power Serum,Saturday Skin,facial-treatments,51.0,"Glycerin, Glycereth26, Butylene Glycol, PEG, Niacinamide, 12Hexanediol, PEG150, Dimethicone, Glyceryl Stearate, Hydrogenated Polydecene, Chondrus Crispus Extract, C1422 Alcohols, Phenoxyethanol, Zea Mays Starch, Saccharum Officinarum Extract, Tromethamine, Mannitol, Microcrystalline Cellulose, Polysorbate 20, Acrylates, Carbomer, Sucrose, Sodium Polyacrylate, Palmitic Acid, C1220 Alkyl Glucoside, Stearic Acid, Glyceryl Acrylate, Tocopheryl Acetate, Melia Azadirachta Flower Extract, Biosaccharide Gum1, Disodium EDTA, Melia Azadirachta Leaf Extract, Curcuma Longa Root Extract, Ocimum Sanctum Leaf Extract, Dextrin, Theobroma Cacao Seed Extract, Corallina Officinalis Extract, AlphaGlucan Oligosaccharide, Gossypium Herbaceum Extract, Polymnia Sonchifolia Root Juice, Hippophae Rhamnoides Fruit Extract, Hydrogenated Lecithin, Maltodextrin, Cholesterol, Lactobacillus Ferment, Lactococcus Ferment Lysate, PEG800, Bifida Ferment Lysate, Lactobacillus, Streptococcus Thermophilus Ferment, Gluconolactone, Sodium Benzoate, Caprylyl Glycol, Ethylhexylglycerin, Calcium Gluconate, shOligopeptide1, shPolypeptide1, shOligopeptide2, shPolypeptide22, shPolypeptide45, shPolypeptide8, shPolypeptide9",753,6716,1.0,0.0,https://www.sephora.com/product/bright-potion-probiotic-power-serum-P442962?icid2=products%20grid:p442962,1.0,51.0
Capture Youth Lift Sculptor Age-Delay Lifting Serum,Dior,facial-treatments,95.0,"Aqua, Glycerin, Pentylene Glycol, Sorbitol, Phenoxyethanol, Ppg26Buteth26, Algin, Peg40 Hydrogenated Castor Oil, Parfum, Ammonium Acryloyldimethyltaurate, Tetrasodium Edta, Polyvinyl Alcohol, Avena Sativa Kernel Extract, Sodium Citrate, Xanthan Gum, Citric Acid, Cellulose Gum, Adenosine, Sodium Dilauramidoglutamide Lysine, Sodium Tocopheryl Phosphate, Camellia Sinensis Leaf Extract, Maltodextrin, Iris Florentina Root Extract, Aspalathus Linearis Leaf Extract, Bht, Ci 19140, Ci 14700, Ci 42090, Tocopherol",4,0,1.0,0.0,https://www.sephora.com/product/capture-youth-lift-sculptor-age-delay-lifting-serum-P427734?icid2=products%20grid:p427734,1.0,95.0
Revitalixir™ Recovery Serum,Murad,facial-treatments,89.0,"Glycerin, Propanediol, Prunus Armeniaca Kernel Oil, Niacinamide, Pentylene Glycol, Caprylic, Alcohol Denat, 12Hexanediol, Cannabis Sativa Seed Oil, Sodium Hyaluronate, Acetyl Hexapeptide8, Caffeine, Plankton Extract, Tephrosia Purpurea Seed Extract, Sigesbeckia Orientalis Extract, Rosa Damascena Flower Extract, Spilanthes Acmella Flower Extract, Indigofera Tinctoria Leaf Extract, Helianthus Annuus Seed Oil, Tocopherol, Urea, Yeast Amino Acids, Trehalose, Inositol, Taurine, Betaine, Caprylyl Glycol, Hydroxyethylcellulose, Carrageenan, Algin, PEG, Xanthan Gum, Pentaerythrityl Tetraditbutyl Hydroxyhydrocinnamate, Hydroxyethylpiperazine Ethane Sulfonic Acid, Sodium Hydroxide, Sodium Lauryl Sulfate, Synthetic Fluorphlogopite, Phenoxyethanol, Mica, Tin Oxide, Iron Oxides, Titanium Dioxide, Fragrance, Linalool, Citronellol",285,5013,1.35,0.0,https://www.sephora.com/product/revitalixir-tm-recovery-serum-P434550?icid2=products%20grid:p434550,1.35,65.92592592592592
Acid Fix AHA BHA Treatment,Omorovicza,facial-treatments,125.0,"Hungarian Thermal Glycolic Acid, Glycerin, Propanediol, Yeast Extract, Salicylic Acid, Sodium Hyaluronate, Leuconostoc, Parfum, Lecithin, Sclerotium Gum, Pullulan, Xanthan Gum, Phospholipids, Microcitrus Australasica Fruit Extract, Lactic Acid, Sodium Hydroxide, Sodium Levulinate, Sodium Anisate, Limonene, Linalool, Geraniol, Benzyl Salicylate",27,5663,1.0,0.0,https://www.sephora.com/product/acid-fix-aha-bha-treatment-P429539?icid2=products%20grid:p429539,1.0,125.0
Dermaclear™ Micro Milk Peel,Dr. Jart+,facial-treatments,42.0,"Hydrogenated Polydecene, Caprylic, Squalane, Carthamus Tinctorius Seed Oil, 12Hexanediol, Glycerin, Cyclopentasiloxane, Steareth2, Butylene Glycol, Propanediol, Cyclohexasiloxane, Pyrus Malus Fruit Citrus Aurantium Bergamia Fruit Oil, Ethylhexylglycerin, Protease, Algin, Salicylic Acid, Polyglutamic Acid, Sodium Hyaluronate, Glutathione, Panthenol, Sea Salt, Propylene Glycol, Lactic Acid, Lactobionic Acid, Ascorbic Acid, Citric Acid, Cocos Nucifera Fruit Extract, Hibiscus Sabdariffa Flower Extract, Malic Acid, Tartaric Acid, Theanine, Crataegus Monogyna Flower Extract, Milk Lipids, Potassium Sorbate, Sodium Benzoate, Viola Tricolor Extract",25,4289,5.07,0.0,https://www.sephora.com/product/dermaclear-micro-milk-peel-P444218?icid2=products%20grid:p444218,5.07,8.284023668639053
"ProactivMD 3-Piece Kit, 30 Day Introductory Size",Proactiv,facial-treatments,35.0,"Isopropyl Lauroyl Sarcosinate, Glycerin, Dimethicone, Diisopropyl Sebacate, Polymethyl Methacrylate, Aluminum Starch Octenylsuccinate, Sucrose Tristearate, Silica, Pentylene Glycol, Polysorbate 61, Dimethiconol, Sodium Stearoyl Glutamate, Phenoxyethanol, Caprylyl Glycol, Tocopheryl Acetate, Glycyrrhetinic Acid, Panthenol, Triethanolamine, Allantoin, Carbomer, Potassium Sorbate, Zinc Gluconate, Xanthan Gum, Disodium Edta, Hydroxypalmitoyl Sphinganine",348,3470,0.0,0.0,https://www.sephora.com/product/proactivmd-3-piece-kit-30-day-introductory-size-P440657?icid2=products%20grid:p440657,1.3213098086124409,26.488867161861812
R45 The Reversal 3-Phase Retinol Booster System,BeautyBio,facial-treatments,150.0,"Glycerin, Butylene Glycol, Cyclopentasiloxane, Pentylene Glycol, Peg12 Dimethicone Crosspolymer, Dimethicone Crosspolymer, Dimethicone, Sodium Polyacrylate, Dimethicone, Peg, Dimethiconol, Sodium Hyaluronate, Camellia Sinensis Extract, Disodium Edta Copper, Myristoyl Pentapeptide 17, Hydroxyphenyl Propamidobenzoic Acid, Bisabolol, Zingiber Officinale Root Extract, Polysorbate 60, Caprylyl Glycol, Phenoxyethanol",20,2089,0.17,0.0,https://www.sephora.com/product/r45-reversal-3-phase-retinol-booster-system-P438639?icid2=products%20grid:p438639,0.17,882.3529411764705
Idealist Pore Minimizing Skin Refinisher,Estée Lauder,facial-treatments,92.0,"Glycerin, Butylene Glycol, Cyclopentasiloxane, Pentylene Glycol, Peg12 Dimethicone Crosspolymer, Dimethicone Crosspolymer, Dimethicone, Sodium Polyacrylate, Dimethicone, Peg, Dimethiconol, Sodium Hyaluronate, Camellia Sinensis Extract, Disodium Edta Copper, Myristoyl Pentapeptide 17, Hydroxyphenyl Propamidobenzoic Acid, Bisabolol, Zingiber Officinale Root Extract, Polysorbate 60, Caprylyl Glycol, Phenoxyethanol",74,9370,0.0,1.7,https://www.sephora.com/product/idealist-pore-minimizing-skin-refinisher-P379998?icid2=products%20grid:p379998,1.7,54.11764705882353
Youth Revolution Vitamin C Radiance Concentrator,AMOREPACIFIC,facial-treatments,250.0,"Glycerin, Butylene Glycol, Cyclopentasiloxane, Pentylene Glycol, Peg12 Dimethicone Crosspolymer, Dimethicone Crosspolymer, Dimethicone, Sodium Polyacrylate, Dimethicone, Peg, Dimethiconol, Sodium Hyaluronate, Camellia Sinensis Extract, Disodium Edta Copper, Myristoyl Pentapeptide 17, Hydroxyphenyl Propamidobenzoic Acid, Bisabolol, Zingiber Officinale Root Extract, Polysorbate 60, Caprylyl Glycol, Phenoxyethanol",77,2121,1.0,0.0,https://www.sephora.com/product/youth-revolution-radiance-concentrator-P441061?icid2=products%20grid:p441061,1.0,250.0
DermalQuench Liquid Lift™ + Retinol Advanced Resurfacing Treatment,Kate Somerville,facial-treatments,98.0,"Glycerin, Butylene Glycol, Cyclopentasiloxane, Pentylene Glycol, Peg12 Dimethicone Crosspolymer, Dimethicone Crosspolymer, Dimethicone, Sodium Polyacrylate, Dimethicone, Peg, Dimethiconol, Sodium Hyaluronate, Camellia Sinensis Extract, Disodium Edta Copper, Myristoyl Pentapeptide 17, Hydroxyphenyl Propamidobenzoic Acid, Bisabolol, Zingiber Officinale Root Extract, Polysorbate 60, Caprylyl Glycol, Phenoxyethanol",65,6984,2.5,0.0,https://www.sephora.com/product/dermalquench-liquid-lift-retinol-advanced-resurfacing-treatment-P404232?icid2=products%20grid:p404232,2.5,39.2
Correct+™ Dark Spot Corrector,Skinfix,facial-treatments,60.0,"Glycerin, Butylene Glycol, Cyclopentasiloxane, Pentylene Glycol, Peg12 Dimethicone Crosspolymer, Dimethicone Crosspolymer, Dimethicone, Sodium Polyacrylate, Dimethicone, Peg, Dimethiconol, Sodium Hyaluronate, Camellia Sinensis Extract, Disodium Edta Copper, Myristoyl Pentapeptide 17, Hydroxyphenyl Propamidobenzoic Acid, Bisabolol, Zingiber Officinale Root Extract, Polysorbate 60, Caprylyl Glycol, Phenoxyethanol",97,4746,1.0,0.0,https://www.sephora.com/product/correct-dark-spot-corrector-P449165?icid2=products%20grid:p449165,1.0,60.0
Dr. Andrew Weil For Origins™ Mega-Mushroom Relief & Resilience Advanced Face Serum,Origins,facial-treatments,57.0,"Glycerin, Butylene Glycol, Cyclopentasiloxane, Pentylene Glycol, Peg12 Dimethicone Crosspolymer, Dimethicone Crosspolymer, Dimethicone, Sodium Polyacrylate, Dimethicone, Peg, Dimethiconol, Sodium Hyaluronate, Camellia Sinensis Extract, Disodium Edta Copper, Myristoyl Pentapeptide 17, Hydroxyphenyl Propamidobenzoic Acid, Bisabolol, Zingiber Officinale Root Extract, Polysorbate 60, Caprylyl Glycol, Phenoxyethanol",77,5251,1.0,0.0,https://www.sephora.com/product/dr-andrew-weil-for-origins-tm-mega-mushroom-relief-resilience-advanced-face-serum-P429245?icid2=products%20grid:p429245,1.0,57.0
Big Chill™ Stress Management Supplement,HUM Nutrition,facial-treatments,20.0,"Glycerin, Butylene Glycol, Cyclopentasiloxane, Pentylene Glycol, Peg12 Dimethicone Crosspolymer, Dimethicone Crosspolymer, Dimethicone, Sodium Polyacrylate, Dimethicone, Peg, Dimethiconol, Sodium Hyaluronate, Camellia Sinensis Extract, Disodium Edta Copper, Myristoyl Pentapeptide 17, Hydroxyphenyl Propamidobenzoic Acid, Bisabolol, Zingiber Officinale Root Extract, Polysorbate 60, Caprylyl Glycol, Phenoxyethanol",59,12293,0.0,0.0,https://www.sephora.com/product/big-chill-supplements-P388982?icid2=products%20grid:p388982,1.3213098086124409,15.136495521063893
Hydra-Essentiel Bi-Phase Serum,Clarins,facial-treatments,60.0,"Glycerin, Isohexadecane, Isononyl Isononanoate, Hydrogenated Polyisobutene, Butylene Glycol, Silybum Marianum Seed Oil, Caprylic, Xylitylglucoside, Sodium Chloride, Anhydroxylitol, Fragrance, Phenoxyethanol, Ethylhexylglycerin, Alcohol, Pentylene Glycol, Xanthan Gum, Xylitol, Atractyloides Lancea Root Extract, Disodium Edta, Caprylyl, Glucose, Butyl Methoxydibenzoylmethane, Kalanchoe Pinnata Leaf Extract, Ribes Nigrum Bud Extract, Maltodextrin, Orthosiphon Stamineus Extract, Citric Acid, Sodium Benzoate, Tris Citrate, Potassium Sorbate, Ci 61565, Ci 42090, Callicarpa Japonica Fruit Extract, Ci 60730, Violet 2, Tocopherol, Ascorbic Acid, ",35,5043,1.0,0.0,https://www.sephora.com/product/hydra-essentiel-bi-phase-serum-P415625?icid2=products%20grid:p415625,1.0,60.0
Focuspot™ Dark Spot Micro Tip Patch,Dr. Jart+,facial-treatments,18.0,"Sodium Hyaluronate, Trehalose, Clitoria Ternatea Flower Extract, Ascorbyl Glucoside, Niacinamide, Maltodextrin, Adenosine",111,0,0.0,0.0,https://www.sephora.com/product/focuspot-dark-spot-micro-tip-patch-P442854?icid2=products%20grid:p442854,1.3213098086124409,13.622845968957506
Abeille Royale Daily Repair Serum,Guerlain,facial-treatments,155.0,"Sodium Hyaluronate, Trehalose, Clitoria Ternatea Flower Extract, Ascorbyl Glucoside, Niacinamide, Maltodextrin, Adenosine",21,6518,1.0,0.0,https://www.sephora.com/product/abeille-royale-daily-repair-serum-P397052?icid2=products%20grid:p397052,1.0,155.0
Serum Discovery Set,Dr. Barbara Sturm,facial-treatments,325.0,"Methylsilanol Mannuronate, Glycerin, Methylpropanediol, Lactobacillus, Silica, Butylene Glycol, Dimethylimidazolidinone Rice Starch, Panthenol, Phenoxyethanol, Sodium Potassium Aluminum Silicate, Acrylates, Alcohol, Allantoin, Ethylhexylglycerin, Lecithin, Xanthan Gum, Panax Ginseng Root Extract, Sodium Hydroxide, Disodium Edta, Sodium Hyaluronate, Alteromonas Ferment Extract, Leuconostoc, Pantolactone, Lepidium Sativum Sprout Extract, Soy Isoflavones, Sorbic Acid, Citric Acid, Iron Oxides, Titanium Dioxide",7,2810,0.0,0.0,https://www.sephora.com/product/dr-barbara-sturm-serum-discovery-set-P447786?icid2=products%20grid:p447786,1.3213098086124409,245.96805221728823
Kakadu C™ Intensive Vitamin C Peel Pads with Ferulic Acid & Vitamin E,DERMAdoctor,facial-treatments,78.0,"Methylsilanol Mannuronate, Glycerin, Methylpropanediol, Lactobacillus, Silica, Butylene Glycol, Dimethylimidazolidinone Rice Starch, Panthenol, Phenoxyethanol, Sodium Potassium Aluminum Silicate, Acrylates, Alcohol, Allantoin, Ethylhexylglycerin, Lecithin, Xanthan Gum, Panax Ginseng Root Extract, Sodium Hydroxide, Disodium Edta, Sodium Hyaluronate, Alteromonas Ferment Extract, Leuconostoc, Pantolactone, Lepidium Sativum Sprout Extract, Soy Isoflavones, Sorbic Acid, Citric Acid, Iron Oxides, Titanium Dioxide",45,6630,1.8,0.0,https://www.sephora.com/product/kakadu-c-intensive-vitamin-c-peel-pads-with-ferulic-acid-vitamin-e-P408600?icid2=products%20grid:p408600,1.8,43.33333333333334
Apple Cider Vinegar Resurfacing Peel Pads,Volition Beauty,facial-treatments,64.0,"Methylsilanol Mannuronate, Glycerin, Methylpropanediol, Lactobacillus, Silica, Butylene Glycol, Dimethylimidazolidinone Rice Starch, Panthenol, Phenoxyethanol, Sodium Potassium Aluminum Silicate, Acrylates, Alcohol, Allantoin, Ethylhexylglycerin, Lecithin, Xanthan Gum, Panax Ginseng Root Extract, Sodium Hydroxide, Disodium Edta, Sodium Hyaluronate, Alteromonas Ferment Extract, Leuconostoc, Pantolactone, Lepidium Sativum Sprout Extract, Soy Isoflavones, Sorbic Acid, Citric Acid, Iron Oxides, Titanium Dioxide",190,5794,0.0,0.0,https://www.sephora.com/product/apple-cider-vinegar-resurfacing-peel-pads-P440316?icid2=products%20grid:p440316,1.3213098086124409,48.43678566740446
Orchidée Impériale The Cream,Guerlain,facial-treatments,460.0,"Methylsilanol Mannuronate, Glycerin, Methylpropanediol, Lactobacillus, Silica, Butylene Glycol, Dimethylimidazolidinone Rice Starch, Panthenol, Phenoxyethanol, Sodium Potassium Aluminum Silicate, Acrylates, Alcohol, Allantoin, Ethylhexylglycerin, Lecithin, Xanthan Gum, Panax Ginseng Root Extract, Sodium Hydroxide, Disodium Edta, Sodium Hyaluronate, Alteromonas Ferment Extract, Leuconostoc, Pantolactone, Lepidium Sativum Sprout Extract, Soy Isoflavones, Sorbic Acid, Citric Acid, Iron Oxides, Titanium Dioxide",8,2168,1.6,0.0,https://www.sephora.com/product/ochidee-imperiale-cream-P416226?icid2=products%20grid:p416226,1.6,287.5
No:Rinse DMAE Firming Pads,Perricone MD,facial-treatments,80.0,"Dimethyl MEA, Citric Acid, Pentylene Glycol, Fragrance, Phenoxyethanol, Ceteareth20, Cetearyl Alcohol, Glyceryl Stearate, Ceteareth12, Cetearyl Isononanoate, Cetyl Palmitate, Sodium PCA, Menthone Glycerin Acetal, Allantoin, Disodium EDTA, Ethylhexylglycerin, Linalool, Citronellol, Geraniol, Limonene, Citral, Phosphatidylcholine, Zinc Gluconate, Magnesium Aspartate, Copper Gluconate",183,1891,0.0,0.0,https://www.sephora.com/product/dmae-firming-pads-P399649?icid2=products%20grid:p399649,1.3213098086124409,60.54598208425557
Acne Solutions Acne + Line Correcting Serum,CLINIQUE,facial-treatments,44.5,"Dimethicone, Butylene Glycol, Vinyl Dimethicone, Methyl Trimethicone, Polysorbate 20, BisPeg18 Methyl Ether Dimethyl Silane, Lauryl Peg9 Polydimethylsiloxyethyl Dimethicone, Glycerin, Methyl Gluceth20, Polysilicone11, Oenothera Biennis Flower Extract, Glycine Soja Seed Extract, Sigesbeckia Orientalis Extract, Salvia Sclarea Extract, Plankton Extract, Laminaria Saccharina Extract, Acetyl Hexapeptide8, Acetyl Glucosamine, Caffeine, Glycine Soja Protein, Aminopropyl Ascorbyl Phosphate, Cholesterol, Caprylyl Glycol, Micrococcus Lysate, Palmitoyl Hexapeptide12, Lecithin, Whey Protein, Sodium Hyaluronate, Tocopheryl Acetate, Peg8, Sodium Hydroxide, Ammonium Acryloyldimethyltaurate, Xanthan Gum, Carbomer, Glyceryl Polymethacrylate, Sodium Benzoate, Sodium Citrate, Disodium Edta, Phenoxyethanol",108,7553,1.0,0.0,https://www.sephora.com/product/acne-solutions-acne-line-correcting-serum-P407040?icid2=products%20grid:p407040,1.0,44.5
Pure Shots Night Reboot Resurfacing Serum,Yves Saint Laurent,facial-treatments,88.0,"Dimethicone, Butylene Glycol, Vinyl Dimethicone, Methyl Trimethicone, Polysorbate 20, BisPeg18 Methyl Ether Dimethyl Silane, Lauryl Peg9 Polydimethylsiloxyethyl Dimethicone, Glycerin, Methyl Gluceth20, Polysilicone11, Oenothera Biennis Flower Extract, Glycine Soja Seed Extract, Sigesbeckia Orientalis Extract, Salvia Sclarea Extract, Plankton Extract, Laminaria Saccharina Extract, Acetyl Hexapeptide8, Acetyl Glucosamine, Caffeine, Glycine Soja Protein, Aminopropyl Ascorbyl Phosphate, Cholesterol, Caprylyl Glycol, Micrococcus Lysate, Palmitoyl Hexapeptide12, Lecithin, Whey Protein, Sodium Hyaluronate, Tocopheryl Acetate, Peg8, Sodium Hydroxide, Ammonium Acryloyldimethyltaurate, Xanthan Gum, Carbomer, Glyceryl Polymethacrylate, Sodium Benzoate, Sodium Citrate, Disodium Edta, Phenoxyethanol",235,630,1.0,0.0,https://www.sephora.com/product/yves-saint-laurent-pure-shots-night-reboot-resurfacing-serum-P454076?icid2=products%20grid:p454076,1.0,88.0
Quench Hydrating Face Serum,Kate Somerville,facial-treatments,75.0,"Cyclopentasiloxane, Dimethicone, Dimethiconol, Ethylhexyl Stearate, Cyclomethicone, Phenyl Trimethicone, Ethylhexyl Cocoate, Caprylic, Retinol, Sodium Ascorbate, Tocopherol, Lecithin, Glycolipids, Sodium Hyaluronate, Caprylyl Glycol",246,5163,0.0,1.0,https://www.sephora.com/product/quench-hydrating-face-serum-P232922?icid2=products%20grid:p232922,1.0,75.0
Flash Hydro-Boost Instant Plumping Emulsion,REN Clean Skincare,facial-treatments,48.0,Fragrance,136,8350,1.3,0.0,https://www.sephora.com/product/flash-hydro-boost-instant-plumping-emulsion-P411208?icid2=products%20grid:p411208,1.3,36.92307692307692
AA (Alguronic Acid) Barrier Serum,Algenist,facial-treatments,85.0,"Water, Butylene Glycol, PEG8 Dimethicone, Propanediol, Caprylyl Methicone, Dimethicone, Parachlorella Beijerinckii Exopolysaccharides, Phloretin, Ergothioneine, Copper Palmitoyl Heptapeptide14, Heptapeptide15 Palmitate, Epigallocatechin Gallate, Tocopheryl Acetate, Aspartic Acid, PCA, Disodium EDTA, Alanine, Serine, Valine, Isoleucine, Proline, Threonine, Lactic Acid, Polyvinyl Alcohol, Histidine, Phenylalanine, Arginine, Ascorbic Acid, Octyldodecanol, Pyridoxine HCl, Retinyl Palmitate, Silica, Sodium Propoxyhydroxypropyl Thiosulfate Silica, Glycerin, Hydroxyethyl Acrylate, Ammonium Acryloyldimethyltaurate, Pentylene Glycol, Isohexadecane, Adenosine Triphosphate, Hydrolyzed Oat Protein, Niacinamide, Citric Acid, Polysorbate 60, Sorbitan Isostearate, Sodium PCA, Sodium Phytate, Sodium Lactate, Sodium Benzoate, Potassium Sorbate, Phenoxyethanol",72,2255,1.0,0.0,https://www.sephora.com/product/aa-barrier-serum-P447504?icid2=products%20grid:p447504,1.0,85.0
MOISTURE BOUND Rejuvenating Serum,AMOREPACIFIC,facial-treatments,100.0,"Phyllostachis Bambusoides Juice, Alcohol, Glycerin, Propanediol, Butylene Glycol, Squalane, Peg, Cyclopentasiloxane, Camellia Sinensis Leaf ExtractPentaerythrityl Tetraethylhexanoate, Dimethicone, Niacinamide, Acetyl Glucosamine, Betaine, Opuntia Coccinellifera Fruit Extract, Glycine Soja Seed Extract, Nelumbo NuciferFlower Extract, Hydrolyzed Phyllostachis Bambusoides, Hydrolyzed Camellia Sinensis Leaf, Theanine, Epigallocatechin Gallate, Kaempferol, Camellia Sinensis Flower Extract, Natto GumCaffeine, BetaGlucan, Sodium Hyaluronate, Cyclohexasiloxane, Methyl Gluceth20, Pca Dimethicone, Polymethylsilsesquioxane, Tocopherol, Phytantriol, C1216 Alcohols, BisPeg1Methyl Ether Dimethyl Silane, Hydroxypropyl Starch Phosphate, Stearyl Behenate, Dimethiconol, Hydroxyethyl Acrylate, Polysorbate 20, Carbomer, Palmitic Acid, Hydrogenated Lecithin, Acrylates, Limnanthes Alba Seed Oil, Polyglyceryl3 Methylglucose Distearate, Mannan, Peg15 Pentaerythrityl Tetra, Poloxamer 407, Ammonium Acryloyldimethyltaurate, Tromethamine, Disodium Edta, Ethylhexylglycerin, Phenoxyethanol, Fragrance",98,4919,1.7,0.0,https://www.sephora.com/product/moisture-bound-rejuvenating-serum-P282614?icid2=products%20grid:p282614,1.7,58.82352941176471
REVEAL Concentrated Color Correcting Drops,Algenist,facial-treatments,38.0,"Dimethicone, Mica, Nylon12, PEG10 Dimethicone, Talc, Titanium Dioxide, Glycerin, Acrylates, Cetyl PEG, Algae Exopolysaccharides, Chlorella Protothecoides Oil, Dunaliella Salina Extract, Haematococcus Pluvialis Extract, Undaria Pinnatifida Extract, HDI, Isododecane, Magnesium Sulfate, Silica, Methicone, Hydrogen Dimethicone, Triethoxycaprylylsilane, Disteardimonium Hectorite, Propylene Carbonate, Caprylic, PEG8 Distearmonium Chloride PGDimethicone, Aluminum Hydroxide, Sodium Chloride, Hexylene Glycol, Pongamia Glabra Seed Oil, Ethylhexylglycerin, Sodium Dehydroacetate, Benzoic Acid, Dehydroacetic Acid, Phenoxyethanol, Chromium Oxide Greens, Iron Oxides, Titanium Oxide",268,14444,0.5,0.0,https://www.sephora.com/product/reveal-concentrated-color-correcting-drops-P406531?icid2=products%20grid:p406531,0.5,76.0
Abeille Royale Double R Serum,Guerlain,facial-treatments,215.0,"Glycerin, Alcohol, Propanediol, Butylene Glycol, Honey, Isotridecyl Isononanoate, Caprylic, Squalane, Royal Jelly, Decyloxazolidinone, Lauroyl Lysine, Polyacrylate Crosspolymer6, Peg8, Pentylene Glycol, Diglycerin, Phenoxyethanol, Fragrance, Glycolic Acid, Dimethicone, Steareth2, Steareth21, Sodium Hydroxide, Avena Sativa Kernel Extract, Carbomer, Ppg26Buteth26, Lactic Acid, Sodium Magnesium Silicate, Citric Acid, Xanthan Gum, Sodium Hyaluronate, Tetrasodium Edta, Peg40 Hydrogenated Castor Oil, Albizia Julibrissin Bark Extract, Sodium Benzoate, Hydrolyzed Soy Flour, Adenosine, Rosmarinus Officinalis Leaf Extract, Caramel, Biosaccharide Gum2, Limonene, Benzyl Salicylate, Ophiopogon Japonicus Root Extract, Geraniol, Malva Sylvestris Extract, Hydroxycitronellal, AlphaIsomethyl Ionone, Citronellol, Linalool, Citral, Bht, Ci 19140, Ci 14700, Tocopherol",3,3157,1.6,0.0,https://www.sephora.com/product/abeille-royale-double-r-renew-repair-serum-P442731?icid2=products%20grid:p442731,1.6,134.375
Vitamin B Serum,Alpha-H,facial-treatments,70.0,"Glycerin, Niacinamide, Methyl Gluceth20, Salvia Hispanica Seed Extract, Sodium Pca, Panthenol, Phenoxyethanol, Ferulic Acid, Hyaluronic Acid, Polyacrylate Crosspolymer6, Wheat Amino Acids, Caprylyl Glycol, Sodium Hyaluronate, Disodium Edta, Citric Acid, Lactobacillus Ferment, Copper Tripeptide1, Hydroxyproline, Ci 42090",5,1163,0.85,0.0,https://www.sephora.com/product/vitamin-b-P442539?icid2=products%20grid:p442539,0.85,82.3529411764706
Limited-Edition Black Tea Age-Delay Firming Serum,Fresh,facial-treatments,160.0,"Glycerin, Niacinamide, Methyl Gluceth20, Salvia Hispanica Seed Extract, Sodium Pca, Panthenol, Phenoxyethanol, Ferulic Acid, Hyaluronic Acid, Polyacrylate Crosspolymer6, Wheat Amino Acids, Caprylyl Glycol, Sodium Hyaluronate, Disodium Edta, Citric Acid, Lactobacillus Ferment, Copper Tripeptide1, Hydroxyproline, Ci 42090",0,782,3.3,0.0,https://www.sephora.com/product/fresh-limited-edition-black-tea-age-delay-firming-serum-P454780?icid2=products%20grid:p454780,3.3,48.48484848484848
Help Me,philosophy,facial-treatments,49.0,"Caprylic, Emulsfying Wax, Glycerin, C1030 Cholesterol, Cetyl Ricinoleate, Cetyl Alcohol, Dimethicone, Benzyl Alcohol, Cyclomethicone, Retinol, Tocopherol Acetate, Ascorbyl Palmitate, Methyl Methacrylate, Stearic Acid, Peg10 Soy Sterol, Phenoxyethanol, Magnesium Aluminum Silicate, Methylparaben, Triethanolamine, Disodium Edta, Bisabolol, Bht, Polysorbate 20, Propyl Gallate, Ascorbic Acid",1000,20902,1.05,0.0,https://www.sephora.com/product/help-me-P4647?icid2=products%20grid:p4647,1.05,46.66666666666666
Advanced Génifique Sensitive Antioxidant Serum,Lancôme,facial-treatments,80.0,"Aqua, Glycerin, Propanediol, Betaine, Ananas Sativus Fruit Extract, TButyl Alcohol, Lactobacillus Ferment, Tocopherol, Sodium Citrate, Sodium Hyaluronate, Madecassoside, Sodium Benzoate, Hydrolyzed Wheat Protein, Sodium Dehydroacetate, Sodium Succinate, Phenoxyethanol, Faex Extract, Adenosine, Caffeine, Ppg6Decyltetradeceth30, Peg32, Arginine, Chlorphenesin, Ammonium Polyacryloyldimethyl Taurate, Xanthan Gum, Pentylene Glycol, Leontopodium Alpinum Extract, Caprylyl Glycol, Papain, Disodium Edta, Citric Acid, Potassium Sorbate, Methionine, Glycine, Parfum",32,6832,0.67,0.0,https://www.sephora.com/product/advanced-genifique-sensitive-antioxidant-serum-P421477?icid2=products%20grid:p421477,0.67,119.40298507462687
Rapid Collagen Infusion,Murad,facial-treatments,78.0,"Isodecyl Neopentanoate, Polymethylsilsesquioxane, Glycerin, Pentylene Glycol, Neopentyl Glycol Diethylhexanoate, Cetyl Ethylhexanoate, Stearic Acid, Cetearyl Olivate, Dimethicone, Sorbitan Olivate, Butylene Glycol, Honey, Urea, Yeast Amino Acids, Trehalose, Inositol, Taurine, Betaine, Caprylic, Alaria Esculenta Extract, Palmitoyl Tripeptide5, Codium Tomentosum Extract, Hydrogenated Olive Oil, Olive Fruit Oil, Olive Oil Unsaponifiables, Sodium Hyaluronate, Collagen Amino Acids, Watermelon Fruit Extract, Apple Fruit Extract, Lentil Fruit Extract, Tocopheryl Acetate, Sodium PCA, Sodium Lactate, Zinc Gluconate, Ascorbic Acid, Chitosan, Propyl Gallate, Polysorbate 20, Acrylates, Aminomethyl Propanol, Trisodium Ethylenediamine Disuccinate, Disodium EDTA, Phenoxyethanol, Caprylyl Glycol, Chlorphenesin, Linalool, Anthemis Nobilis Flower Extract, Anthemis Nobilis Flower Oil, Lavender Oil",98,6273,1.0,0.0,https://www.sephora.com/product/rapid-collagen-infusion-P377178?icid2=products%20grid:p377178,1.0,78.0
Capture Youth Redness Soother Age-Delay Anti-Redness Soothing Serum,Dior,facial-treatments,95.0,"Aqua, Glycerin, Cetearyl Isononanoate, Dimethicone, Butylene Glycol, Phenyl Trimethicone, Methyl Gluceth20, Synthetic Fluorphlogopite, Jojoba Esters, Caprylyl Methicone, Polymethylsilsesquioxane, Phenoxyethanol, Steareth21, Parfum, Steareth2, Caprylyl Glycol, Xanthan Gum, Bisabolol, Tocopheryl Acetate, Ci 77891, Acrylates, Gossypium Hirsutum Extract, Carbomer, Adenosine, Sodium Hydroxide, Sodium Dilauramidoglutamide Lysine, Sodium Hyaluronate, Sodium Tocopheryl Phosphate, Iris Florentina Root Extract, Bht, Tin Oxide, Tocopherol, Ci 19140, Ci 42090",15,0,1.0,0.0,https://www.sephora.com/product/capture-youth-redness-soother-age-delay-anti-redness-soothing-serum-P427730?icid2=products%20grid:p427730,1.0,95.0
ClearCalm Non-Drying Acne Treatment Gel,REN Clean Skincare,facial-treatments,20.0,"Aqua, Glycerin, Cetearyl Isononanoate, Dimethicone, Butylene Glycol, Phenyl Trimethicone, Methyl Gluceth20, Synthetic Fluorphlogopite, Jojoba Esters, Caprylyl Methicone, Polymethylsilsesquioxane, Phenoxyethanol, Steareth21, Parfum, Steareth2, Caprylyl Glycol, Xanthan Gum, Bisabolol, Tocopheryl Acetate, Ci 77891, Acrylates, Gossypium Hirsutum Extract, Carbomer, Adenosine, Sodium Hydroxide, Sodium Dilauramidoglutamide Lysine, Sodium Hyaluronate, Sodium Tocopheryl Phosphate, Iris Florentina Root Extract, Bht, Tin Oxide, Tocopherol, Ci 19140, Ci 42090",104,4770,0.5,0.0,https://www.sephora.com/product/clearcalm-non-drying-acne-treatment-gel-P448707?icid2=products%20grid:p448707,0.5,40.0
Night Fix Enzyme Treatment,Murad,facial-treatments,70.0,"Dimethicone, Glycerin, Propanediol, Niacinamide, Polymethylsilsesquioxane, Hydroxyethyl Acrylate, Isononyl Isononanoate, Chlorella Vulgaris Extract, Haematococcus Pluvialis Extract, Glutamylamidoethyl Imidazole, Cucumis Sativus Fruit Extract, Hordeum Vulgare Extract, Helianthus Annus Seed Extract, Tocopheryl Acetate, Sodium Hyaluronate, Butyrospermum Parkii Butter, Urea, Yeast Amino Acids, Trehalose, Inositol, Taurine, Betaine, Sorbic Acid, Lecithin, Mannitol, Polysilicone11, Ethylhexyl Isononanoate, PEG7 Trimethylolpropane Coconut Ether, Polyglyceryl10 Dioleate, Polyglyceryl10 Dipalmitate, Propylene Glycol Dicaprate, Hexylene Glycol, Butylene Glycol, Caprylyl Glycol, Decyl Glucoside, Polyisobutene, Disodium EDTA, Ethylhexylglycerin, Phenoxyethanol, Fragrance, Benzyl Salicylate, Citronellol, Limonene, Geraniol, Hexyl Cinnamal, Linalool, Mica, Tin Oxide, Titanium Dioxide",337,6914,1.0,0.0,https://www.sephora.com/product/night-fix-enzyme-treatment-P439054?icid2=products%20grid:p439054,1.0,70.0
Calming Serum,Dr. Barbara Sturm,facial-treatments,250.0,"Water Prunus Amygdalus Dulcis Oil, Dicaprylyl Carbonate, Glycerin, Octyldodecanol, Lactobacillus, Cetearyl Alcohol, Glyceryl Stearate, Echium Plantagineum Seed Oil, Helianthus Annuus Seed Oil Unsaponifiables, Biosaccharide Gum1, Leuconostoc, Cardiospermum Halicacabum Flower, Panthenol, Phenoxyethanol, Sodium Lauroyl Glutamate, Stearic Acid, Dimethicone, Carbomer, Ethylhexylglycerin, Sodium Hydroxide, Pantolactone, Tocopherol, Citric Acid",6,945,1.0,0.0,https://www.sephora.com/product/dr-barbara-sturm-calming-serum-P447788?icid2=products%20grid:p447788,1.0,250.0
Wild Rose Spotless Serum 15% Vitamin C,KORRES,facial-treatments,75.0,"Caprylic, Ascorbyl Tetraisopalmitate, Rosa Canina Fruit Oil, Glycerin, Squalane, Ethylhexyl Methoxycinnamate, Tocopheryl Acetate, Bisabolol, Butyl Methoxydibenzoylmethane, Citronellol, Ethylhexyl Salicylate, Ethylhexylglycerin, Geraniol, Helianthus Annuus Seed Oil, Hydrolyzed Algae Extract, Lactic Acid, Lonicera Caprifolium Flower Extract, Lonicera Japonica Flower Extract, Melia Azadirachta Extract, Moringa Pterygosperma Seed Oil, Pancratium Maritimum Extract, Panthenol, Potassium Sorbate, Rosa Damascena Flower Oil, Rosmarinus Officinalis Extract, Sodium Benzoate, Sodium Chloride, Tocopherol, Zingiber Officinale Root Extract",110,12073,1.01,0.0,https://www.sephora.com/product/wild-rose-15-vitamin-c-spotless-serum-P432055?icid2=products%20grid:p432055,1.01,74.25742574257426
Concentrated Reconstructing Serum,Algenist,facial-treatments,98.0,"Dimethicone, Isononyl Isononanoate, Pentylene Glycol, Glycerin, Saccharum Officinarum Extract, Caprylic, Butylene Glycol, Glyceryl Stearate, Hydroxyphenoxy Propionic Acid, PEG100 Stearate, Niacinamide, Algae Exopolysaccharides, Tetrapeptide21, BetaGlucan, Algae Extract, Camellia Sinensis Leaf Extract, Citrus Aurantium Dulcis Fruit Extract, Citrus Medica Limonum Fruit Extract, Pyrus Malus Fruit Extract, Malus Domestica Fruit Cell Culture Extract, Inula Crithmoide Extract, Bambusa Vulgaris Leaf, Glucosamine HCL, Pisum Sativum Extract, Ergothioneine, Cetearyl Alcohol, Lecithin, Sorbitol, Xanthan Gum, Ethylhexylglycerin, Caprylyl Glycol, Ceteareth20, Sclerotium Gum, Propanediol, Sodium Hydroxide, Hexylene Glycol, Sodium Benzoate, Disodium EDTA, 12Hexanediol, Benzoic Acid, Potassium Sorbate, Citral, Fragrance, Phenoxyethanol",299,5287,1.0,0.0,https://www.sephora.com/product/concentrated-reconstructing-serum-P282934?icid2=products%20grid:p282934,1.0,98.0
PRO Strength Exfoliating Super Peel,Peter Thomas Roth,facial-treatments,88.0,"Phytic Acid, Sodium Hydroxide, Glycolic Acid, Sodium PCA, Ethylhexylglycerin, Salicylic Acid, Propanediol, Potassium Sorbate",103,4431,1.7,0.0,https://www.sephora.com/product/pro-strength-exfoliating-super-peel-P448718?icid2=products%20grid:p448718,1.7,51.764705882352935
Kakadu C ™ Serum,DERMAdoctor,facial-treatments,95.0,"Phytic Acid, Sodium Hydroxide, Glycolic Acid, Sodium PCA, Ethylhexylglycerin, Salicylic Acid, Propanediol, Potassium Sorbate",65,4295,1.0,0.0,https://www.sephora.com/product/kakadu-c-serum-P393238?icid2=products%20grid:p393238,1.0,95.0
Super Aqua-Serum,Guerlain,facial-treatments,180.0,"Phytic Acid, Sodium Hydroxide, Glycolic Acid, Sodium PCA, Ethylhexylglycerin, Salicylic Acid, Propanediol, Potassium Sorbate",25,1370,1.6,0.0,https://www.sephora.com/product/super-aqua-serum-P213200?icid2=products%20grid:p213200,1.6,112.5
Dr. Andrew Weil For Origins™ Mega-Bright Dark Spot Correcting Serum,Origins,facial-treatments,80.0,"Dimethicone, Isododecane, Cyclopentasiloxane, Polysilicone11, Butylene Glycol, Ascorbyl Glucoside, Peg10 Dimethicone, Citrus Aurantium Dulcis Peel Oil, Pelargonium Graveolens Oil, Cananga Odorata Flower Oil, Eugenia Caryophyllus Bud Oil, Rosa Damascena Flower Oil, Jasminum Officinale Oil, Viola Odorata Flower, Polianthes Tuberosa Extract, Citronellol, Geraniol, Benzyl Benzoate, Eugenol, Peg6, Rosa Roxburghii Fruit Extract, Paeonia Albiflora Root Extract, Gentiana Lutea Root Extract, Hordeum Vulgare Extract, Triticum Vulgare Germ Extract, Hydrolyzed Rice Bran Extract, Algae Extract, Salicylic Acid, Cholesterol, Glycerin, Solanum Lycopersicum Fruit, Molasses Extract, Squalane, Hydroxyethyl Acrylate, Polysorbate 20, Hordeum Distichon Extract, Polygonum Cuspidatum Root Extract, Laminaria Digitata Extract, Tocopheryl Acetate, Caprylyl Glycol, Sodium Hyaluronate, Tetrahexyldecyl Ascorbate, Dipotassium Glycyrrhizate, DiC1218 Alkyl Dimonium Chloride, Tromethamine, Polysorbate 60, Ammonium Acryloyldimethyltaurate, Glycyrrhetinic Acid, Sodium Hydroxide, Hexylene Glycol, Silica, Phenoxyethanol, Titanium Dioxide, Mica Essential Oil",32,3967,0.0,1.7,https://www.sephora.com/product/dr-andrew-weil-for-origins-mega-bright-dark-spot-correcting-serum-P408237?icid2=products%20grid:p408237,1.7,47.058823529411775
Rapid Resurfacing Peel,Murad,facial-treatments,46.0,"Alcohol Denat, Glycerin, Glycolic Acid, Sodium Hydroxide, Linoleic Acid, Punica Granatum Extract, Dipotassium Glycyrrhizate, Ascorbic Acid, Chitosan, Propyl Gallate, Lecithin, PEG40 Hydrogenated Castor Oil, Butylene Glycol, Hydroxyethylcellulose, Disodium EDTA",60,10108,0.0,0.0,https://www.sephora.com/product/rapid-resurfacing-peel-P413063?icid2=products%20grid:p413063,1.3213098086124409,34.81393969844695
Cold Plasma+ Advanced Serum Concentrate,Perricone MD,facial-treatments,149.0,"Glycerin, Isopropyl Palmitate, Cetearyl Alcohol, Glyceryl Stearate, PEG100 Stearate, Butylene Glycol, Phosphatidylcholine, Tetrahexyldecyl Ascorbate, Dimethyl MEA, Acetyl Hexapeptide8, Palmitoyl Tripeptide1, Palmitoyl Tetrapeptide3, Tyrosine, Glycolic Acid, Helianthus Annuus Seed Oil, Magnesium Aspartate, Zinc Gluconate, Rosmarinus O_cinalis Leaf Extract, Copper Gluconate, Sodium Hyaluronate, Retinyl Palmitate, Echium Plantagineum Seed Oil, Hydrolyzed Myrtus Communis Leaf Extract, Copper Tripeptide1, Dimethicone, Disodium EDTA, Carbomer, Ceteareth20, Cyclopentasiloxane, Caprylyl Glycol, Cetearyl Alcohol, Cyclohexasiloxane, Polysorbate 20, Zea Mays Oil, Phenoxyethanol, Sorbic Acid",1000,3595,0.0,1.0,https://www.sephora.com/product/cold-plasma-face-P426830?icid2=products%20grid:p426830,1.0,149.0
Blemish Bully Acne Spot Treatment,tarte,facial-treatments,16.0,"SD Alcohol 40B, Butylene Glycol, Niacinamide, Carbomer, Octadecenedioic Acid, Phenoxyethanol, Aminomethyl Propanol, Azelaic Acid, Caffeine, Sodium Ascorbyl Phosphate, Glycerin, Hamamelis Virginiana Extract, Eugenia Caryophyllus Leaf Oil, Eugenol, Cucumis Sativus Fruit Extract, Origanum Vulgare Leaf Oil",93,10026,0.33,0.0,https://www.sephora.com/product/blemish-bully-acne-spot-treatment-P428006?icid2=products%20grid:p428006,0.33,48.48484848484848
Blackhead Clearing Fizz Mask,Dermalogica,facial-treatments,21.0,"SD Alcohol 40B, Butylene Glycol, Niacinamide, Carbomer, Octadecenedioic Acid, Phenoxyethanol, Aminomethyl Propanol, Azelaic Acid, Caffeine, Sodium Ascorbyl Phosphate, Glycerin, Hamamelis Virginiana Extract, Eugenia Caryophyllus Leaf Oil, Eugenol, Cucumis Sativus Fruit Extract, Origanum Vulgare Leaf Oil",308,2947,1.7,0.0,https://www.sephora.com/product/blackhead-clearing-fizz-mask-P443363?icid2=products%20grid:p443363,1.7,12.352941176470587
Intensive-C® Radiance Peel ,Murad,facial-treatments,59.0,"SD Alcohol 40B, Butylene Glycol, Niacinamide, Carbomer, Octadecenedioic Acid, Phenoxyethanol, Aminomethyl Propanol, Azelaic Acid, Caffeine, Sodium Ascorbyl Phosphate, Glycerin, Hamamelis Virginiana Extract, Eugenia Caryophyllus Leaf Oil, Eugenol, Cucumis Sativus Fruit Extract, Origanum Vulgare Leaf Oil",179,16102,0.0,1.7,https://www.sephora.com/product/intensive-c-radiance-peel-P308300?icid2=products%20grid:p308300,1.7,34.70588235294117
Future Solution LX Intensive Firming Contour Serum,Shiseido,facial-treatments,306.0,"Dimethicone, Dipropylene Glycol, Glycerin, BisPeg18 Methyl Ether Dimethyl Silane, Peg75, Diphenylsiloxy Phenyl Trimethicone, BisDiglyceryl Polyacyladipate2, Piperidinepropionic Acid, Trimethylsiloxysilicate, Polysilicone11, Polysorbate 20, Peg10 Dimethicone, Pentaerythrityl Tetraethylhexanoate, Phenoxyethanol, Sodium Acrylate, Peg60 Glyceryl Isostearate, Butylene Glycol, Isostearic Acid, Isohexadecane, Sodium Citrate, Succinoglycan, Acrylates, Tocopheryl Acetate, Sodium Hyaluronate, Fragrance, Polysorbate 80, Potassium Hydroxide, Lauryl Betaine, Bht, 2OEthyl Ascorbic Acid, Xanthan Gum, Citric Acid, Sodium Metabisulfite, Disodium Edta, Sorbitan Oleate, Sodium Metaphosphate, Alcohol, Linalool, Glycyrrhiza Glabra Root Extract, Butylphenyl Methylpropional, Limonene, Iron Oxides, AlphaIsomethyl Ionone, Prunus Speciosa Leaf Extract, Citronellol, Geraniol, Benzyl Benzoate, Angelica Acutiloba Root Extract, Rubus Suavissimus Leaf Extract, Isodonis Japonicus Leaf, Iron Oxides, Hibiscus Esculentus Fruit Extract, Camellia Sinensis Leaf Extract, Tocopherol, Sodium Benzoate",4,871,1.6,0.0,https://www.sephora.com/product/future-solution-lx-intensive-firming-contour-serum-P423166?icid2=products%20grid:p423166,1.6,191.25
Blue Herbal Spot Treatment,Kiehl's Since 1851,facial-treatments,20.0,"Alcohol Denat, Glycerin, Butylene Glycol, Methyl Methacrylate Crosspolymer, Ammonium Polyacryloyldimethyl Taurate, Perlite, Nylon12, Dipropylene Glycol, Xanthan Gum, Peumus Boldus Leaf Extract, Boswellia Serrata Extract, Hamamelis Virginiana  TButyl Alcohol, Camphor, Menthol, Zingiber Officinale Root Extract, Sanguisorba Officinalis Root Extract, Cinnamomum Cassia Bark Extract, Phenoxyethanol, Cinnamal, Laminaria Saccharina Extract, Zinc Sulfate, Pyridoxine HCL, Sodium Hydroxide, Citric Acid",58,9422,0.5,0.0,https://www.sephora.com/product/blue-herbal-spot-treatment-P422018?icid2=products%20grid:p422018,0.5,40.0
Time In A Bottle 100% In-Control,philosophy,facial-treatments,76.0,"Alcohol Denat, Glycerin, Butylene Glycol, Methyl Methacrylate Crosspolymer, Ammonium Polyacryloyldimethyl Taurate, Perlite, Nylon12, Dipropylene Glycol, Xanthan Gum, Peumus Boldus Leaf Extract, Boswellia Serrata Extract, Hamamelis Virginiana  TButyl Alcohol, Camphor, Menthol, Zingiber Officinale Root Extract, Sanguisorba Officinalis Root Extract, Cinnamomum Cassia Bark Extract, Phenoxyethanol, Cinnamal, Laminaria Saccharina Extract, Zinc Sulfate, Pyridoxine HCL, Sodium Hydroxide, Citric Acid",49,3236,1.3,0.0,https://www.sephora.com/product/time-in-bottle-100-in-control-P416400?icid2=products%20grid:p416400,1.3,58.46153846153846
Perfectionist Pro Rapid Firm + Lift Treatment,Estée Lauder,facial-treatments,78.0,"Dimethicone, Butylene Glycol, Caprylic, Glycerin, BisPeg18 Methyl Ether Dimethyl Silane, Polysorbate 20, Lauryl Peg9 Polydimethylsiloxyethyl Dimethicone, Polysilicone11, Mangifera Indica Seed Butter, Phoenix Dactylifera Fruit Extract, Pisum Sativum Extract, Cucumis Sativus Fruit Extract, Crithmum Maritimum Extract, Laminaria Ochroleuca Extract, Commiphora Mukul Resin Extract, Triticum Vulgare Germ Extract, Bambusa Vulgaris Extract, Chlorella Vulgaris Extract, Laminaria Saccharina Extract, Brassica Campestris Sterols, Helianthus Annuus Seed Extract, Algae Extract, Hypnea Musciformis Extract, Sigesbeckia Orientalis Extract, Nymphaea Alba Flower Extract, Acetyl Glucosamine, Caffeine, Gellidiella Acerosa Extract, Coffea Arabica Seed Extract, Sodium Hyaluronate, Lactic Acid, Propylene Glycol Dicaprate, Saccharide Isomerate, Methyl Gluceth20, Ethylhexylglycerin, Acrylamide, Helianthus Annuus Seedcake, Caprylyl Glycol, Isohexadecane, Tocopheryl Acetate, Acrylates, Glyceryl Polymethacrylate, Sodium Polyacrylate Starch, Squalane, Sodium Pca, Urea, Zea Mays Kernel Extract, Whey Protein, Palmaria Palmata Extract, Polysorbate 80, Acetyl Hexapeptide8, Triolein, Hydrolyzed Rice Extract, Linoleic Acid, Trehalose, Glycine Soja Protein, Glucosamine Hcl, Phospholipids, Laminaria Digitata Extract, Hordeum Vulgare Extract, Polyquaternium51, Palmitoyl Hexapeptide12, Ergothioneine, Aminopropyl Ascorbyl Phosphate, Peg8, Phytosteryl Canola Glycerides, Pentylene Glycol, Oleic Acid, Palmitic Acid, Xanthan Gum, Fragrance, Sodium Hydroxide, Citric Acid, Silica, Calcium Chloride, Stearic Acid, Dipropylene Glycol, Sodium Palmitoyl Proline, Disodium Edta, Bht, Potassium Sorbate, Phenoxyethanol, Mica, Titanium Dioxide, Iron Oxides",10,3209,1.0,0.0,https://www.sephora.com/product/perfectionist-pro-rapif-firm-lift-treatment-P427513?icid2=products%20grid:p427513,1.0,78.0
Capture Youth Intense Rescue Age-Delay Revitalizing Oil-Serum,Dior,facial-treatments,95.0,"Dimethicone, Butylene Glycol, Caprylic, Glycerin, BisPeg18 Methyl Ether Dimethyl Silane, Polysorbate 20, Lauryl Peg9 Polydimethylsiloxyethyl Dimethicone, Polysilicone11, Mangifera Indica Seed Butter, Phoenix Dactylifera Fruit Extract, Pisum Sativum Extract, Cucumis Sativus Fruit Extract, Crithmum Maritimum Extract, Laminaria Ochroleuca Extract, Commiphora Mukul Resin Extract, Triticum Vulgare Germ Extract, Bambusa Vulgaris Extract, Chlorella Vulgaris Extract, Laminaria Saccharina Extract, Brassica Campestris Sterols, Helianthus Annuus Seed Extract, Algae Extract, Hypnea Musciformis Extract, Sigesbeckia Orientalis Extract, Nymphaea Alba Flower Extract, Acetyl Glucosamine, Caffeine, Gellidiella Acerosa Extract, Coffea Arabica Seed Extract, Sodium Hyaluronate, Lactic Acid, Propylene Glycol Dicaprate, Saccharide Isomerate, Methyl Gluceth20, Ethylhexylglycerin, Acrylamide, Helianthus Annuus Seedcake, Caprylyl Glycol, Isohexadecane, Tocopheryl Acetate, Acrylates, Glyceryl Polymethacrylate, Sodium Polyacrylate Starch, Squalane, Sodium Pca, Urea, Zea Mays Kernel Extract, Whey Protein, Palmaria Palmata Extract, Polysorbate 80, Acetyl Hexapeptide8, Triolein, Hydrolyzed Rice Extract, Linoleic Acid, Trehalose, Glycine Soja Protein, Glucosamine Hcl, Phospholipids, Laminaria Digitata Extract, Hordeum Vulgare Extract, Polyquaternium51, Palmitoyl Hexapeptide12, Ergothioneine, Aminopropyl Ascorbyl Phosphate, Peg8, Phytosteryl Canola Glycerides, Pentylene Glycol, Oleic Acid, Palmitic Acid, Xanthan Gum, Fragrance, Sodium Hydroxide, Citric Acid, Silica, Calcium Chloride, Stearic Acid, Dipropylene Glycol, Sodium Palmitoyl Proline, Disodium Edta, Bht, Potassium Sorbate, Phenoxyethanol, Mica, Titanium Dioxide, Iron Oxides",3,0,1.0,0.0,https://www.sephora.com/product/capture-youth-intense-rescue-age-delay-revitalizing-oil-serum-P440922?icid2=products%20grid:p440922,1.0,95.0
Orchidée Impériale The Gel Cream,Guerlain,facial-treatments,335.0,"Dimethicone, Butylene Glycol, Caprylic, Glycerin, BisPeg18 Methyl Ether Dimethyl Silane, Polysorbate 20, Lauryl Peg9 Polydimethylsiloxyethyl Dimethicone, Polysilicone11, Mangifera Indica Seed Butter, Phoenix Dactylifera Fruit Extract, Pisum Sativum Extract, Cucumis Sativus Fruit Extract, Crithmum Maritimum Extract, Laminaria Ochroleuca Extract, Commiphora Mukul Resin Extract, Triticum Vulgare Germ Extract, Bambusa Vulgaris Extract, Chlorella Vulgaris Extract, Laminaria Saccharina Extract, Brassica Campestris Sterols, Helianthus Annuus Seed Extract, Algae Extract, Hypnea Musciformis Extract, Sigesbeckia Orientalis Extract, Nymphaea Alba Flower Extract, Acetyl Glucosamine, Caffeine, Gellidiella Acerosa Extract, Coffea Arabica Seed Extract, Sodium Hyaluronate, Lactic Acid, Propylene Glycol Dicaprate, Saccharide Isomerate, Methyl Gluceth20, Ethylhexylglycerin, Acrylamide, Helianthus Annuus Seedcake, Caprylyl Glycol, Isohexadecane, Tocopheryl Acetate, Acrylates, Glyceryl Polymethacrylate, Sodium Polyacrylate Starch, Squalane, Sodium Pca, Urea, Zea Mays Kernel Extract, Whey Protein, Palmaria Palmata Extract, Polysorbate 80, Acetyl Hexapeptide8, Triolein, Hydrolyzed Rice Extract, Linoleic Acid, Trehalose, Glycine Soja Protein, Glucosamine Hcl, Phospholipids, Laminaria Digitata Extract, Hordeum Vulgare Extract, Polyquaternium51, Palmitoyl Hexapeptide12, Ergothioneine, Aminopropyl Ascorbyl Phosphate, Peg8, Phytosteryl Canola Glycerides, Pentylene Glycol, Oleic Acid, Palmitic Acid, Xanthan Gum, Fragrance, Sodium Hydroxide, Citric Acid, Silica, Calcium Chloride, Stearic Acid, Dipropylene Glycol, Sodium Palmitoyl Proline, Disodium Edta, Bht, Potassium Sorbate, Phenoxyethanol, Mica, Titanium Dioxide, Iron Oxides",1,667,1.0,0.0,https://www.sephora.com/product/orchidee-imperiale-gel-cream-P421259?icid2=products%20grid:p421259,1.0,335.0
3-in-1 Extractor,SEPHORA COLLECTION,facial-treatments,23.0,"Dimethicone, Butylene Glycol, Caprylic, Glycerin, BisPeg18 Methyl Ether Dimethyl Silane, Polysorbate 20, Lauryl Peg9 Polydimethylsiloxyethyl Dimethicone, Polysilicone11, Mangifera Indica Seed Butter, Phoenix Dactylifera Fruit Extract, Pisum Sativum Extract, Cucumis Sativus Fruit Extract, Crithmum Maritimum Extract, Laminaria Ochroleuca Extract, Commiphora Mukul Resin Extract, Triticum Vulgare Germ Extract, Bambusa Vulgaris Extract, Chlorella Vulgaris Extract, Laminaria Saccharina Extract, Brassica Campestris Sterols, Helianthus Annuus Seed Extract, Algae Extract, Hypnea Musciformis Extract, Sigesbeckia Orientalis Extract, Nymphaea Alba Flower Extract, Acetyl Glucosamine, Caffeine, Gellidiella Acerosa Extract, Coffea Arabica Seed Extract, Sodium Hyaluronate, Lactic Acid, Propylene Glycol Dicaprate, Saccharide Isomerate, Methyl Gluceth20, Ethylhexylglycerin, Acrylamide, Helianthus Annuus Seedcake, Caprylyl Glycol, Isohexadecane, Tocopheryl Acetate, Acrylates, Glyceryl Polymethacrylate, Sodium Polyacrylate Starch, Squalane, Sodium Pca, Urea, Zea Mays Kernel Extract, Whey Protein, Palmaria Palmata Extract, Polysorbate 80, Acetyl Hexapeptide8, Triolein, Hydrolyzed Rice Extract, Linoleic Acid, Trehalose, Glycine Soja Protein, Glucosamine Hcl, Phospholipids, Laminaria Digitata Extract, Hordeum Vulgare Extract, Polyquaternium51, Palmitoyl Hexapeptide12, Ergothioneine, Aminopropyl Ascorbyl Phosphate, Peg8, Phytosteryl Canola Glycerides, Pentylene Glycol, Oleic Acid, Palmitic Acid, Xanthan Gum, Fragrance, Sodium Hydroxide, Citric Acid, Silica, Calcium Chloride, Stearic Acid, Dipropylene Glycol, Sodium Palmitoyl Proline, Disodium Edta, Bht, Potassium Sorbate, Phenoxyethanol, Mica, Titanium Dioxide, Iron Oxides",494,14637,0.0,0.0,https://www.sephora.com/product/3-in-1-extractor-P231607?icid2=products%20grid:p231607,1.3213098086124409,17.406969849223476
Clarifying Serum,Dr. Barbara Sturm,facial-treatments,250.0,"Water, Propanediol, Lactobacillus, Zinc PCA, Phenoxyethanol, Xanthan Gum, Disodium EDTA, Ethylhexylglycerin, Albatrellus Ovinus Extract, Sodium Hyaluronate, Hexylene Glycol, Polygonum Bistorta Root Extract, Sodium Hydroxide, Leuconostoc, Citric Acid, Caprylyl Glycol",6,856,1.0,0.0,https://www.sephora.com/product/dr-barbara-sturm-clarifying-serum-P448557?icid2=products%20grid:p448557,1.0,250.0
High Potency Growth Factor Firming & Lifting Serum,Perricone MD,facial-treatments,129.0,"Butylene Glycol, Heptyl Undecylenate, Lecithin, Alcohol Denat, Polymethyl Methacrylate, Niacinamide, Pentaerythrityl Adipate, Phosphatidylcholine, Ascorbyl Palmitate, Hydrolyzed Egg Shell Membrane, Tricaprylin, Retinol, Tocopherol, BHT, Hydroxyethyl Acrylate, Dipropylene Glycol, Acrylates, Cetearyl Alcohol, Stearic Acid, Caprylyl Glycol, Glyceryl Stearate, PEG100 Stearate, Spermidine, Sodium Polyacrylate, Phenoxyethanol, Fragrance, Limonene, Linalool, Hydroxycitronellal, Citronellol, Benzyl Alcohol, Geraniol",258,392,2.0,0.0,https://www.sephora.com/product/high-potency-growth-factor-firming-lifting-serum-P452005?icid2=products%20grid:p452005,2.0,64.5
Deep Sea Collagen Elixir Serum Plump and Refine,Edible Beauty,facial-treatments,43.0,"Glycerin, Undaria pinnatifida, Acacia Senegal, Litchi Chinensis, Panicum Miliaceum Seed, Ulva Lactuca, Portulaca Oleracea Extract, pAnisic acid, Glyceryl Caprylate",17,2481,1.0,0.0,https://www.sephora.com/product/deep-sea-collagen-elixir-serum-plump-refine-P443543?icid2=products%20grid:p443543,1.0,43.0
Clear Skin Days by Sephora Collection Brightening Peel Pads,SEPHORA COLLECTION,facial-treatments,12.0,"Propylene Glycol, Glycolic Acid, Sodium Hydroxide, Salicylic Acid, Phenoxyethanol, Niacinamide, Ethylhexylglycerin, Sodium Gluconate",37,3937,0.0,0.0,https://www.sephora.com/product/clear-skin-days-by-sephora-collection-brightening-peel-pads-P448488?icid2=products%20grid:p448488,1.3213098086124409,9.081897312638336
Double-Ended Blemish Extractor,SEPHORA COLLECTION,facial-treatments,18.0,"Propylene Glycol, Glycolic Acid, Sodium Hydroxide, Salicylic Acid, Phenoxyethanol, Niacinamide, Ethylhexylglycerin, Sodium Gluconate",509,12637,0.0,0.0,https://www.sephora.com/product/double-ended-blemish-extractor-P0417?icid2=products%20grid:p0417,1.3213098086124409,13.622845968957506
+Retinol Vita C Power Serum,Kate Somerville,facial-treatments,98.0,"Dimethicone, Propanediol, Polysilicone11, Polysorbate 20, Isocetyl Stearate, Volcanic Soil, Glyceryl Stearate, Isohexadecane, PEG100 Stearate, Fragrance, Retinol, Ascorbic Acid, Tocopheryl Acetate, Hyaluronic Acid, Physalis Angulata Extract, Sodium Hyaluronate, Tocopherol, Hexapeptide2, Ethylhexylglycerin, Amylopectin, PEG7 Trimethylolpropane Coconut Ether, Adenosine, Hydroxyethyl Acrylate, 12Hexanediol, Butylene Glycol, Ammonium Polyacryloyldimethyl Taurate, Caprylic, Polyisobutene, Sorbitan Isostearate, Stearic Acid, Polysorbate 80, Dimethiconol, Caprylhydroxamic Acid, BHA, BHT, Disodium EDTA",91,5022,1.0,0.0,https://www.sephora.com/product/retinol-vita-c-power-serum-P436365?icid2=products%20grid:p436365,1.0,98.0
Youth Creator- Age Knockdown Bomb,belif,facial-treatments,65.0,"Aqua, Glycerin, Dipropylene Glycol, PEG, Glyceryl Polymethacrylate, Dimethicone, 12Hexanediol, PEG150, Methyl Trimethicone, Panthenol, Phenyl Trimethicone, Propylene Glycol, Avena Sativa Kernel Extract, Calendula Officinalis Flower Extract, Nepeta Cataria Extract, Rubus Idaeus Leaf Extract, Baptisia Tinctoria Root Extract, Stellaria Media Extract, Euphrasia Officinalis Extract, Glycyrrhiza Glabra Root Extract, Achillea Millefolium Flower Extroct, Aesculus Hippocastanum Leaf Extract, Rhodiola Rosea Root Extract, Vaccinium Myrtillus Fruit Extract, Equisetum Arvense Leaf Extract, Chrysanthemum Indicum Flower Extract, Centella Asiatica Leaf Extract, Butylene Glycol, Cedrol, Adenosine, Serine, Hydrogenated Lecithin, Ceramide NP, Glyceryl Stearate, Glycereth20, BetaGlucan, Biosaccharide GumI, Caprylic, Squalane, Butyrospermum Parkii Butter, PEGIO Rapeseed Sterol, Stearic Acid Tromethamine, Mica, Titanium Dioxide, Iron Oxides, Cyclopentasiloxane, Dimethiconol, Phytostery1, Acrylates, Arachidyl Alcohol, Behenyl Alcohol, Arachidyl Glucoside, Xanthan Gum, Polymethylsilsesquioxane, Ethylhexylglycerin, Cetearyl Alcohol, Trisodium EDTA, Algin, PEG60 Hydrogenated Castor Oil, Carbomer, Sodium Polyacrylate, Cholesterol, Citrus Aurantium Dulcis Peel Oil, Citrus Aurantifolia Oil, Rosmarinus Officinalis Leaf Oil, Pelargonium Graveolens Flower Oil, Citral, Citronellol, Limonene, Geraniol, Linalool",301,3803,1.68,0.0,https://www.sephora.com/product/youth-creator-age-knockdown-bomb-P449596?icid2=products%20grid:p449596,1.68,38.69047619047619
Original Skin™ Renewal Serum with Willowherb,Origins,facial-treatments,41.0,"Aqua, Glycerin, Dipropylene Glycol, PEG, Glyceryl Polymethacrylate, Dimethicone, 12Hexanediol, PEG150, Methyl Trimethicone, Panthenol, Phenyl Trimethicone, Propylene Glycol, Avena Sativa Kernel Extract, Calendula Officinalis Flower Extract, Nepeta Cataria Extract, Rubus Idaeus Leaf Extract, Baptisia Tinctoria Root Extract, Stellaria Media Extract, Euphrasia Officinalis Extract, Glycyrrhiza Glabra Root Extract, Achillea Millefolium Flower Extroct, Aesculus Hippocastanum Leaf Extract, Rhodiola Rosea Root Extract, Vaccinium Myrtillus Fruit Extract, Equisetum Arvense Leaf Extract, Chrysanthemum Indicum Flower Extract, Centella Asiatica Leaf Extract, Butylene Glycol, Cedrol, Adenosine, Serine, Hydrogenated Lecithin, Ceramide NP, Glyceryl Stearate, Glycereth20, BetaGlucan, Biosaccharide GumI, Caprylic, Squalane, Butyrospermum Parkii Butter, PEGIO Rapeseed Sterol, Stearic Acid Tromethamine, Mica, Titanium Dioxide, Iron Oxides, Cyclopentasiloxane, Dimethiconol, Phytostery1, Acrylates, Arachidyl Alcohol, Behenyl Alcohol, Arachidyl Glucoside, Xanthan Gum, Polymethylsilsesquioxane, Ethylhexylglycerin, Cetearyl Alcohol, Trisodium EDTA, Algin, PEG60 Hydrogenated Castor Oil, Carbomer, Sodium Polyacrylate, Cholesterol, Citrus Aurantium Dulcis Peel Oil, Citrus Aurantifolia Oil, Rosmarinus Officinalis Leaf Oil, Pelargonium Graveolens Flower Oil, Citral, Citronellol, Limonene, Geraniol, Linalool",769,20561,0.0,1.0,https://www.sephora.com/product/original-skin-renewal-serum-with-willowherb-P392523?icid2=products%20grid:p392523,1.0,41.0
"Black Pine 3D Sculpting, Firming and Lifting Face Serum",KORRES,facial-treatments,75.0,"Pentylene Glycol, Sinorhizobium Meliloti Ferment Filtrate, Saccharomyces, Glycerin, Ascorbyl Palmitate, Avena Sativa Kernel Extract, Benzyl Alcohol, Brassica Napus Extract, Butylene Glycol, Cetyl Hydroxyethylcellulose, Epigallocatechin Gallate, Epigallocatechin Gallatyl Glucoside, Ethylhexylglycerin, Glyceryl Acrylate, Helianthus Annuus Seed Oil, Hexapeptide11, Hydrolyzed Sodium Hyaluronate, Hydrolyzed Soybean Fiber, Hydroxyethylcellulose, Lactic Acid, Lecithin, Parfum, Peucedanum Graveolens Extract, Phenoxyethanol, Pinus Nigra Bud, Polyacrylate Crosspolymer6, Polyglyceryl5 Laurate, Potassium Sorbate, Sodium Benzoate, Sodium Carboxymethyl BetaGlucan, Sodium Dehydroacetate, Sodium Hyaluronate, Tetrasodium Glutamate Diacetate, Tocopherol, Xanthan Gum",35,3660,1.01,0.0,https://www.sephora.com/product/black-pine-3d-sculpting-firming-lifting-face-serum-P418870?icid2=products%20grid:p418870,1.01,74.25742574257426
Ultimate Revival Serum,SK-II,facial-treatments,325.0,"Galactomyces Ferment Filtrate, Butylene Glycol, Glycerin, Pentylene Glycol, Sodium Hyaluronate, Hexapeptide3, Polyglyceryl10 Myristate, Pentaerythrityl Tetraethylhexanoate, Dipotassium Glycyrrhizate, Xanthan Gum, Diphenyl Dimethicone, Sodium Hydroxide, Sodium Benzoate, Methylparaben, Disodium EDTA Pitera",1,578,1.6,0.0,https://www.sephora.com/product/ultimate-revival-serum-P428104?icid2=products%20grid:p428104,1.6,203.125
Hepta-Peptide Anti-Aging Serum,The INKEY List,facial-treatments,14.99,"Polysilicone11, Hydrogenated Polydecene, Hydrogenated Polyisobutene, Polymethylsilsesquioxane, Phenoxyethanol, Sodium Caproyl Prolinate, Laureth12, Benzyl Alcohol, Carbomer, Hydroxyethyl Acrylate, Squalane, Ethylhexylglycerin, Carnosine, Sodium Hydroxide, Glycerin, Trisodium Ethylenediamine Disuccinate, Polysorbate 60, Dehydroacetic Acid, Citric Acid, Heptapeptide7, Lecithin, Potassium Sorbate, Propanediol, Sodium Benzoate, Xanthan Gum, Sorbitan Isostearate",68,4379,1.0,0.0,https://www.sephora.com/product/hepta-peptide-serum-P443831?icid2=products%20grid:p443831,1.0,14.99
Line Smoother Oil-Free Moisturizer,Jack Black,facial-treatments,32.0,"Polysilicone11, Hydrogenated Polydecene, Hydrogenated Polyisobutene, Polymethylsilsesquioxane, Phenoxyethanol, Sodium Caproyl Prolinate, Laureth12, Benzyl Alcohol, Carbomer, Hydroxyethyl Acrylate, Squalane, Ethylhexylglycerin, Carnosine, Sodium Hydroxide, Glycerin, Trisodium Ethylenediamine Disuccinate, Polysorbate 60, Dehydroacetic Acid, Citric Acid, Heptapeptide7, Lecithin, Potassium Sorbate, Propanediol, Sodium Benzoate, Xanthan Gum, Sorbitan Isostearate",40,2665,3.3,0.0,https://www.sephora.com/product/line-smoother-oil-free-face-moisturizer-P12574?icid2=products%20grid:p12574,3.3,9.696969696969695
Dual Phase Vitamin C-Peel,Erno Laszlo,facial-treatments,108.0,"Linoleamidopropyl PGDimonium Chloride Phosphate, Polyquaternium10, Hydroxyethylcellulose, Sodium Ascorbyl Phosphate, Polysorbate 20, PEG40 Hydrogenated Castor Oil, Trideceth9, Sodium Hydroxide, Disodium EDTA, Lactic Acid, Fragrance, Potassium Sorbate, Phenoxyethanol, Sodium Dehydroacetate, Limonene",1000,5476,0.0,0.0,https://www.sephora.com/product/white-marble-dual-phase-vitamin-c-peel-P423667?icid2=products%20grid:p423667,1.3213098086124409,81.73707581374501
Vitamin C Ester Brightening Amine Face Lift,Perricone MD,facial-treatments,99.0,"LTyrosine, Dimethyl MEA, Ascorbyl Tetraisopalmitate, Tetrahexyldecyl Ascorbate, Isopropyl Palmitate, Glycolic Acid, Ascorbyl Palmitate, Cetearyl Alcohol, Hydroxylated Lecithin, Glyceryl Stearate, PEG100 Stearate, Benzyl Alcohol, Ceteareth20, Rhodiola Rosea Root Extract, Camellia Oleifera Leaf Extract, Pinus Pinaster Bark Extract, Elaeis Guineensis Oil, Magnesium Aspartate, Zinc Gluconate, Pyridoxine HCl, Pantethine, Tocotrienols, Dimethicone, Resveratrol, Disodium EDTA, Tocopherol, Sodium Hyaluronate, Copper Gluconate, Parfum, Astaxanthin",368,4056,2.0,0.0,https://www.sephora.com/product/high-potency-amine-complex-face-lift-P243237?icid2=products%20grid:p243237,2.0,49.5
Acne Solutions Oil-Control Cleansing Mask,CLINIQUE,facial-treatments,25.0,"Kaolin, Butylene Glycol, Magnesium Aluminum Silicate, Sodium Lauroyl Sarcosinate, Glyceryl Stearate, Peg100 Stearate, Gentiana Lutea Root Extract, Laminaria Saccharina Extract, Sucrose, Chamomilla Recutita, Algae Extract, Aloe Barbadensis Powder, Acetyl Glucosamine, Inulin, 12Hexanediol, Caprylyl Glycol, Xanthan Gum, Disodium Edta, Chlorphenesin, Phenoxyethanol, Titanium Dioxide",274,16198,3.4,0.0,https://www.sephora.com/product/acne-solutions-oil-control-cleansing-mask-P244701?icid2=products%20grid:p244701,3.4,7.352941176470589
Fix Line Smoothing Serum,NuFACE,facial-treatments,49.0,"Kaolin, Butylene Glycol, Magnesium Aluminum Silicate, Sodium Lauroyl Sarcosinate, Glyceryl Stearate, Peg100 Stearate, Gentiana Lutea Root Extract, Laminaria Saccharina Extract, Sucrose, Chamomilla Recutita, Algae Extract, Aloe Barbadensis Powder, Acetyl Glucosamine, Inulin, 12Hexanediol, Caprylyl Glycol, Xanthan Gum, Disodium Edta, Chlorphenesin, Phenoxyethanol, Titanium Dioxide",91,879,0.5,0.0,https://www.sephora.com/product/fix-line-smoothing-serum-P440013?icid2=products%20grid:p440013,0.5,98.0
Mini Glow Peel Pads,SEPHORA COLLECTION,facial-treatments,8.0,"Vaccinium Myrtillus Fruit Extract, Glycerin, Saccharum Officinarum Extract, Butylene Glycol, Levulinic Acid, Sodium Benzoate, Citrus Aurantium Dulcis Fruit Extract, Citrus Limon Fruit Extract, Perfume, Sodium Levulinate, Sodium Hydroxide, Acer Saccharum Extract, Citric Acid, Chlorella Vulgaris Extract, Aloe Barbadensis Leaf Juice Powder, Potassium Sorbate",9,0,0.0,0.0,https://www.sephora.com/product/mini-glow-away-peel-pads-P442875?icid2=products%20grid:p442875,1.3213098086124409,6.054598208425557
Clarifying Spot Treatment,Dr. Barbara Sturm,facial-treatments,55.0,"Polyglyceryl3 Polyricinoleate, Talc, Cyclopentasiloxane, Dicaprylyl Ether, Ethylhexyl Palmitate, Zinc Oxide, Propanediol, C1215 Alkyl Benzoate, Cocoglycerides, Niacinamide, Simmondsia Chinensis Seed Oil, Titanium Dioxide, Panthenol, Beeswax, Cetyl Palmitate, Magnesium Stearate, Magnesium Sulfate, Microcrystalline Wax, Tocopheryl Acetate, Phenoxyethanol, Iron Oxides, Melaleuca Alternifolia Leaf Oil, Iron Oxides, Iron Oxides, Ethylhexylglycerin, Citric Acid, Bioflavonoids, Limonene, Lecithin, Ascorbyl Palmitate, Glyceryl Stearate, Pantolactone, Glyceryl Oleate",3,999,0.5,0.0,https://www.sephora.com/product/dr-barbara-sturm-clarifying-spot-treatment-P448713?icid2=products%20grid:p448713,0.5,110.0
High Performance Vitamin C Facial Serum,Anthony,facial-treatments,46.0,"Glycerin, Pentylene Glycol, Acrylates, Xanthan Gum, Butylene Glycol, Magnesium Ascorbyl Phosphate, Carbomer, Hydrolyzed Algin, Glyceryl Acrylate, Sea Chlorella Vulgaris Extract, Polysorbate 20, Potassium Sorbate, Carrageenan, Palmitoyl Tetrapeptide7, Sodium Benzoate, Palmitoyl Oligopeptide, Benzyl Alcohol, Sodium Hydroxide, Sodium Pca, Urea, Disodium Edta, Dehydroacetic Acid, Cucumis Sativus Fruit Extract, Trehalose, Polyquaternium51, Glycyrrhiza Glabra Root Extract, Propylene Glycol, Sodium Hyaluronate, Triacetin, Citrus Bigarardia Extract, Cymbopogon Schoenanthus Extract, Cymbopogon Schoenanthus Oil, Citric Acid",38,2984,1.0,0.0,https://www.sephora.com/product/high-performance-vitamin-c-facial-serum-P72704?icid2=products%20grid:p72704,1.0,46.0
Repairing Treatment,Proactiv,facial-treatments,42.0,"Ethoxydiglycol, Cyclotetrasiloxane, Cyclopentasiloxane, Cetearyl Alcohol, Dimethicone, Glyceryl Stearate, Peg100 Stearate, Propylene Glycol, Panthenol, Allantoin, Xanthan Gum, Ceteareth20, Carbomer, Sodium Hydroxide, Diazolidinyl Urea, Methylparaben, Propylparaben, Fragrance",27,585,2.0,0.0,https://www.sephora.com/product/repairing-treatment-P440070?icid2=products%20grid:p440070,2.0,21.0
Peptidin™ Firming Serum with Energy Peptides,Dr. Jart+,facial-treatments,48.0,"Ethoxydiglycol, Cyclotetrasiloxane, Cyclopentasiloxane, Cetearyl Alcohol, Dimethicone, Glyceryl Stearate, Peg100 Stearate, Propylene Glycol, Panthenol, Allantoin, Xanthan Gum, Ceteareth20, Carbomer, Sodium Hydroxide, Diazolidinyl Urea, Methylparaben, Propylparaben, Fragrance",155,6808,1.35,0.0,https://www.sephora.com/product/firming-serum-with-energy-peptides-P437240?icid2=products%20grid:p437240,1.35,35.55555555555555
Lactic Acid Serum,The INKEY List,facial-treatments,12.99,"Lactic Acid, Propanediol, Glycerin, Sodium Hydroxide, PPG26Buteth26, Sodium Hyaluronate, Phenoxyethanol, PEG40 Hydrogenated Castor Oil, Ethylhexylglycerin, Trisodium Ethylenediamine Disuccinate, Agastache Mexicana Flower",42,3102,1.0,0.0,https://www.sephora.com/product/lactic-acid-serum-P443844?icid2=products%20grid:p443844,1.0,12.99
Adapalene Gel 0.1% Acne Treatment,Proactiv,facial-treatments,36.0,Adapalene 01%: Prescriptionstrength retinoid for acne treatment,203,1896,1.6,0.0,https://www.sephora.com/product/adapalene-gel-0-1-acne-treatment-P440065?icid2=products%20grid:p440065,1.6,22.5
Breakout Control Targeted Acne Spot Treatment,Kiehl's Since 1851,facial-treatments,28.0,"Alcohol Denat, Glycerin, Butylene Glycol, Methyl Methacrylate Crosspolymer, Ammonium Polyacryloyldimethyl Taurate, Perlite, Nylon12, Dipropylene Glycol, Xanthan Gum, Peumus Boldus Leaf Extract, Boswellia Serrata Extract, Hamamelis Virginiana  TButyl Alcohol, Camphor, Menthol, Zingiber Officinale Root Extract, Sanguisorba Officinalis Root Extract, Cinnamomum Cassia Bark Extract, Phenoxyethanol, Cinnamal, Laminaria Saccharina Extract, Zinc Sulfate, Pyridoxine Hcl, Sodium Hydroxide, Citric Acid",42,6131,0.68,0.0,https://www.sephora.com/product/breakout-control-targeted-acne-spot-treatment-P422641?icid2=products%20grid:p422641,0.51,294.18
Dani Glowing Skin Perfector,LANCER Skincare,facial-treatments,95.0,"Alcohol Denat, Glycerin, Butylene Glycol, Methyl Methacrylate Crosspolymer, Ammonium Polyacryloyldimethyl Taurate, Perlite, Nylon12, Dipropylene Glycol, Xanthan Gum, Peumus Boldus Leaf Extract, Boswellia Serrata Extract, Hamamelis Virginiana  TButyl Alcohol, Camphor, Menthol, Zingiber Officinale Root Extract, Sanguisorba Officinalis Root Extract, Cinnamomum Cassia Bark Extract, Phenoxyethanol, Cinnamal, Laminaria Saccharina Extract, Zinc Sulfate, Pyridoxine Hcl, Sodium Hydroxide, Citric Acid",51,1958,1.0,0.0,https://www.sephora.com/product/dani-glowing-skin-perfector-P404485?icid2=products%20grid:p404485,1.0,95.0
Pore Corrector Anti-Aging Primer,Algenist,facial-treatments,42.0,"Butylene Glycol, Dimethicone, Glycerin, Hydroxyethyl Acrylate, Algae Exopolysaccharides, Camellia Sinensis Leaf Extract, Chamomilla Recutita Flower Extract, Medicago Sativa Seed Extract, Prunus Amygdalus Dulcis Seed Extract, Pisum Sativum Extract, Hydrolyzed Soy Protein, Hydrolyzed Lupine Protein, Hydrolyzed Wheat Protein, Tripeptide1, Acetyl Tetrapeptide9, Acetyl Dipeptide1 Cetyl Ester, Tocopheryl Acetate, Glycosaminoglycans, Phospholipids, Caffeine, Squalane, Ethylhexylglycerin, Hydroxyethylcellulose, Dimethicone, Acrylates C10, Dimethicone PEG10, Aminomethyl Propanol, Disodium EDTA, Trisodium EDTA, Dextran, Caprylyl Glycol, Pentlyene Glycol, Hexylene Glycol, Polysorbate 60, Sorbitan Laurate, Sodium Citrate, Potassium Sorbate, Phenoxyethanol, Silica",178,9397,1.0,0.0,https://www.sephora.com/product/pore-corrector-anti-aging-primer-P378870?icid2=products%20grid:p378870,1.0,42.0
Turnaround Revitalizing Serum,CLINIQUE,facial-treatments,47.0,"Cyclopentasiloxane, Dimethicone, Polysilicone11, Lactobionic Acid, Morus Nigra Root Extract, Scutellaria Baicalensis Root Extract, Castanea Sativa Seed Extract, Salvia Sclarea Extract, Vitis Vinifera Fruit Extract, Triticum Vulgare Germ Extract, Hordeum Vulgare Extract, Laminaria Saccharina Extract, Polygonum Cuspidatum Root Extract, Oryza Sativa Bran Extract, Padina Pavonica Thallus Extract, Saccharomyces Lysate Extract, Acetyl Glucosamine, Caffeine, Cholesterol, Squalane, Pantethine, Peg10 Dimethicone, Salicylic Acid, Glycerin, Ethylhexylglycerin, DiC1218 Alkyl Dimonium Chloride, Polysorbate 20, Isohexadecane, Butylene Glycol, Caprylyl Glycol, Tocopheryl Acetate, Polysorbate 80, Sodium Hyaluronate, Acrylamide, Ammonium Acryloyldimethyltaurate, Glycyrrhetinic Acid, Sodium Hydroxide, Hexylene Glycol, Disodium Edta, Phenoxyethanol, Mica, Iron Oxides, Titanium Dioxide",134,5895,1.0,0.0,https://www.sephora.com/product/turnaround-revitalizing-serum-P302900?icid2=products%20grid:p302900,1.0,47.0
Silver Skin Savior Salicylic/Glycolic Acid Treatment,Omorovicza,facial-treatments,95.0,"Glycerin, Glycolic Acid, Niacinamide, Cetearyl Olivate, Propanediol, Sorbitan Olivate, Yeast Extract, Sodium Hydroxide, Salicylic Acid, Lactic Acid, Parfum, Colloidal Silver, Xanthan Gum, Behenyl Alcohol, Butyrospermum Parkii, Leuconostoc, Phospholipids, Hydrogenated Castor Oil, Stearyl Alcohol, Protease, Subtilisin, Geraniol, Citronellol, Linalool",14,3074,1.7,0.0,https://www.sephora.com/product/silver-skin-savior-salicylic-glycolic-acid-treatment-P438543?icid2=products%20grid:p438543,1.7,55.88235294117647
Time Retreat Radiance Boost Treatment,Eve Lom,facial-treatments,95.0,"Glycerin, Glycolic Acid, Niacinamide, Cetearyl Olivate, Propanediol, Sorbitan Olivate, Yeast Extract, Sodium Hydroxide, Salicylic Acid, Lactic Acid, Parfum, Colloidal Silver, Xanthan Gum, Behenyl Alcohol, Butyrospermum Parkii, Leuconostoc, Phospholipids, Hydrogenated Castor Oil, Stearyl Alcohol, Protease, Subtilisin, Geraniol, Citronellol, Linalool",6,1723,1.0,0.0,https://www.sephora.com/product/time-retreat-radiance-boost-treatment-P419817?icid2=products%20grid:p419817,1.0,95.0
Power Peel Multi-Acid Resurfacing Pads,Jack Black,facial-treatments,38.0,"Alcohol Denat, Butylene Glycol, Glycolic Acid, Niacinamide, Salicylic Acid, Vaccinium Myrtillus Fruit, Glucosamine HCl, Gluconolactone, Saccharomyces Cerevisiae Extract, Algae Extract, Urea, Saccharum Officinarum Extract, Xanthan Gum, Sodium Hydroxide, Glycerin, Lycium Barbarum Fruit Extract, Anthemis Nobilis Flower Extract, Citrus Aurantium Dulcis Fruit Extract, Citrus Limon Fruit Extract, Betula Alba Bark Extract, Hexanoyl Dipeptide3 Norleucine Acetate, Sodium Benzoate, Magnesium Ascorbyl Phosphate, Hamamelis Virginiana  Alcohol, Lecithin, Acer Saccharum Extract, Vaccinium Angustifolium Fruit Extract, Sodium Hyaluronate, Pelargonium Graveolens Flower Oil, Phenethyl Alcohol, Caprylyl Glycol, Potassium Sorbate, Tocopheryl Acetate, Phyllanthus Emblica Fruit Extract, Glycine Soja Oil  Certified Organic",47,4789,0.0,0.0,https://www.sephora.com/product/power-peel-multi-acid-resurfacing-pads-P298331?icid2=products%20grid:p298331,1.3213098086124409,28.759341490021395
The Beauty Boost R45 The Reversal 3-Phase Retinol Booster System,BeautyBio,facial-treatments,150.0,"Glycerin, Butylene Glycol, Cyclopentasiloxane, Pentylene Glycol, Peg12 Dimethicone Crosspolymer, Dimethicone Crosspolymer, Dimethicone, Sodium Polyacrylate, Dimethicone, Peg, Dimethiconol, Sodium Hyaluronate, Camellia Sinensis Extract, Disodium Edta Copper, Myristoyl Pentapeptide 17, Hydroxyphenyl Propamidobenzoic Acid, Bisabolol, Zingiber Officinale Root Extract, Polysorbate 60, Caprylyl Glycol, Phenoxyethanol",3,511,0.17,0.0,https://www.sephora.com/product/the-beauty-boost-r45-reversal-3-phase-retinol-booster-system-P444461?icid2=products%20grid:p444461,0.17,882.3529411764705
Mattifying Booster Drops,COVER FX,facial-treatments,45.0,"Alcohol Denat, Silica, Hectorite, Phenoxyethanol, Illite, Caprylyl Glycol, Melaleuca Alternifolia Leaf Oil, Ethylhexylglycerin, Hexylene Glycol, Montmorillonite, Kaolin",24,2648,0.0,0.0,https://www.sephora.com/product/mattifying-booster-drops-P442785?icid2=products%20grid:p442785,1.3213098086124409,34.05711492239376
Advanced Active Radiance® Serum,Murad,facial-treatments,90.0,"Glycolic Acid, Butylene Glycol, Hydroxyethyl Acrylate, Cyclopentasiloxane, Urea, Yeast Amino Acids, Trehalose, Inositol, Taurine, Betaine, Hydrolyzed Opuntia Ficus Indica Flower Extract, Hexapeptide2, Hydrolyzed Jojoba Esters, Jojoba Esters, Dimethicone Crosspolymer, Camellia Oleifera Leaf Extract, Avena Sativa Kernel Extract, Enantia Chlorantha Extract, Oleanolic Acid, Ectoin, Sodium Ascorbyl Phosphate, Biotin, Mannitol, Zinc Gluconate, Tocopheryl Acetate, Dipotassium Glycyrrhizate, Ethylhexyl Palmitate, Silica Dimethyl Silylate, Sodium Hyaluronate, Tetrahexyldecyl Ascorbate, Ascorbic Acid, Chitosan, Propyl Gallate, Methyl Diisopropyl Propionamide, Ethyl Menthane Carboxamide, Menthyl Lactate, Lauryl Laurate, Hydroxyethyl Behenamidopropyl Dimonium Chloride, Ethylhexylglycerin, Silica, Xanthan Gum, PPG26Buteth26, PEG40 Hydrogenated Castor Oil, Sodium Hydroxide, Disodium EDTA, Phenoxyethanol, Caprylyl Glycol, Chlorphenesin, Limonene, Fragrance, Yellow 5, Orange 4",242,6724,1.0,0.0,https://www.sephora.com/product/advanced-active-radiance-serum-P234920?icid2=products%20grid:p234920,1.0,90.0
Hydra Life Deep Hydration Sorbet Water Essence,Dior,facial-treatments,73.0,"Glycolic Acid, Butylene Glycol, Hydroxyethyl Acrylate, Cyclopentasiloxane, Urea, Yeast Amino Acids, Trehalose, Inositol, Taurine, Betaine, Hydrolyzed Opuntia Ficus Indica Flower Extract, Hexapeptide2, Hydrolyzed Jojoba Esters, Jojoba Esters, Dimethicone Crosspolymer, Camellia Oleifera Leaf Extract, Avena Sativa Kernel Extract, Enantia Chlorantha Extract, Oleanolic Acid, Ectoin, Sodium Ascorbyl Phosphate, Biotin, Mannitol, Zinc Gluconate, Tocopheryl Acetate, Dipotassium Glycyrrhizate, Ethylhexyl Palmitate, Silica Dimethyl Silylate, Sodium Hyaluronate, Tetrahexyldecyl Ascorbate, Ascorbic Acid, Chitosan, Propyl Gallate, Methyl Diisopropyl Propionamide, Ethyl Menthane Carboxamide, Menthyl Lactate, Lauryl Laurate, Hydroxyethyl Behenamidopropyl Dimonium Chloride, Ethylhexylglycerin, Silica, Xanthan Gum, PPG26Buteth26, PEG40 Hydrogenated Castor Oil, Sodium Hydroxide, Disodium EDTA, Phenoxyethanol, Caprylyl Glycol, Chlorphenesin, Limonene, Fragrance, Yellow 5, Orange 4",24,3973,1.3,0.0,https://www.sephora.com/product/hydra-life-deep-hydration-sorbet-water-essence-P417604?icid2=products%20grid:p417604,1.3,56.153846153846146
Essential Fx Acyl-Glutathione Deep Crease Serum,Perricone MD,facial-treatments,179.0,"Propanediol, Squalane, Hydrogenated Polyisobutene, SPalmitoylglutathione, Dimethicone, Glycerin, Macadamia Ternifolia Seed Oil, Xylitylglucoside, Tetrahexyldecyl Ascorbate, Dimethyl MEA, Palmitoyl Tripeptide5, Acetyl Hexapeptide8, Anhydroxylitol, Lactic Acid, Xylitol, Xanthan Gum, Linum Usitatissimum Seed Oil, Salvia Hispanica Seed Oil, Tocopherol, Ethylhexylglycerin, Magnesium Aspartate, Zinc Gluconate, Alaria Esculenta Extract, Glucose, Sodium Hyaluronate, Copper Gluconate, Tetradecyl Aminobutyroylvalylaminobutyric Urea Trifluoroacetate, Palmitoyl Dipeptide5 Diaminobutyroyl Hydroxythreonine, Helianthus Annuus Seed Oil, Rosmarinus Officinalis Leaf Extract, Tetrasodium Glutamate Diacetate, Magnesium Chloride, Caprylic, Acrylates, Caprylyl, Caprylyl Glycol, Potassium Sorbate, Phenoxyethanol, Fragrance, Citronellol, Hydroxycitronellal, Limonene, Linalool",153,1361,1.0,0.0,https://www.sephora.com/product/essential-fx-acyl-glutathione-deep-crease-serum-P433951?icid2=products%20grid:p433951,1.0,179.0
Potent-C™ Vitamin C Targeted Spot Brightener,Peter Thomas Roth,facial-treatments,58.0,"Tetrahexyldecyl Ascorbate, PEG8 Beeswax, Butylene Glycol, Magnesium Aluminum Silicate, Cetearyl Alcohol, Tocopheryl Acetate, Glyceryl Stearate, PEG100 Stearate, Ferulic Acid, Isopropyl Palmitate, Glycerin, Ceteareth20, Dimethicone, Allantoin, Aloe Barbadensis Leaf Juice, Angelica Acutiloba Root Extract, Dictyopteris Polypodioides Extract, Citric Acid, Disodium EDTA, Titanium Dioxide, Mica, Potassium Bitartrate, Potassium Sorbate, Sodium Benzoate, Phenoxyethanol",305,5917,0.5,0.0,https://www.sephora.com/product/potent-c-tm-targeted-spot-brightener-P433457?icid2=products%20grid:p433457,0.5,116.0
Brightening Serum,Dr. Barbara Sturm,facial-treatments,310.0,"Water, Methylsilanol Mannuronate, Glycerin, Methylpropanediol, Lactobacillus, Silica, Butylene Glycol, Dimethylimidazolidinone Rice Starch, Panthenol, Phenoxyethanol, Sodium Potassium Aluminum Silicate, Acrylates, Alcohol, Allantoin, Ethylhexylglycerin, Lecithin, Xanthan Gum, Panax Ginseng Root Extract, Sodium Hydroxide, Disodium EDTA, Sodium Hyaluronate, Alteromonas Ferment Extract, Leuconostoc, Pantolactone, Lepidium Sativum Sprout Extract, Soy Isoflavones, Sorbic Acid, Citric Acid, Iron Oxides, Titanium Dioxide",0,593,1.0,0.0,https://www.sephora.com/product/dr-barbara-sturm-brightening-serum-P448549?icid2=products%20grid:p448549,1.0,310.0
Pore Refining Solutions Correcting Serum,CLINIQUE,facial-treatments,49.0,"Dimethicone, Polysilicone11, Alcohol Denat, Acetyl Glucosamine, Peg10 Dimethicone, Butylene Glycol, Rosmarinus Officinalis Leaf Extract, Sigesbeckia Orientalis Extract, Salvia Sclarea Extract, Sea Whip Extract, Laminaria Saccharina Extract, Caffeine, Pantethine, Hydrolyzed Soy Protein, Peg11 Methyl Ether Dimethicone, Algae Extract, Polysorbate 20, Salicylic Acid, Tetrahexyldecyl Ascorbate, Tocopheryl Acetate, Caprylyl Glycol, Sodium Hyaluronate, Glycerin, Lecithin, Isohexadecane, DiC1218 Alkyl Dimonium Chloride, Polysorbate 80, Hydrogenated Lecithin, Polymethyl Methacrylate, Coconut Acid, Padina Pavonica Thallus Extract, Nordihydroguaiaretic Acid, Ammonium Acryloyldimethyltaurate, Acrylamide, Silica, Citric Acid, Hexylene Glycol, Ascorbyl Tocopheryl Maleate, Sodium Hydroxide, Disodium Edta, Phenoxyethanol, Titanium Dioxide, Iron Oxides, Mica",404,8646,1.0,0.0,https://www.sephora.com/product/pore-refining-solutions-correcting-serum-P282920?icid2=products%20grid:p282920,1.0,49.0
Banish Stick,Indie Lee,facial-treatments,28.0,"Isopropyl Alcohol, Zinc Sulphate, Salicylic Acid, Glycolic Acid, Camphor, Hamamelis Virginiana Extract, Cellulose Gum, Menthol",35,3386,0.34,0.0,https://www.sephora.com/product/banish-stick-P433888?icid2=products%20grid:p433888,0.34,82.35294117647058
Gel Primer 24K Gold Complex - Firm,NuFACE,facial-treatments,39.0,"Propanediol, Gold, Hydrolyzed Hyaluronic Acid, Algae, Palmitoyl Tripeptide1, Palmitoyl Tetrapeptide7, shOligopeptide1, Dimethyl MEA, Thioctic Acid, Vigna Aconitifolia Seed Extract, Phenoxyethanol, Carbomer, Sodium Hydroxide, Hydroxyethylcellulose, Magnesium Sulfate, Caprylyl Glycol, Ethylhexylglycerin, Glycerin, Butylene Glycol, Maltodextrin, Polysorbate 20, Sodium Chloride, Trehalose",20,1798,2.0,0.0,https://www.sephora.com/product/gel-primer-24k-gold-complex-firm-P402693?icid2=products%20grid:p402693,2.0,19.5
A Perfect World™ Age-Defense Skin Guardian with White Tea,Origins,facial-treatments,63.0,"Cyclopentasiloxane, Rosa Damascena Flower Citrus Aurantium Amara Flower Glycerin, Butylene Glycol, Dimethicone, Cetyl Peg, Boswellia Serrata Extract, Camellia Sinensis Leaf Extract, Citrus Aurantium Bergamia Fruit Oil, Citrus Medica Limonum Peel Oil, Citrus Aurantium Dulcis Oil, Cinnamomum Camphora Bark Oil, Mentha Viridis Leaf Oil, Vetiveria Zizanoides Root Oil, Plumeria Alba Flower Extract, Magnolia Acuminata Flower Extract, Iris Pallida Root Extract, Rosa Damascena Extract, Citral, Linalool, Limonene, Magnesium Ascorbyl Phosphate, Dimethicone, Hydroxyethyl Acrylate, Potato Starch Modified, Squalane, Caprylyl Glycol, Tocopheryl Acetate, Polysorbate 60, Hexylene Glycol, Phenoxyethanol Essential Oil",81,5047,1.7,0.0,https://www.sephora.com/product/a-perfect-world-age-defense-skin-guardian-with-white-tea-P297519?icid2=products%20grid:p297519,1.7,37.058823529411775
High Potency Classics: Firming Evening Repair,Perricone MD,facial-treatments,99.0,"Caprylic, Isododecane, Cyclopentasiloxane, Cyclohexasiloxane, Polyglyceryl4 Isostearate, Hexyl Laurate, Cetyl PEG, Tyrosine, Dimethyl MEA, Thioctic Acid, Retinol, Sodium Chloride, Caprylyl Glycol, Hydroxyethylcellulose, Polysorbate 20, Urea, Zinc Sulfate, Phenoxyethanol, Sorbic Acid, Glyoxal, Fragrance, Linalool, Hexyl Cinnamal, Citronellol, Benzyl Benzoate",230,770,2.0,0.0,https://www.sephora.com/product/high-potency-classics-firming-evening-repair-P434341?icid2=products%20grid:p434341,2.0,49.5
AGE Smart Phyto-Nature Firming Serum,Dermalogica,facial-treatments,145.0,Camu Camu: Prolongs radiance,135,1199,1.3,0.0,https://www.sephora.com/product/age-smart-phyto-nature-firming-serum-P449177?icid2=products%20grid:p449177,1.3,111.53846153846152
Dermask Ultra Jet Peeling Solution,Dr. Jart+,facial-treatments,9.0,"Butylene Glycol, Glycerin, 12Hexanediol, Citric Acid, Clitoria Ternatea Flower Extract, Lactic Acid, Citrus Aurantifolia Fruit Extract, Citrus Limon Fruit Extract, Pyrus Malus Fruit Extract, Citrus Aurantium Dulcis Fruit Extract, Vitis Vinifera Fruit Extract, Xylitylglucoside, Anhydroxylitol, Xylitol, Xanthan Gum, Maltodextrin, Rosmarinus Officinalis Leaf Oil, Allantoin, Rose Flower Oil, Glucose, PEG60 Hydrogenated Castor Oil, Ethlhexylglycerin, Disodium EDTA",27,877,0.0,0.0,https://www.sephora.com/product/dermask-ultra-jet-peeling-solution-P433884?icid2=products%20grid:p433884,1.3213098086124409,6.811422984478751
Bright Biotic™ Dark Spot Minimizing Serum,Dr. Brandt Skincare,facial-treatments,55.0,"Butylene Glycol, Glycerin, 12Hexanediol, Citric Acid, Clitoria Ternatea Flower Extract, Lactic Acid, Citrus Aurantifolia Fruit Extract, Citrus Limon Fruit Extract, Pyrus Malus Fruit Extract, Citrus Aurantium Dulcis Fruit Extract, Vitis Vinifera Fruit Extract, Xylitylglucoside, Anhydroxylitol, Xylitol, Xanthan Gum, Maltodextrin, Rosmarinus Officinalis Leaf Oil, Allantoin, Rose Flower Oil, Glucose, PEG60 Hydrogenated Castor Oil, Ethlhexylglycerin, Disodium EDTA",35,3716,1.7,0.0,https://www.sephora.com/product/bright-biotic-tm-dark-spot-minimizing-serum-P427396?icid2=products%20grid:p427396,1.7,32.35294117647059
Instant Firmx™,Peter Thomas Roth,facial-treatments,48.0,"Butylene Glycol, Glycerin, Sodium Silicate, Sodium Magnesium Fluorosilicate, Magnesium Aluminum Silicate, Urea, Diazolidinyl Urea, Symphytum Officinale Leaf Extract, Foeniculum Vulgare Seed Extract, Panthenol, Tocopheryl Acetate, Retinyl Palmitate, Ascorbyl Palmitate, Phospholipids, Chondrus Crispus, Disodium EDTA, Phenoxyethanol, Methylparaben, Propylparaben, Ethylparaben, Butylparaben, Isobutylparaben",402,4355,3.4,0.0,https://www.sephora.com/product/instant-firmx-P271682?icid2=products%20grid:p271682,3.4,14.117647058823529
Capture Youth New Skin Effect Enzyme Solution Age-Delay Resurfacing Water,Dior,facial-treatments,65.0,"Butylene Glycol, Glycerin, Sodium Silicate, Sodium Magnesium Fluorosilicate, Magnesium Aluminum Silicate, Urea, Diazolidinyl Urea, Symphytum Officinale Leaf Extract, Foeniculum Vulgare Seed Extract, Panthenol, Tocopheryl Acetate, Retinyl Palmitate, Ascorbyl Palmitate, Phospholipids, Chondrus Crispus, Disodium EDTA, Phenoxyethanol, Methylparaben, Propylparaben, Ethylparaben, Butylparaben, Isobutylparaben",6,1816,5.0,0.0,https://www.sephora.com/product/capture-youth-new-skin-effect-enzyme-solution-age-delay-resurfacing-water-P444986?icid2=products%20grid:p444986,5.0,13.0
Focuspot™ Line & Wrinkle Micro Tip Patch,Dr. Jart+,facial-treatments,18.0,"Sodium Hyaluronate, Trehalose, Beetroot Red, Acetyl Octapeptide3, Tocopheryl Acetate, Citric Acid, Arginine, Adenosine",115,0,0.0,0.0,https://www.sephora.com/product/focuspot-line-wrinkle-micro-tip-patch-P442856?icid2=products%20grid:p442856,1.3213098086124409,13.622845968957506
"Proactiv+ 3-Step System, 30 Day Introductory Size",Proactiv,facial-treatments,50.0,"Butylene Glycol, Cetearyl Alcohol, Dimethicone, Sodium Polyacrylate, Scutellaria Baicalensis Root Extract, Sophora Angustifolia Root Extract, Morus Alba Root Extract, Glycyrrhiza Glabra Root Extract, Arctostaphylos Uva Ursi Leaf Extract, Kojic Acid, Zinc Gluconate, AlphaGlucan Oligosaccharide, Sodium Hyaluronate, Bisabolol, Allantoin, Squalane, Safflower Oil, C1215 Alkyl Lactate, Caprylic, Caprylyl Glycol, Ethylhexylglycerin, Glycerin, Ethylhexyl Palmitate, Hydrogenated Polydecene, Hydroxypropyl Cyclodextrin, Ppg5Laureth5, Polyquaternium11, Ceteareth20, Aluminum Starch Octenylsuccinate, Polysorbate 60, Hexylene Glycol, Ppg2 Myristyl Ether Propionate, Sodium Hydroxide, Disodium Edta, Phenoxyethanol, Fragrance",10,666,0.0,0.0,https://www.sephora.com/product/proactiv-3-step-system-30-day-introductory-size-P440655?icid2=products%20grid:p440655,1.3213098086124409,37.841238802659724
Micro-Blur™ Skin Perfector,Kiehl's Since 1851,facial-treatments,36.0,"Dimethicone, Glycerin, Dimethicone Crosspolymer, Methyl Methacrylate Crosspolymer, Isononyl Isononanoate, Alcohol Denat, Vinyl Dimethicone, Butylene Glycol, Lauryl Peg9 Polydimethylsiloxyethyl Dimethicone, Boron Nitride, Silica Silylate, Phenoxyethanol, Peg, Perlite, Magnesium Sulfate, Capryloyl Salicylic Acid, Caprylyl Glycol, Menthyl Lactate, Lentil Seed Extract, Bisabolol, Fragrance, Dextrin, Dimethiconol, Ci 77491, Ci 77492, Ci 77499, Ci 77891, Synthetic Fluorphlogopite, Eperua Falcata Bark Extract, Farnesol, Limonene, Disodium Stearoyl Glutamate, AlphaIsomethyl Ionone, Citronellol, Aluminum Hydroxide",45,8518,1.0,0.0,https://www.sephora.com/product/micro-blur-skin-perfector-P422499?icid2=products%20grid:p422499,1.0,36.0
PlantGenius® Brightening Survival Serum,alpyn beauty,facial-treatments,68.0,"Dimethicone, Glycerin, Dimethicone Crosspolymer, Methyl Methacrylate Crosspolymer, Isononyl Isononanoate, Alcohol Denat, Vinyl Dimethicone, Butylene Glycol, Lauryl Peg9 Polydimethylsiloxyethyl Dimethicone, Boron Nitride, Silica Silylate, Phenoxyethanol, Peg, Perlite, Magnesium Sulfate, Capryloyl Salicylic Acid, Caprylyl Glycol, Menthyl Lactate, Lentil Seed Extract, Bisabolol, Fragrance, Dextrin, Dimethiconol, Ci 77491, Ci 77492, Ci 77499, Ci 77891, Synthetic Fluorphlogopite, Eperua Falcata Bark Extract, Farnesol, Limonene, Disodium Stearoyl Glutamate, AlphaIsomethyl Ionone, Citronellol, Aluminum Hydroxide",34,483,1.7,0.0,https://www.sephora.com/product/alpyn-beauty-plantgenius-brightening-survival-serum-P455612?icid2=products%20grid:p455612,1.7,40.0
Nightly Refining Micro-Peel Concentrate,Kiehl's Since 1851,facial-treatments,60.0,"Alcohol Denat, Hydroxyethylpiperazine Ethane Sulfonic Acid, Hydroxyethyl Urea, Sodium Citrate, Vaccinium Myrtillus Fruit Extract, Sodium Hydroxide, Chenopodium Quinoa Seed Extract, Sugar Cane Extract, Glycerin, Propanediol, Phytic Acid, Carrageenan, Phenoxyethanol, Orange Fruit Lemon Fruit Extract, Disodium Edta, Sugar Maple Extract, Hydrolyzed Opuntia FicusIndica Flower Extract, Potassium Sorbate, Aloe Barbadensis Leaf Juice Powder, Adenosine, Ethylhexylglycerin, Orange Juice, Sodium Benzoate, Ascorbyl Glucoside",34,4464,1.0,0.0,https://www.sephora.com/product/nightly-refining-micro-peel-concentrate-P422270?icid2=products%20grid:p422270,1.0,60.0
Retexturizing Treatment Cream with Glycolic Acid 10x,LANCER Skincare,facial-treatments,90.0,"Alcohol Denat, Hydroxyethylpiperazine Ethane Sulfonic Acid, Hydroxyethyl Urea, Sodium Citrate, Vaccinium Myrtillus Fruit Extract, Sodium Hydroxide, Chenopodium Quinoa Seed Extract, Sugar Cane Extract, Glycerin, Propanediol, Phytic Acid, Carrageenan, Phenoxyethanol, Orange Fruit Lemon Fruit Extract, Disodium Edta, Sugar Maple Extract, Hydrolyzed Opuntia FicusIndica Flower Extract, Potassium Sorbate, Aloe Barbadensis Leaf Juice Powder, Adenosine, Ethylhexylglycerin, Orange Juice, Sodium Benzoate, Ascorbyl Glucoside",46,5644,1.7,0.0,https://www.sephora.com/product/retexturizing-treatment-cream-glycolic-acid-10x-P399746?icid2=products%20grid:p399746,1.7,52.941176470588246
2% Retinol Complex Serum,Dr. Brandt Skincare,facial-treatments,69.0,"Alcohol Denat, Hydroxyethylpiperazine Ethane Sulfonic Acid, Hydroxyethyl Urea, Sodium Citrate, Vaccinium Myrtillus Fruit Extract, Sodium Hydroxide, Chenopodium Quinoa Seed Extract, Sugar Cane Extract, Glycerin, Propanediol, Phytic Acid, Carrageenan, Phenoxyethanol, Orange Fruit Lemon Fruit Extract, Disodium Edta, Sugar Maple Extract, Hydrolyzed Opuntia FicusIndica Flower Extract, Potassium Sorbate, Aloe Barbadensis Leaf Juice Powder, Adenosine, Ethylhexylglycerin, Orange Juice, Sodium Benzoate, Ascorbyl Glucoside",87,11104,1.0,0.0,https://www.sephora.com/product/2-retinol-complex-serum-P417626?icid2=products%20grid:p417626,1.0,69.0
Peace Of Mind™ On-the-Spot Relief,Origins,facial-treatments,15.0,"Rosa Damascena Flower Mentha Piperita Leaf Rosmarinus Officinalis Leaf Mentha Piperita Leaf Oil, Ocimum Basilicum Oil, Eucalyptus Dives Oil, Citral, Linalool, Eugenol, Limonene, BisPeg18 Methyl Ether Dimethyl Silane, Methyl Gluceth20, Glyceryl Polymethacrylate, Prunus Amygdalus Dulcis Oil, Oleth3, Glycereth26, Sorbitan Stearate, Oleth5, Oleth10 Phosphate, Butylene Glycol, Ethylhexyl Hydroxystearate, Ethylhexylglycerin, Polysorbate 60, Caprylyl Glycol, Peg150 Distearate, Cetyl Alcohol, Hexylene Glycol, Potassium Phosphate, Potassium Carbomer, Xanthan Gum, Carbomer, Potassium Sorbate, Phenoxyethanol Essential Oil",88,6965,0.5,0.0,https://www.sephora.com/product/peace-of-mind-on-the-spot-relief-P308102?icid2=products%20grid:p308102,0.5,30.0
Visionnaire Skin Solutions 15% Pure Vitamin C Correcting Concentrate,Lancôme,facial-treatments,65.0,"Ascorbic Acid, Alcohol Denat, Dipropylene Glycol, Glycerin, Laureth23, Tocopherol, Hydrolyzed Hyaluronic Acid, Sodium Hydroxide, Pinus Pinaster Bark, Neohesperidin Dihydrochalcone, Methyldihydrojasmonate, Bht",940,1244,0.33,0.0,https://www.sephora.com/product/visionnaire-skin-solutions-15-pure-vitamin-c-correcting-concentrate-P440471?icid2=products%20grid:p440471,0.33,196.96969696969697
Neuropeptide Smoothing Facial Conformer,Perricone MD,facial-treatments,495.0,"C1215 Alkyl Benzoate, Butylene Glycol, Dimethyl MEA, Glyceryl Polymethacrylate, Citric Acid, Glycerin, Glyceryl Stearate, PEG100 Stearate, Avena Sativa Protein Extract, Cetyl Alcohol, Tribehenin, Simmondsia Chinensis Seed Oil, Isopropyl Palmitate, Dimethicone, PEG8, Phenoxyethanol, Phosphatidylcholine, Tetrahexyldecyl Ascorbate, Triethanolamine, LTyrosine, Carbomer, Caprylyl Glycol, Ceramide 2, PEG10 Rapeseed Sterol, Disodium EDTA, BHT, Sodium Carboxymethyl BetaGlucan, Ammonium Acryloyldimethyltaurate, Magnesium Aspartate, Zinc Gluconate, Sorbic Acid, Elaeis Guineensis Oil, Tocotrienols, Cetyl Hydroxyethylcellulose, Polysorbate 20, Rutin, Tocopherol, Copper Gluconate, Ascorbyl Palmitate, Palmitoyl Oligopeptide, Palmitoyl Tetrapeptide7, Fragrance, Phaseolus Lunatus Extract",27,1635,0.0,2.0,https://www.sephora.com/product/neuropeptide-facial-conformer-contouring-treatment-P211332?icid2=products%20grid:p211332,2.0,247.5
SUPERSERUM™ 6-Acid Refining Treatment Serum,GLAMGLOW,facial-treatments,65.0,"C1215 Alkyl Benzoate, Butylene Glycol, Dimethyl MEA, Glyceryl Polymethacrylate, Citric Acid, Glycerin, Glyceryl Stearate, PEG100 Stearate, Avena Sativa Protein Extract, Cetyl Alcohol, Tribehenin, Simmondsia Chinensis Seed Oil, Isopropyl Palmitate, Dimethicone, PEG8, Phenoxyethanol, Phosphatidylcholine, Tetrahexyldecyl Ascorbate, Triethanolamine, LTyrosine, Carbomer, Caprylyl Glycol, Ceramide 2, PEG10 Rapeseed Sterol, Disodium EDTA, BHT, Sodium Carboxymethyl BetaGlucan, Ammonium Acryloyldimethyltaurate, Magnesium Aspartate, Zinc Gluconate, Sorbic Acid, Elaeis Guineensis Oil, Tocotrienols, Cetyl Hydroxyethylcellulose, Polysorbate 20, Rutin, Tocopherol, Copper Gluconate, Ascorbyl Palmitate, Palmitoyl Oligopeptide, Palmitoyl Tetrapeptide7, Fragrance, Phaseolus Lunatus Extract",95,7386,1.0,0.0,https://www.sephora.com/product/superserum-6-acid-refining-treatment-P441866?icid2=products%20grid:p441866,1.0,65.0
Instant Facial,Alpha-H,facial-treatments,62.0,"Hamamelis Virginiana, Glycerin, Glycolic Acid, Plankton Extract, Potassium Hydroxide, Polysorbate 20, Peg7 Glyceryl Cocoate, Ammonium Glycyrrhizate, Phenoxyethanol, Cucumis Sativus Extract, Aloe Barbadensis Leaf Juice, Propylene Glycol, Caprylyl Glycol, Arnica Montana Flower Extract, Chamomilla Recutita Flower Extract, Thymus Vulgaris Flower, Potassium Sorbate, Sodium Benzoate, Cupressus Sempervirens Seed Extract, Polygonatum Officinale Rhizome, Hordeum Vulgare Extract, Sorbic Acid, Benzoic Acid, Dehydroacetic Acid, Etylhexylglycerin",2,484,3.38,0.0,https://www.sephora.com/product/instant-facial-P442538?icid2=products%20grid:p442538,3.38,18.343195266272193
RetAsphere™ Micro Peel,Kate Somerville,facial-treatments,90.0,"Glycolic Acid, Lactose, Caprylic, Propanediol, Neopentyl Glycol Diethylhexanoate, Glycerin, Arbutin, Hydroxyethylacrylate, Copolymer, Sodium Hydroxide, Phenoxyethanol, Cetyl Alcohol, Glyceryl Stearate, PEG40 Stearate, Ceteareth20, Ethylhexyl Methoxycrylene, Trimethylpentanediol, Polymethylsilsesquioxane, Plankton Extract, Opuntia Ficusindica Fruit Extract, Polysorbate 20, Cetyl Palmitate, Triethanolamine, Ceramide NP, Ethylhexylglycerin, Isopulegol, Glycine Soja seed Extract, Magnesium Aluminum Silicate, Dimethicone, Macrocystis Pyrifera Extract, Xanthan Gum, Disodium EDTA, Tocopheryl Acetate, Hydrolyzed Hyaluronic Acid, Retinol, Adenosine, Glycyrrhiza Glabra Root Extract",60,9553,1.0,0.0,https://www.sephora.com/product/retasphere-micro-peel-P389242?icid2=products%20grid:p389242,1.0,90.0
Fresh Pressed Clinical™ Daily + Overnight Boosters with Pure Vitamin C 10% + A (Retinol),CLINIQUE,facial-treatments,39.5,"Polysorbate 20, Dimethicone, Glycine Soja Oil, Butylene Glycol, Vinyl Dimethicone, Methyl Trimethicone, BisPeg18 Methyl Ether Dimethyl Silane, Lauryl Peg9 Polydimethylsiloxyethyl Dimethicone, Glycerin, Polysilicone11, Methyl Gluceth20, Retinol, Salicylic Acid, Oenothera Biennis Flower Extract, Laminaria Saccharina Extract, Gellidiella Acerosa Extract, Cholesterol, Salvia Sclarea Extract, Caffeine, Sigesbeckia Orientalis Extract, Aminopropyl Ascorbyl Phosphate, Plankton Extract, Palmitoyl Hexapeptide12, Glycine Soja Seed Extract, Micrococcus Lysate, Hypnea Musciformis Extract, Acetyl Hexapeptide8, Glycine Soja Protein, Tocopheryl Acetate, Whey Protein\Lactis Protein\Protéine Du PetitLait, Sodium Hyaluronate, Acetyl Glucosamine, Caprylyl Glycol, Carbomer, Glyceryl Polymethacrylate, Sodium Hydroxide, Peg8, Xanthan Gum, Calcium Chloride, Ammonium Acryloyldimethyltaurate, Lecithin, Sodium Citrate, Disodium Edta, Bht, Sodium Benzoate, Phenoxyethanol",22,2441,0.0,0.0,https://www.sephora.com/product/clinique-fresh-pressed-clinical-daily-overnight-boosters-with-pure-vitamins-c-10-a-retinol-P440948?icid2=products%20grid:p440948,1.3213098086124409,29.894578654101192
Dermal Quench Wrinkle Warrior,Kate Somerville,facial-treatments,98.0,"Polysorbate 20, Dimethicone, Glycine Soja Oil, Butylene Glycol, Vinyl Dimethicone, Methyl Trimethicone, BisPeg18 Methyl Ether Dimethyl Silane, Lauryl Peg9 Polydimethylsiloxyethyl Dimethicone, Glycerin, Polysilicone11, Methyl Gluceth20, Retinol, Salicylic Acid, Oenothera Biennis Flower Extract, Laminaria Saccharina Extract, Gellidiella Acerosa Extract, Cholesterol, Salvia Sclarea Extract, Caffeine, Sigesbeckia Orientalis Extract, Aminopropyl Ascorbyl Phosphate, Plankton Extract, Palmitoyl Hexapeptide12, Glycine Soja Seed Extract, Micrococcus Lysate, Hypnea Musciformis Extract, Acetyl Hexapeptide8, Glycine Soja Protein, Tocopheryl Acetate, Whey Protein\Lactis Protein\Protéine Du PetitLait, Sodium Hyaluronate, Acetyl Glucosamine, Caprylyl Glycol, Carbomer, Glyceryl Polymethacrylate, Sodium Hydroxide, Peg8, Xanthan Gum, Calcium Chloride, Ammonium Acryloyldimethyltaurate, Lecithin, Sodium Citrate, Disodium Edta, Bht, Sodium Benzoate, Phenoxyethanol",5,1172,2.5,0.0,https://www.sephora.com/product/dermal-quench-wrinkle-warrior-P436903?icid2=products%20grid:p436903,2.5,39.2
Flash Rinse 1 Minute Facial,REN Clean Skincare,facial-treatments,48.0,"Coconut Alkanes, Ascorbic Acid, CocoCaprylate, Silica, Sodium Cocoyl Glutamate, Mannitol, Citrus Aurantium Dulcis Flower Oil, Yeast Extract, Helianthus Annuus Seed Oil, Boswellia Carterii Oil, Boswellia Serrata Extract, Azulene, Magnesium Ascorbyl Phosphate, Glycogen, Daucus Carota Sativa Root Extract, Daucus Carota Sativa Seed Oil, BetaCarotene, Ascorbyl Palmitate, Limonene",180,6828,2.5,0.0,https://www.sephora.com/product/flash-rinse-1-minute-facial-P387947?icid2=products%20grid:p387947,2.5,19.2
Do Not Age with Dr. Brandt Transforming Pearl Serum,Dr. Brandt Skincare,facial-treatments,152.0,"Coconut Alkanes, Ascorbic Acid, CocoCaprylate, Silica, Sodium Cocoyl Glutamate, Mannitol, Citrus Aurantium Dulcis Flower Oil, Yeast Extract, Helianthus Annuus Seed Oil, Boswellia Carterii Oil, Boswellia Serrata Extract, Azulene, Magnesium Ascorbyl Phosphate, Glycogen, Daucus Carota Sativa Root Extract, Daucus Carota Sativa Seed Oil, BetaCarotene, Ascorbyl Palmitate, Limonene",51,2725,1.35,0.0,https://www.sephora.com/product/do-not-age-with-dr-brandt-transforming-pearl-serum-P383054?icid2=products%20grid:p383054,1.35,112.59259259259258
Youth or Dare Multi-Acid & C-Serum,tarte,facial-treatments,42.0,"Ascorbic Acid, Ethoxydiglycol, Pyrus Malus Fruit Extract, Glycerin, Aminopropyl Ascorbyl Phosphate, Glycolic Acid, Sodium Hydroxide, Phytic Acid, Plankton Extract, Sodium Hyaluronate, Lecithin, Xanthan Gum, Phenoxyethanol, Caprylyl Glycol, Ethylhexylglycerin, Hexylene Glycol",79,9300,0.0,1.0,https://www.sephora.com/product/youth-or-dare-multi-acid-c-serum-P442989?icid2=products%20grid:p442989,1.0,42.0
Perfectionist Pro Instant Wrinkle Filler Tri-Polymer Blend,Estée Lauder,facial-treatments,56.0,"Ascorbic Acid, Ethoxydiglycol, Pyrus Malus Fruit Extract, Glycerin, Aminopropyl Ascorbyl Phosphate, Glycolic Acid, Sodium Hydroxide, Phytic Acid, Plankton Extract, Sodium Hyaluronate, Lecithin, Xanthan Gum, Phenoxyethanol, Caprylyl Glycol, Ethylhexylglycerin, Hexylene Glycol",7,1335,0.5,0.0,https://www.sephora.com/product/perfectionist-pro-instant-wrinkle-filler-tri-polymer-blend-P427512?icid2=products%20grid:p427512,0.5,112.0
Hangover Good In Bed Ultra-Replenishing Hydrating Serum,Too Faced,facial-treatments,39.0,"Butylene Glycol, PEG, Lactobacillus Ferment, Yogurt Powder, Sodium Hyaluronate, Hydrolyzed Sodium Hyaluronate, Algae Extract, Hylocereus Undatus Fruit Extract, Cocos Nucifera Liquid Endosperm, Cocos Nucifera Fruit Juice, Acetyl Hexapeptide8, Panthenol, Glycerin, Caffeine, Dipeptide Diaminobutyroyl Benzylamide Diacetate, Ammonium Acryloyldimethyltaurate, Caprylyl Glycol, PEG40 Hydrogenated Castor Oil, Fragrance, Phenoxyethanol, Potassium Sorbate, Sodium Metabisulfite, Mica, Titanium Dioxide",33,4151,0.98,0.0,https://www.sephora.com/product/hangover-good-in-bed-ultra-replenishing-hydrating-serum-P447127?icid2=products%20grid:p447127,0.98,39.795918367346935
Breakout Control Acne Treatment Facial Lotion,Kiehl's Since 1851,facial-treatments,48.0,"Salicylic Acid, Aloe Barbadensis Leaf Juice, DiC1213 Alkyl Malate, Niacinamide, Cyclohexasiloxane, Propylene Glycol, Aluminum Starch Octenylsuccinate, Peg100 Stearate, Glyceryl Stearate, Cetyl Alcohol, Acrylates, Sodium Hydroxide, Capryloyl Salicylic Acid, Xanthan Gum, Zinc Pca, Zingiber Officinale Root Extract, Stearyl Alcohol, Myristyl Alcohol, Octadecenedioic Acid, Citral, Bht",4,2255,2.0,0.0,https://www.sephora.com/product/dermatologist-solutions-breakout-control-acne-treatment-facial-lotion-P422491?icid2=products%20grid:p422491,2.0,24.0
Cica Balm with Bija Seed Oil,innisfree,facial-treatments,25.0,"Propanediol, Glycerin, Cyclopentasiloxane, Squalane, Cyclohexasiloxane, Cetearyl Alcohol, Panthenol, 12Hexanediol, C1216 Alcohols, Diisostearyl Malate, Polysorbate 60, Hydroxyethyl Acrylate, Acrylates, Tromethamine, Hydrogenated Lecithin, Palmitic Acid, Cetearyl Glucoside, Torreya Nucifera Seed Oil, Disodium Edta, Madecassoside, Asiaticoside, Camellia Japonica Leaf Extract, Camellia Sinensis Leaf Extract, Citrus Unshiu Peel Extract, Opuntia Coccinellifera Fruit Extract, Orchid Extract, Madecassic Acid, Asiatic Acid",8,1505,1.35,0.0,https://www.sephora.com/product/cica-balm-with-bija-seed-oil-P449866?icid2=products%20grid:p449866,1.35,18.51851851851852
Perfectionist Pro Rapid Brightening Treatment with Ferment2 + Vitamin C,Estée Lauder,facial-treatments,78.0,"Water\Aqua\Eau, Butylene Glycol, Glycerin, Glycereth26, Isononyl Isononanoate, Dimethicone, Propanediol, Ascorbyl Glucoside, Algae Extract, Sucrose, Acetyl Glucosamine, Hydroxyethyl Urea, Lens Esculenta Fruit Extract, Citrullus Lanatus Fruit Extract, Pyrus Malus Fruit Extract, Molasses Extract\Saccharum Officinarum\Extrait De Melasse, Myrtus Communis Leaf Extract, Avena Sativa Kernel Extract, Triticum Vulgare Germ Extract, Hordeum Vulgare Extract\Extrait D'Orge, Cladosiphon Okamuranus Extract, Salicylic Acid, Hydrolyzed Prunus Domestica, Caffeine, Sodium Lactate, Dipotassium Glycyrrhizate, Squalane, Oryzanol, Resveratrol, Sodium Hyaluronate, Sodium Pca, Ethylhexylglycerin, BisPeg18 Methyl Ether Dimethyl Silane, Tocopheryl Acetate, Peg75, Oleth3 Phosphate, Sorbitol, Caprylyl Glycol, Oleth3, Sodium Polyaspartate, Oleth5, Acrylates, Propylene Glycol Caprylate, Dextrin, Yeast Extract\Faex\Extrait De Levure, Choleth24, Carbomer, Sodium Hydroxide, Ceteth24, Xanthan Gum, Fragrance, Glyceryl Acrylate, Citric Acid, Sodium Citrate, Disodium Edta, Bht, Potassium Sorbate, Sodium Benzoate, Phenoxyethanol",0,496,1.0,0.0,https://www.sephora.com/product/estee-lauder-perfectionist-pro-rapid-brightening-treatment-with-ferment2-vitamin-c-P454939?icid2=products%20grid:p454939,1.0,78.0
Skin Love Glow Elixir,BECCA,facial-treatments,48.0,"Butylene Glycol, Ascorbyl Glucoside, Honey, Methyl Gluceth20, BISPEG18 Methyl Ether Dimethyl Silane, Acetyl Glucosamine, Glycyrrhiza Glabra Leaf Extract, Sigesbeckia Orientalis Extract, Whey Protein, Vaccinium Macrocarpon Fruit Extract, Lycium Chinense Fruit Extract, Paeonia Suffruticosa Root Extract, Gentiana Lutea Root Extract, Vaccinium Angustifolium Fruit Extract, Algae Extract, Polygonum Cuspidatum Root Extract, Yeast Extract, Molasses Extract, Hydrolyzed Rice Bran Extract, Caffeine, Sodium Hyaluronate, Tocopheryl Linoleate, Fragrance, Trehalose, Squalane, Ergothioneine, Glycerin, Glycereth26, PEG75, Oleth3 Phosphate, Mica, Oleth3, Titanium Dioxide, Caprylyl Glycol, Carbomer, Oleth5, Xanthan Gum, Citric Acid, Hexylene Glycol, Ethylhexyl Methoxycinnamate, Sodium Hydroxide, Linalool, Geraniol, AlphaIsomethyl Ionone, Citronellol, Tetrasodium EDTA, Disodium EDTA, Blue 1, BHT, Phenoxyethanol",123,11158,0.98,0.0,https://www.sephora.com/product/skin-love-glow-elixir-P434380?icid2=products%20grid:p434380,0.98,48.979591836734684
TIME RESPONSE Skin Reserve Serum,AMOREPACIFIC,facial-treatments,280.0,"Camellia Sinensis Leaf Butylene Glycol, Glycerin, Alcohol, Trehalose, Phyllostachis Bambusoides Juice, Glycereth26, Hydrogenated Poly, Dimethicone, Hydrogenated Lecithin, Propanediol, Pentaerythrityl Tetraethylhexanoate, Polymethylsilsesquioxane, Panthenol, Cetearyl Olivate, 12Hexanediol, Peg5 Rapeseed Sterol, Sorbitan Olivate, Sodium Polyacrylate, Hydrogenated Polydecene, Fragrance, 12Hexanediol, Ammonium Acryloyldimethyltaurate, Acrylates, Xanthan Gum, Tromethamine, Glycyrrhiza Glabra Root Extract, Adenosine, Disodium Edta, Ethylhexylglycerin, BetaGlucan, Ppg5Laureth5, Ethylhexylglycerin, Glycine Soja Seed Extract, Natto Gum, Dextrin, Theobroma Cacao Extract, Camellia Sinensis Leaf Extract, Disodium Edta, Phenoxyethanol, Poloxamer 235, Betaine, Ethoxydiglycol, Epigallocatechin Gallate, Camellia Sinensis Flower Extract, Tocophersolan, Poloxamer 338, Panax Ginseng Root Extract, Glucose, Acetic Acid, Potassium Hydroxide, Caprylyl Glycol, Tocopherol",0,349,0.5,0.0,https://www.sephora.com/product/time-response-skin-reserve-serum-P437679?icid2=products%20grid:p437679,0.5,560.0
Focuspot™ Dark Circle Micro Tip Patch,Dr. Jart+,facial-treatments,18.0,"Sodium Hyaluronate, Glycerin, Oxidized Glutathione, Niacinamide, Acetyl Tetrapeptide5, Butylene Glycol, Dimethyl Isosorbide, Curcumin, Hydroxypinacolone Retinoate, Phoenix Dactylifera Seed, Chenopodium Quinoa Seed Extract, Adenosine, Phenoxyethanol",100,0,0.0,0.0,https://www.sephora.com/product/focuspot-dark-circle-micro-tip-patch-P442855?icid2=products%20grid:p442855,1.3213098086124409,13.622845968957506
Tight'N™ Cryogenic Tightening Gel,Kate Somerville,facial-treatments,98.0,"Sodium Hyaluronate, Glycerin, Oxidized Glutathione, Niacinamide, Acetyl Tetrapeptide5, Butylene Glycol, Dimethyl Isosorbide, Curcumin, Hydroxypinacolone Retinoate, Phoenix Dactylifera Seed, Chenopodium Quinoa Seed Extract, Adenosine, Phenoxyethanol",136,2944,3.75,0.0,https://www.sephora.com/product/tight-n-tm-cryogenic-tightening-gel-P424946?icid2=products%20grid:p424946,3.75,26.13333333333333
Breakout Clearing Booster,Dermalogica,facial-treatments,21.0,"PPG15 Stearyl Ether, Glycerin, Butylene Glycol, Isopropyl Lauroyl Sarcosinate, Niacinamide, Salicylic Acid, Cetearyl Glucoside, Polysorbate 20, Chlorella Vulgaris Extract, Thymol, Terpineol, Citrus Aurantium Dulcis Peel Oil, Chondrus Crispus Extract, Lactic Acid, Sodium Hyaluronate, Tocopherol, Dimethicone, Lecithin, Pullulan, Sclerotium Gum, Xanthan Gum, Propanediol, Gluconolactone, Silica, Ethylhexylglycerin, Tetrasodium Glutamate Diacetate, Sodium Citrate, Sodium Benzoate, Sodium Hydroxide, Phenoxyethanol",121,1596,1.0,0.0,https://www.sephora.com/product/breakout-clearing-booster-P443364?icid2=products%20grid:p443364,1.0,21.0
Flawless + Fearless Breakout Control Kit,HUM Nutrition,facial-treatments,29.0,"PPG15 Stearyl Ether, Glycerin, Butylene Glycol, Isopropyl Lauroyl Sarcosinate, Niacinamide, Salicylic Acid, Cetearyl Glucoside, Polysorbate 20, Chlorella Vulgaris Extract, Thymol, Terpineol, Citrus Aurantium Dulcis Peel Oil, Chondrus Crispus Extract, Lactic Acid, Sodium Hyaluronate, Tocopherol, Dimethicone, Lecithin, Pullulan, Sclerotium Gum, Xanthan Gum, Propanediol, Gluconolactone, Silica, Ethylhexylglycerin, Tetrasodium Glutamate Diacetate, Sodium Citrate, Sodium Benzoate, Sodium Hydroxide, Phenoxyethanol",19,6604,0.0,0.0,https://www.sephora.com/product/flawless-fearless-supplements-P399664?icid2=products%20grid:p399664,1.3213098086124409,21.94791850554265
Renewed Hope in A Jar Dew Facial Serum,philosophy,facial-treatments,45.0,"Pentylene Glycol, Glycerin, BisPeg18 Methyl Ether Dimethyl Silane, 12Hexanediol, Caprylyl Glycol, Propanediol, Carbomer, Hydrolyzed Soy Protein, Butylene Glycol, Ppg26Buteth26, Peg40 Hydrogenated Castor Oil, Fragrance, Sodium Hydroxide, Allantoin, Glyceryl Polyacrylate, Disodium Edta, Phenoxyethanol, Glutathione, Ascorbyl Glucoside, Evodia Rutaecarpa Fruit Extract, Dimethylmethoxy Chromanol, Potassium Ascorbyl Tocopheryl Phosphate, Maltodextrin, Sodium Hyaluronate, Jasminum Officinale Flower Extract, Potassium Sorbate, Polysorbate 20, Resveratrol, Limonene, Aloe Barbadensis Leaf Juice, Citral, Bht, Ethylhexylglycerin, Palmitoyl Tripeptide1, Palmitoyl Tetrapeptide7, Benzyl Alcohol",22,2501,1.0,0.0,https://www.sephora.com/product/renewed-hope-in-jar-renewing-dew-concentrate-P433605?icid2=products%20grid:p433605,1.0,45.0
Acne Solutions Clearing Concealer,CLINIQUE,facial-treatments,19.0,"Butylene Glycol, Cetyl Esters, Stearic Acid, Kaolin, Glyceryl Dilaurate, Hydrogenated Polyisobutene, Steareth21, Laminaria Saccharina Extract, Caffeine, Peg150 Pentaerythrityl Tetrastearate, Steareth2, Glyceryl Stearate, Lecithin, Acetyl Glucosamine, Cellulose Gum, 10Hydroxydecanoic Acid, Magnesium Aluminum Silicate, Silica, Xanthan Gum, Aminomethyl Propanediol, Simethicone, Tocopheryl Acetate, Disodium Edta, Phenoxyethanol, Potassium Sorbate, ",589,16174,0.34,0.0,https://www.sephora.com/product/acne-solutions-clearing-concealer-P244700?icid2=products%20grid:p244700,0.34,55.882352941176464
True Blue Hydrating Serum,Dr Roebuck's,facial-treatments,60.0,"Betaine, Propanediol, Glycerin, Biosaccharide gum1, Pentylene Glycol, Sodium Hyaluronate, Creatine, Glyceryl Caprylate, Sodium Polyacrylate, Ascorbyl Tetraisopalmitate, Niacinamide, Fructose, Urea, Citric Acid, Sodium Hydroxide, Maltose, Sodium PCA, Sodium Chloride, Sodium Lactate, Trehalose, Allantoin, Glucose, Carnosine, Tocopherol, Cucumis Sativus Seed Oil, Ubiquinone, Sodium Acrylates Copolymer, Caprylyl Glycol, Lecithin, Dehydroxanthan Gum, Mentha Piperita Oil",22,1756,1.0,0.0,https://www.sephora.com/product/true-blue-hydrating-serum-P430837?icid2=products%20grid:p430837,1.0,60.0
Clear Skin Days by Sephora Collection Spot Eraser Stick,SEPHORA COLLECTION,facial-treatments,6.0,"Alcohol Denat, Allantoin, Betaine, Glycerin, Mexican Giant Hyssop Flower, Phenoxyethanol, Propanediol, Salicylic Acid, Sodium Gluconate, Sodium Hydroxide, Water",51,4676,0.0,0.0,https://www.sephora.com/product/spot-eraser-stick-P446623?icid2=products%20grid:p446623,1.3213098086124409,4.540948656319168
Herbal Hydrating Serum,Mario Badescu,facial-treatments,30.0,"Glycerin, Propylene Glycol, Dimethicone, Carbomer, Gingko Biloba Leaf Extract, Panax Ginseng Root Extract, Triethanolamine, Dimethiconol, Caprylyl Glycol, Cyclopentasiloxane, Ethylhexyl Cocate, Hexylene Glycol, Sodium Chloride, Phenyl Trimethicone, Glycolipids, Lecithin, Phenoxyethanol, Blue 1, Yellow 5",4,2281,1.0,0.0,https://www.sephora.com/product/mario-badescu-herbal-hydrating-serum-P440497?icid2=products%20grid:p440497,1.0,30.0
Kx Active Concentrates Bio-Mimicking Peptides Serum,Kate Somerville,facial-treatments,98.0,"PPG24Glycereth24, Glycerin, Propanediol, Spondias Mombin Pulp Extract, Mangifera Indica Pulp Extract, Musa Sapientum Pulp Extract, Acetyl Glutamine, Sodium Hyaluronate, Acer Rubrum Extract, shPolypeptide1, shOligopeptide2, shOligopeptide1, shPolypeptide9, shPolypeptide11, Panthenol, Cichorium Intybus Leaf Extract, Zinc PCA, Caprylyl Glycol, Glycine Soja Seed Extract, Lecithin, Sclerotium Gum, Pullulan, 12Hexanediol, Bacillus, Caprylhydroxamic Acid, Silica, Adenosine, Benzyl Alcohol, Potassium Sorbate, Capryl Glycol, Butylene Glycol, Hexylene Glycol, Disodium EDTA, Citric Acid, Sodium Benzoate, Xanthan Gum",333,1883,1.0,0.0,https://www.sephora.com/product/kx-active-concentrates-bio-mimicking-peptides-P442867?icid2=products%20grid:p442867,1.0,98.0
Glowing Skin Smoothie Serum Protect and Smooth,Edible Beauty,facial-treatments,39.0,"Aloe Barbadensis Leaf, Glycerin, Brassica Oleracea Italica, Acacia Senegal, Xanthan Gum, Brassica Oleracea Sabellica, Silybum Marianum, Malus Domestica, Rumex Occidentalis Extract, Musa Paradisiaca Leaf, Cucumis Sativa Oil, pAnisic acid, Cucurbita Pepo Seed Oil, Glyceryl Caprylate",16,2709,1.0,0.0,https://www.sephora.com/product/glowing-skin-smoothie-serum-protect-smooth-P443540?icid2=products%20grid:p443540,1.0,39.0
Capture Youth Matte Maximizer Age-Delay Mattifying Serum,Dior,facial-treatments,95.0,"Aqua, Alcohol, Dipropylene Glycol, Glycerin, Propylene Glycol, Lactic Acid, Hydroxyethyl Acrylate, Betaine, Cellulose, Vinyl Dimethicone, Phenoxyethanol, Sodium Hydroxide, Peg60 Hydrogenated Castor Oil, Zinc Gluconate, Parfum, Alcaligenes Polysaccharides, Xanthan Gum, Sodium Citrate, Polysorbate 60, Sorbitan Isostearate, Kaolin, Adenosine, Sodium Tocopheryl Phosphate, Peg7 Glyceryl Cocoate, Illite, Sodium Metabisulfite, Ci 77491, Synthetic Fluorphlogopite, Polyquaternium7, Iris Florentina Root Extract, Bht, Methylsilanol TriPeg8 Glyceryl Cocoate, Tocopherol, Ci 14700, Ci 60730, Ci 19140",6,0,1.0,0.0,https://www.sephora.com/product/capture-youth-matte-maximizer-age-delay-mattifying-serum-P427733?icid2=products%20grid:p427733,1.0,95.0
MAGNETIGHT Age-Defier™ Mask,Dr. Brandt Skincare,facial-treatments,75.0,"Aqua, Alcohol, Dipropylene Glycol, Glycerin, Propylene Glycol, Lactic Acid, Hydroxyethyl Acrylate, Betaine, Cellulose, Vinyl Dimethicone, Phenoxyethanol, Sodium Hydroxide, Peg60 Hydrogenated Castor Oil, Zinc Gluconate, Parfum, Alcaligenes Polysaccharides, Xanthan Gum, Sodium Citrate, Polysorbate 60, Sorbitan Isostearate, Kaolin, Adenosine, Sodium Tocopheryl Phosphate, Peg7 Glyceryl Cocoate, Illite, Sodium Metabisulfite, Ci 77491, Synthetic Fluorphlogopite, Polyquaternium7, Iris Florentina Root Extract, Bht, Methylsilanol TriPeg8 Glyceryl Cocoate, Tocopherol, Ci 14700, Ci 60730, Ci 19140",284,18605,0.0,3.0,https://www.sephora.com/product/magnetight-age-defier-P411254?icid2=products%20grid:p411254,3.0,25.0
Perky Collagen Boosting Serum,Dr Roebuck's,facial-treatments,60.0,"Purified Glycerin, Niacinamide, Aloe Barbadensis Leaf Juice, Caprylic, Biosaccharide Gum1, CocoCaprylate, Sodium Hyaluronate, Carnosine, Dehydroacetic Acid, Benzyl Alcohol, Alcohol, Acanthopanax Senticosus Extract, Xanthan Gum, Potassium Sorbate, Citric Acid, Ascorbyl Tetraisopalmitate, Creatine, Squalane, Plukenetia Volubilis Seed Oil, Pullulan, Tocopheryl Acetate, Caprylyl Glycol, Sodium Polyacrylate, Xanthan Gum, Cymbopogon Flexuosus Oil",37,2202,1.0,0.0,https://www.sephora.com/product/perky-collagen-boosting-serum-P430824?icid2=products%20grid:p430824,1.0,60.0
Wild Seed Firming Serum,Primera,facial-treatments,74.0,"Glycerin, Hydrogenated Poly, Propanediol, Pentaerythrityl Tetraethylhexanoate, Dimethicone, Polyglyceryl3 Methylglucose Distearate, Butylene Glycol, 12Hexanediol, Butyrospermum Parkii Butter, Glyceryl Stearate, Cetearyl Alcohol, Glyceryl Stearate Citrate, Hydrogenated Vegetable Oil, Sodium Polyacrylate, Stearic Acid, Palmitic Acid, Hydrogenated Polydecene, Fragrance, Glyceryl Caprylate, Carbomer, Disodium Edta, Xanthan Gum, Tromethamine, Xylitylglucoside, Adenosine, Anhydroxylitol, Dextrin, Theobroma Cacao Extract, Ppg5Laureth5, Xylitol, Glycine Soja Sprout Extract, Glycine Soja Seed Extract, Natto Gum, Glycine Soja Seed Extract, Myristic Acid, Glucose, Lauric Acid, Ethylhexylglycerin",151,1858,1.6,0.0,https://www.sephora.com/product/primera-wild-seed-firming-serum-P447187?icid2=products%20grid:p447187,1.6,46.25
Vitamin A Serum,Alpha-H,facial-treatments,70.0,"Glycerin, Methyl Gluceth20, Polysorbate 80, Polyacrylate Crosspolymer6, Phenoxyethanol, Squalane, Retinol, Polysorbate 20, Simmondsia Chinensis Seed Oil, Solanum Lycopersicum Fruit Extract, Prunus Amygdalus Dulcis Oil, Oenothera Biennis Oil, Macadamia Ternifolia Seed Oil, Retinyl Propionate, Caprylyl Glycol, Sodium Stearoyl Glutamate, Disodium Edta, Citric Acid",3,917,0.85,0.0,https://www.sephora.com/product/vitamin-a-P442540?icid2=products%20grid:p442540,0.85,82.3529411764706
Silver Powder,Mario Badescu,facial-treatments,12.0,"Calcium Carbonate, Kaolin, Zinc Oxide",19,3231,1.0,0.0,https://www.sephora.com/product/mario-badescu-silver-powder-P440499?icid2=products%20grid:p440499,1.0,12.0
Mild Facial Peeling Gel,Primera,facial-treatments,38.0,"Glycerin, Steartrimonium Methosulfate, Acrylates, Isopropyl Alcohol, Fragrance, Distearyldimonium Chloride, Cocamidopropyl Betaine, Butylene Glycol, Sodiumchloride, Brassica Oleracea Italica Extract, Sodium Benzoate, Melia Azadirachta Extract, Phyllanthusemblica Extract, Fragaria Vesca Leaf Extract, Helianthus Annuus Extract, Brassica Oleraceagemmifera Extract, Borago Officinalis Extract, Polyquaternium51, Phenoxyethanol, Disodium Edta",20,2404,5.0,0.0,https://www.sephora.com/product/primera-mild-facial-peeling-gel-P447186?icid2=products%20grid:p447186,5.0,7.6
Beauty Shroom™ Plumping Jelly Serum,Moon Juice,facial-treatments,58.0,"Betaine, Coconut Oil Polyglyceryl6 Esters, Glycerin, Tremella Fuciformis Sporocarp Extract, Sodium Polyglutamate, Hydrolyzed Hyaluronic Acid, Ganoderma Lucidum Extract, Rosa Damascena Oil, Santalum Austrocaledonicum Wood Oil, Pogostemon Cablin Oil, Polyglyceryl10 Oleate, Oryza Sativa Bran Oil, Tocopherol, Tocotrienols, Citric Acid, Lonicera Caprifolium Flower Extract, Lonicera Japonica Flower Extract",117,8512,1.0,0.0,https://www.sephora.com/product/beauty-shroom-tm-plumping-jelly-serum-P432831?icid2=products%20grid:p432831,1.0,58.0
Precision Lifting & Pore-Tightening Concentrate,Kiehl's Since 1851,facial-treatments,86.0,"Butylene Glycol, BisPeg18 Methyl Ether Dimethyl Silane, Methyl Gluceth20, Peg20, Squalane, Dimethicone, Alcohol Denat, Octyldodecanol, Cyclohexasiloxane, Lauroyl Lysine, Carbomer, Phenoxyethanol, Tocopheryl Acetate, Hydrogenated Lecithin, Pentylene Glycol, Caprylyl Glycol, Polysilicone11, Yeast Extract, Xanthan Gum, Acrylates, Pvp, Pelargonium Graveolens Flower Oil, Adenosine, Capryloyl Salicylic Acid, Disodium Edta, Sodium Hydroxide, Soybean Protein, Citronellol, Geraniol, Rosemary Leaf Oil, Linalool, Citral, Limonene",12,2341,0.0,2.5,https://www.sephora.com/product/precision-lifting-pore-tightening-concentrate-P422252?icid2=products%20grid:p422252,2.5,34.4
V7 Antioxidant Serum,Dr. Jart+,facial-treatments,58.0,"Olea Europaea Fruit Oil, CocoCaprylate, Camellia Japonica Seed Oil, Simmondsia Chinensis Seed Oil, Alcohol, Glycerin, Niacinamide, 12Hexanediol, Pentylene Glycol, Sodium Chloride, Hydrogenated Lecithin, Coccinia Indica Fruit Extract, Eclipta Prostrata Extract, Polyglyceryl10 Stearate, Ethylhexylglycerin, Xanthan Gum, Citrus Reticulata Peel Extract, Panthenol, Pogostemon Cablin Leaf Extract, Salvia Sclarea Oil, Adenosine, Sodium Hyaluronate, Tocopheryl Acetate, Butylene Glycol, Melia Azadirachta Flower Extract, Melia Azadirachta Leaf Extract, Curcuma Longa Root Extract, Ocimum Sanctum Leaf Extract, Ficus Carica Fruit Extract, Ginkgo Biloba Nut Extract, Morus Alba Fruit Extract, Punica Granatum Fruit Extract, Corallina Officinalis Extract, Linoleic Acid, Biotin, Menadione, Ascorbic Acid",8,1441,1.35,0.0,https://www.sephora.com/product/v7-antioxidant-serum-P445467?icid2=products%20grid:p445467,1.35,42.96296296296296
Clear Skin Days by Sephora Collection Mattifying Booster Powder,SEPHORA COLLECTION,facial-treatments,11.0,"Olea Europaea Fruit Oil, CocoCaprylate, Camellia Japonica Seed Oil, Simmondsia Chinensis Seed Oil, Alcohol, Glycerin, Niacinamide, 12Hexanediol, Pentylene Glycol, Sodium Chloride, Hydrogenated Lecithin, Coccinia Indica Fruit Extract, Eclipta Prostrata Extract, Polyglyceryl10 Stearate, Ethylhexylglycerin, Xanthan Gum, Citrus Reticulata Peel Extract, Panthenol, Pogostemon Cablin Leaf Extract, Salvia Sclarea Oil, Adenosine, Sodium Hyaluronate, Tocopheryl Acetate, Butylene Glycol, Melia Azadirachta Flower Extract, Melia Azadirachta Leaf Extract, Curcuma Longa Root Extract, Ocimum Sanctum Leaf Extract, Ficus Carica Fruit Extract, Ginkgo Biloba Nut Extract, Morus Alba Fruit Extract, Punica Granatum Fruit Extract, Corallina Officinalis Extract, Linoleic Acid, Biotin, Menadione, Ascorbic Acid",21,2602,0.0,0.0,https://www.sephora.com/product/mattifying-booster-powder-P446625?icid2=products%20grid:p446625,1.3213098086124409,8.325072536585141
Kinetin+ Rejuvenating Serum,Obagi Clinical,facial-treatments,95.0,"Propanediol, Butylene Glycol, PEG12, Glyceryl Dimyristate, Methyl Gluceth20, Sorbitan Laurate, Phenoxyethanol, Xanthan Gum, Cellulose Gum, Oryza Sativa Extract, Ethoxydiglycol, Glycerin, Malus Domestica Fruit Cell Culture Extract, Lecithin, Polyglyceryl4 Laurate, Kinetin, Zeatin, Ethylhexylglycerin, Biosaccharide Gum1, Citric Acid, Sodium Hyaluronate, Dilauryl Citrate, Baicalin, 12Hexanediol, Caprylyl Glycol, Inulin Lauryl Carbamate, Ergothioneine, Tetrapeptide26",117,2499,1.0,0.0,https://www.sephora.com/product/kinetin-rejuvenating-serum-P439426?icid2=products%20grid:p439426,1.0,95.0
15% Niacinamide Gel Serum,SOBEL SKIN Rx,facial-treatments,75.0,"Niacinamide, Glycerin, Hydroxyethylcellulose, Allantoin, Chamomilla Recutita Flower Extract, Cucumis Sativus Fruit Extract, Bisabolol, Zingiber Officinale Root Extract, Phenoxyethnaol, Ethylhexylglycerin",91,263,1.7,0.0,https://www.sephora.com/product/sobel-skin-rx-15-niacinamide-gel-serum-P451748?icid2=products%20grid:p451748,1.7,44.11764705882353
Ain’t Misbehavin’® Intensive 10% Sulfur Acne Mask & Emergency Spot Treatment,DERMAdoctor,facial-treatments,48.0,"Kaolin, Magnesium Aluminum Silicate, Glycerin, Bentonite, Boswellia Serrata Extract, Butylene Glycol, PEG60 Almond Glycerides, Caprylyl Glycol, Carbomer, Nordihydroguaiaretic Acid, Oleanolic Acid, Citric Acid, Phenoxyethanol, Ethylhexylglycerin, Zinc Oxide, Evodia Rutaecarpa Extract, Titanium Dioxide, Chamomilla Recutita Flower Extract, Allantoin, Phytosphingosine, Salix Nigra Bark Extract, Xanthan Gum, Panthenol, Potassium Sorbate, Camellia Sinensis Leaf Extract, Propylene Glycol, BHT, Hamamelis Virginiana Extract, Avena Sativa Kernel Extract, Citrus Medica Limonum Peel Oil, Fragrance",24,4341,2.3,0.0,https://www.sephora.com/product/ain-t-misbehavin-intensive-10-sulfur-acne-mask-emergency-spot-treatment-P407176?icid2=products%20grid:p407176,2.3,20.869565217391305
Age Defying Smoothing Treatment,Eve Lom,facial-treatments,150.0,"Cyclopentasiloxane, Dimethicone Crosspolymer, Trimethylsiloxysilicate, C1215 Alkyl Benzoate, Ethylhexyl Cocoate, Lecithin, Tocotrienols, Elaeis Guineensis Oil, C3045 Alkyl Methicone, C3045 Olefin, Caprylyl Glycol, Bht, Tocopherol, Squalene, Phytosterols, Acetyl Hexapeptide8, Glycosphingolipids",5,1284,1.08,0.0,https://www.sephora.com/product/age-defying-smoothing-treatment-P416532?icid2=products%20grid:p416532,1.08,138.88888888888889
Peat Miracle Revital Serum Concentrate,belif,facial-treatments,60.0,"Peat Extract, Dipropylene Glycol, Alcohol Denat, Glycerin, Methyl Gluceth20, Butylene Glycol, Lactobacillus, 12Hexanediol, PEG150, Aminobutyric Acid, Rosa Damascena Flower Extract, Althaea Officinalis Root Extract, Spiraea Ulmaria Flower Extract, Viola Tricolor Extract, Alchemilla Vulgaris Leaf Extract, Nepeta Cataria Extract, Avena Sativa Kernel Extract, Rubus Idaeus Leaf Extract, Calendula Officinalis Flower Extract, Stellaria Media Extract, Baptisia Tinctoria Root Extract, Glycyrrhiza Glabra Root Extract, Achillea Millefolium Flower Extract, Euphrasia Officinalis Extract, Aesculus Hippocastanum Leaf Extract, Rhodiola Rosea Root Extract, Vaccinium Myrtillus Fruit Extract, Equisetum Arvense Leaf Extract, Sodium Hyaluronate, Saccharomyces, Saccharomyces, Panthenol, Theobroma Cacao Extract, PEG40 Hydrogenated Castor Oil, Glyceryl Acrylate, Hydroxyethylcellulose, Sodium Polyacrylate, Trisodium EDTA, Fragrance, Citronellol, Limonene, Geraniol, Linalool",35,7180,1.01,0.0,https://www.sephora.com/product/peat-miracle-revital-serum-concentrate-P414006?icid2=products%20grid:p414006,1.01,59.40594059405941
Renewed Hope in a Jar Peeling Mousse Instant Glow Facial,philosophy,facial-treatments,35.0,"Peat Extract, Dipropylene Glycol, Alcohol Denat, Glycerin, Methyl Gluceth20, Butylene Glycol, Lactobacillus, 12Hexanediol, PEG150, Aminobutyric Acid, Rosa Damascena Flower Extract, Althaea Officinalis Root Extract, Spiraea Ulmaria Flower Extract, Viola Tricolor Extract, Alchemilla Vulgaris Leaf Extract, Nepeta Cataria Extract, Avena Sativa Kernel Extract, Rubus Idaeus Leaf Extract, Calendula Officinalis Flower Extract, Stellaria Media Extract, Baptisia Tinctoria Root Extract, Glycyrrhiza Glabra Root Extract, Achillea Millefolium Flower Extract, Euphrasia Officinalis Extract, Aesculus Hippocastanum Leaf Extract, Rhodiola Rosea Root Extract, Vaccinium Myrtillus Fruit Extract, Equisetum Arvense Leaf Extract, Sodium Hyaluronate, Saccharomyces, Saccharomyces, Panthenol, Theobroma Cacao Extract, PEG40 Hydrogenated Castor Oil, Glyceryl Acrylate, Hydroxyethylcellulose, Sodium Polyacrylate, Trisodium EDTA, Fragrance, Citronellol, Limonene, Geraniol, Linalool",144,1398,2.5,0.0,https://www.sephora.com/product/renewed-hope-in-jar-peeling-mousse-instant-glow-facial-P441325?icid2=products%20grid:p441325,2.5,14.0
Beauty Sleep Power Peel,Alpha-H,facial-treatments,129.0,"Glycolic Acid, Caprylic, Dimethicone, Cetearyl Alcohol, Glyceryl Stearate, Peg100 Stearate, Cyclopentasiloxane, Euglena Gracilis Extract, Potassium Hydroxide, Ceteareth20, Sodium Carrageenan, Glycerin, Stearic Acid, Hydrolyzed Wheat Flour, Phenoxyethanol, Maltodextrin, Simmondsia Chinensis Seed Oil, Dimethicone Crosspolymer, Parfum, Butyrospermum Parkii Butter, Mangifera Indica Seed Butter, Prunus Amygdalus Dulcis Oil, Retinol, Tocopheryl Acetate, Vitis Vinifera Seed Oil, Panthenol, Tanacetum Annuum Flower Oil, Gluconolactone, Allantoin, Disodium Edta, Sodium Benzoate, Aloe Barbadensis Leaf, Calcium Pantothenate, Xanthan Gum, Caprylyl Glycol, Proline, Serine, Sodium Hyaluronate, Urea, Magnesium Lactate, Papain, Ethylhexylglycerin, Calcium Gluconate, Alanine, Magnesium Chloride, Sodium Citrate, Limonene, Linalool",3,1270,1.69,0.0,https://www.sephora.com/product/beauty-sleep-power-peel-P442542?icid2=products%20grid:p442542,1.69,76.33136094674556
Ningaloo Copper Peptide Firming Serum,Dr Roebuck's,facial-treatments,68.0,"Sodium Hyaluronate, Sodium Acetylated Hyaluronate, Copper Tripeptide1, Banksia Serrata Flower Extract, Glucanolactone",6,1382,1.01,0.0,https://www.sephora.com/product/ningaloo-copper-peptide-firming-serum-P449404?icid2=products%20grid:p449404,1.01,67.32673267326733
R45 The Lift 3-Phase Advanced Neck Contouring Treatment,BeautyBio,facial-treatments,85.0,"Ethylhexyl Stearate, Caprylic, Glycerin, Butyrospermum Parkii Butter, Propanediol, Theobroma Cacao Seed Butter, Glyceryl Stearate Citrate, Cetearyl Alcohol, Glyceryl Stearate, Peg100 Stearate, Cetyl Alcohol, Dimethicone Peg7 Isostearate, Prunus Amygdalus Dulcis Seed Extract, Sorghum Bicolor Stalk Juice, Dimethicone, Xymenynic Acid, Spilanthes Acmella Flower Extract, Sodium Polystyrene Sulfonate, Tartaric Acid, Lactic Acid, Caprylyl Glycol, Polyacrylamide, Phenoxyethanol, Disodium Edta, Steareth20, C1314 Isoparaffin, Aminomethyl Propanol, Steareth10, Laureth7, Sorbic Acid, Carbomer, Xanthan Gum, Ethylhexylglycerin, Potassium Sorbate, Sodium Benzoate, Tocopherol",7,1091,0.17,0.0,https://www.sephora.com/product/r45-lift-3-phase-advanced-neck-contouring-treatment-P443812?icid2=products%20grid:p443812,0.17,500.0
Alpha Hydroxy Acid Serum,The INKEY List,facial-treatments,10.99,"Propanediol, Vaccinium Myrtillus Fruit Extract, Glycerin, Saccharum Officinarum Extract, Ascorbyl Glucoside, Sodium Hydroxide, Sodium Hyaluronate, Citrus Aurantium Dulcis Fruit Extract, Citrus Limon Fruit Extract, Xanthan Gum, Acer Saccharum Extract, Sodium Benzoate, Allantoin, Sodium Levulinate, Potassium Sorbate, Sodium Anisate, Trisodium Ethylenediamine Disuccinate",48,2177,1.0,0.0,https://www.sephora.com/product/alpha-hydroxy-acid-serum-P443822?icid2=products%20grid:p443822,1.0,10.99
Green Barley Daily Refining Serum,innisfree,facial-treatments,26.0,"Propanediol, Alcohol, Glycerin, Sodium Lactate, Achillea Millefolium Extract, Glycolic Acid, Lactobionic Acid, Saccharomyces, Oryza Sativa Extract, Hordeum Vulgare Seed Extract, Camellia Sinensis Leaf Extract, Opuntia Coccinellifera Fruit Extract, Camellia Japonica Leaf Extract, Citrus Unshiu Peel Extract, Orchid Extract, Butylene Glycol, Pentylene Glycol, Glyceryl Caprylate, Ethylhexylglycerin, Xanthan Gum, Disteareth100 Ipdi, Ammonium Acryloyldimethyltaurate, Peg60 Hydrogenated Castor Oil, Disodium Edta, Fragrance",2,1806,1.69,0.0,https://www.sephora.com/product/green-barley-daily-refining-serum-P449865?icid2=products%20grid:p449865,1.69,15.384615384615385
The Nightly Retinol + Peptide Anti-Aging Serum,BeautyBio,facial-treatments,95.0,"Ethylhexyl Palmitate, Glycerin, Peg40 Hydrogenated Castor Oil, Caprylic, Sodium Hyaluronate, Bisabolol, Leontopodium Alpinum Meristem Cell Culture, Dimethyl Isosorbide, Panthenol, Tetrahexyldecyl Ascorbate, Amorphophallus Konjac Root Powder, Leuconostoc, Commiphora Mukul Resin Extract, Tocopherol, Allantoin, Hydroxypinacolone Retinoate, Palmitoyl Tripeptide28, Disodium Edta, Carbomer, Trihydroxystearin, Aminomethyl Propanol, Phenoxyethanol, Xanthan Gum, Silica, Chlorphenesin, Benzoic Acid, Butylene Glycol, Sorbic Acid, Mica, Titanium Dioxide",4,2079,1.0,0.0,https://www.sephora.com/product/the-nightly-retinol-peptide-anti-aging-serum-P438640?icid2=products%20grid:p438640,1.0,95.0
Pure Brightening Serum,Primera,facial-treatments,62.0,"Ethylhexyl Palmitate, Glycerin, Peg40 Hydrogenated Castor Oil, Caprylic, Sodium Hyaluronate, Bisabolol, Leontopodium Alpinum Meristem Cell Culture, Dimethyl Isosorbide, Panthenol, Tetrahexyldecyl Ascorbate, Amorphophallus Konjac Root Powder, Leuconostoc, Commiphora Mukul Resin Extract, Tocopherol, Allantoin, Hydroxypinacolone Retinoate, Palmitoyl Tripeptide28, Disodium Edta, Carbomer, Trihydroxystearin, Aminomethyl Propanol, Phenoxyethanol, Xanthan Gum, Silica, Chlorphenesin, Benzoic Acid, Butylene Glycol, Sorbic Acid, Mica, Titanium Dioxide",1,1333,1.0,0.0,https://www.sephora.com/product/primera-pure-brightening-serum-P447185?icid2=products%20grid:p447185,1.0,62.0
The Microdelivery Triple-Acid Brightening Peel,philosophy,facial-treatments,70.0,"Sd Alcohol 40b, Glycereth-7 Trimethyl Ether, Niacinamide, Mandelic Acid, Peg-8, Triethanolamine, Azelaic Acid, Phytic Acid, Bisabolol",203,5266,0.0,10.08,https://www.sephora.com/product/the-microdelivery-triple-acid-brightening-peel-P302800?icid2=products%20grid:p302800,10.08,6.9444444444444455
WHITE Advanced Brightening Serum,Eve Lom,facial-treatments,150.0,"Niacinamide, Propanediol, Glycerin, Ascorbyl Tetraisopalmitate, Betaine, Xylitylglucoside, Methyl Methacrylate Crosspolymer, Phenoxyethanol, Dimethicone, Anhydroxylitol, BisPeg18 Methyl Ether Dimethyl Silane, Sodium Hydroxide, Cyclopentasiloxane, Xylitol, Carbomer, Inulin Lauryl Carbamate, Acrylates, Dimethicone Crosspolymer, Allantoin, Ethylhexylglycerin, Methoxy Peg18, Algae Extract, Disodium Edta, Aloe Barbadensis Leaf Juice, Polymethylsilsesquioxane, Dipeptide Diaminobutyroyl Benzylamide Diacetate, Methyl Undecenoyl Leucinate, Potassium Sorbate, Sodium Benzoate, Rosa Damascena Flower Oil, Citronellol, Aesculus Hippocastanum Seed Extract, Geraniol, Bht",11,1240,1.0,0.0,https://www.sephora.com/product/white-advanced-brightening-serum-P409628?icid2=products%20grid:p409628,1.0,150.0
Lifting Serum,Dr. Barbara Sturm,facial-treatments,300.0,"Butylene Glycol, Lactobacillus, Hydroxypropyl Methylcellulose, Pullulan, Phenoxyethanol, Carbomer, Ethylhexylglycerin, Magnesium Carboxymethyl BetaGlucan, Sodium Hyaluronate, Xanthan Gum, Porphyridium Cruentum Extract, Sodium Hydroxide, Leuconostoc, Plankton Extract",2,162,1.0,0.0,https://www.sephora.com/product/dr-barbara-sturm-lifting-serum-P454087?icid2=products%20grid:p454087,1.0,300.0
Stem Cell Serum,Indie Lee,facial-treatments,135.0,"Glycerin, Sodium Hyaluronate, Pyrus Malus Fruit Extract, Echinacea Angustifolia Meristem Cell Culture, Phyllostachys Edulis Shoot, Rhododendron Ferrugineum Flower Extract, Lysolecithin, Sclerotium Gum, Xanthan Gum, Pullulan, Gluconolactone, Sodium Benzoate, Calcium Gluconate, Citric Acid, Potassium Sorbate",9,2558,1.0,0.0,https://www.sephora.com/product/stem-cell-serum-P439641?icid2=products%20grid:p439641,1.0,135.0
Kx Active Concentrates Ceramides + Omegas Serum,Kate Somerville,facial-treatments,98.0,"Glycerin, Hydrolyzed Yeast Protein, Butylene Glycol, Propanediol, Cucumis Sativus Seed Oil, Ectoin, Hydroxyectoin, Ceramide NP, Ceramide AP, Ceramide EOP, Palmitoyl Tripeptide8, Tasmannia Lanceolata Fruit Extract, Hippophae Rhamnoides Oil, Tocopherol, Cholesterol, Ethylhexylglycerin, Carbomer, Aspergillus, Phytosphingosine, Adenosine, Caprylhydroxamic Acid, Xanthan Gum, 12Hexanediol, Glycine Soja Extract, Lecithin, Sclerotium Gum, Pullulan, Dextran, Pentylene Glycol, Sodium Lauroyl Lactylate, Disodium EDTA, Silica, Sodium Benzoate, Phenoxyethanol",147,1470,1.0,0.0,https://www.sephora.com/product/kx-active-concentrates-ceramides-omegas-P442868?icid2=products%20grid:p442868,1.0,98.0
Tangerine Brightening & Pore-Refining Serum,innisfree,facial-treatments,37.0,"Citrus Unshiu Peel Extract, Propanediol, Glycerin, Alcohol, Arbutin, Phenoxyethanol, Titanium Dioxide, Carbomer, Butylene Glycol, Peg60 Hydrogenated Castor Oil, Microcrystalline Cellulose, Tromethamine, Zea Mays Starch, Mannitol, Xanthan Gum, Fragrance, Phenyl Trimethicone, Pentylene Glycol, Ethylhexylglycerin, Disodium EDTA, Camellia Japonica Leaf Extract, Camellia Sinensis Leaf Extract, Opuntia Coccinellifera Fruit Extract, Orchid Extract, Synthetic Fluorphlogopite, Ascorbyl Glucoside, Hydrogenated Lecithin, Dextrin, Theobroma Cacao Extract, Achillea Millefolium Extract, Dipalmitoyl Hydroxyproline, Iron Oxides, Iron Oxides, Tin Oxide, Kadsura Coccinea Fruit Extract",3,1831,1.69,0.0,https://www.sephora.com/product/tangerine-brightening-pore-refining-serum-P449859?icid2=products%20grid:p449859,1.69,21.893491124260354
Clarifying Acne Spot Treatment,Dr. Barbara Sturm,facial-treatments,55.0,"Propanediol, Butylene Glycol, Panthenol, Phenoxyethanol, Sodium Poly Acrylate, Melaleuca Alternifolia Ethylhexylglycerin, Carbomer, Maclura Cochinchinensis Leaf Prenylflavonoids, Sodium Hydroxide, Biosaccharide Gum1, Limonene, Pantolactone, Citric Acid",0,382,0.5,0.0,https://www.sephora.com/product/dr-barbara-sturm-clarifying-acne-spot-treatment-P454375?icid2=products%20grid:p454375,0.5,110.0
Rapid Reveal Peel,Dermalogica,facial-treatments,85.0,"Propanediol, Butylene Glycol, Panthenol, Phenoxyethanol, Sodium Poly Acrylate, Melaleuca Alternifolia Ethylhexylglycerin, Carbomer, Maclura Cochinchinensis Leaf Prenylflavonoids, Sodium Hydroxide, Biosaccharide Gum1, Limonene, Pantolactone, Citric Acid",5,965,0.0,0.0,https://www.sephora.com/product/rapid-reveal-peel-P443367?icid2=products%20grid:p443367,1.3213098086124409,64.33010596452155
Concentrated Ginseng Renewing Serum,Sulwhasoo,facial-treatments,205.0,Ginsenisphere™: Delivers precious ginseng seed oil to skin through soft capsules,0,296,1.69,0.0,https://www.sephora.com/product/concentrated-ginseng-renewing-serum-P448922?icid2=products%20grid:p448922,1.69,121.301775147929
Umbrian Clay Mattifying Serum,Fresh,facial-treatments,38.0,Ginsenisphere™: Delivers precious ginseng seed oil to skin through soft capsules,101,5845,1.0,0.0,https://www.sephora.com/product/umbrian-clay-mattifying-serum-P308602?icid2=products%20grid:p308602,1.0,38.0
Perfectionist Pro Instant Resurfacing Peel,Estée Lauder,facial-treatments,78.0,Ginsenisphere™: Delivers precious ginseng seed oil to skin through soft capsules,4,681,0.0,0.0,https://www.sephora.com/product/perfectionist-pro-instant-resurfacing-peel-P440647?icid2=products%20grid:p440647,1.3213098086124409,59.032332532149184
Charcoal Spot Corrector,boscia,facial-treatments,28.0,"Isopropyl Alcohol, Glycerin, Talc, Titanium Dioxide, Charcoal Powder, Calamine, Zinc Oxide, Colloidal Sulfur, Zinc Stearate, Salicylic Acid, Acacia Senegal Gum, Butylene Glycol, Camphor, Simmondsia Chinesis Seed Extract, Epilobium Angustifolium Flower, Cynara Scolymus Leaf Extract, Iron Oxides",19,4095,0.84,0.0,https://www.sephora.com/product/charcoal-spot-corrector-P428818?icid2=products%20grid:p428818,0.84,33.333333333333336
POETRY in Lotion®,DERMAdoctor,facial-treatments,75.0,"Caprylic, Cyclopentasiloxane, Glycerin, Allyl Methacrylates Crosspolymer, Glyceryl Stearate, Stearic Acid, Carthamus Tinctorius Seed Oil, Butyrospermum Parkii Butter, Polysorbate 60, Stearyl Alcohol, Retinol, Cyclohexasiloxane, Sorbitol, Sodium Hyaluronate, Polysorbate 20, Dimethicone, Dimethicone, Glyceryl Acrylate, Butylene Glycol, Boswellia Serrata Extract, Carbomer, Dipotassium Glycyrrhizate, Triethanolamine, Bisabolol, Chamomilla Recutita Flower Extract, Centella Asiatica Extract, Evodia Rutaecarpa Fruit Extract, Glycyrrhiza Glabra Root Extract, Hypericum Perforatum Flower, Leontopodium Alpinum Extract, Malva Sylvestris Flower Extract, Plantago Lanceolata Leaf Extract, Salvia Officinalis Leaf Extract, Sambucus Nigra Flower Extract, Spiraea Ulmaria Flower Extract, Cucumis Sativus Fruit Extract, Panax Ginseng Root Extract, Avena Sativa Kernel Extract, Curcuma Longa Root Extract, BetaGlucan, Caffeine, PEG40 Hydrogenated Castor Oil, PEG60 Almond Glycerides, Phytosphingosine, Propylene Glycol, Nordihydroguaiaretic Acid, Oleanolic Acid, Ceramides 2, Arginine, Leucine, Lysine, Taurine, Tyrosine, Valine, Phenoxyethanol, Caprylyl Glycol, Ethylhexylglycerin, BHT, Hexylene Glycol",184,2031,1.0,0.0,https://www.sephora.com/product/poetry-in-lotion-P230805?icid2=products%20grid:p230805,1.0,75.0
Daily Vitamin C,Omorovicza,facial-treatments,150.0,"Hungarian Thermal Glycerin, Propanediol, Sodium Ascorbyl Phosphate, Alcohol, Yeast Extract, Sclerotium Gum, Sodium Levulinate, Alcohol Denat, Niacinamide, Sodium Anisate, Xanthan Gum, Zinc Pca, Potassium Sorbate, Citric Acid, Caprylyl, Benzyl Alcohol, Parfum, Ci 77891, Chlorella Vulgaris, Nasturtium Officinale Flower, Sodium Hyaluronate, Phospholipids, Leuconostoc, Sodium Benzoate, Actinidia Arguta Fruit Extract, Limonene, Linalool, Benzyl Salicylate, Citronellol, Geraniol",3,576,0.0,0.0,https://www.sephora.com/product/daily-vitamin-c-P441647?icid2=products%20grid:p441647,1.3213098086124409,113.52371640797921
Clinical Concentrate Radiance Booster™ ,Dr. Dennis Gross Skincare,facial-treatments,68.0,"Hungarian Thermal Glycerin, Propanediol, Sodium Ascorbyl Phosphate, Alcohol, Yeast Extract, Sclerotium Gum, Sodium Levulinate, Alcohol Denat, Niacinamide, Sodium Anisate, Xanthan Gum, Zinc Pca, Potassium Sorbate, Citric Acid, Caprylyl, Benzyl Alcohol, Parfum, Ci 77891, Chlorella Vulgaris, Nasturtium Officinale Flower, Sodium Hyaluronate, Phospholipids, Leuconostoc, Sodium Benzoate, Actinidia Arguta Fruit Extract, Limonene, Linalool, Benzyl Salicylate, Citronellol, Geraniol",45,4789,1.0,0.0,https://www.sephora.com/product/clinical-concentrate-radiance-booster-P385269?icid2=products%20grid:p385269,1.0,68.0
Pure Shots Lines Away Anti-Aging Serum,Yves Saint Laurent,facial-treatments,88.0,"Hungarian Thermal Glycerin, Propanediol, Sodium Ascorbyl Phosphate, Alcohol, Yeast Extract, Sclerotium Gum, Sodium Levulinate, Alcohol Denat, Niacinamide, Sodium Anisate, Xanthan Gum, Zinc Pca, Potassium Sorbate, Citric Acid, Caprylyl, Benzyl Alcohol, Parfum, Ci 77891, Chlorella Vulgaris, Nasturtium Officinale Flower, Sodium Hyaluronate, Phospholipids, Leuconostoc, Sodium Benzoate, Actinidia Arguta Fruit Extract, Limonene, Linalool, Benzyl Salicylate, Citronellol, Geraniol",89,319,1.0,0.0,https://www.sephora.com/product/yves-saint-laurent-pure-shots-lines-away-anti-aging-serum-P454070?icid2=products%20grid:p454070,1.0,88.0
Ain’t Misbehavin’ Medicated Acne Control Serum,DERMAdoctor,facial-treatments,48.0,"SD Alcohol 40B, Glycerin, Polyquaternium37, Propylene Glycol, Azelaic Acid, Cyclopentasiloxane, Propylene Glycol Dicaprylate, Butylene Glycol, Camellia Sinensis Extract, Cyclohexasiloxane, Methyl Methacrylate, PEG60 Almond Glycerides, PPG1Trideceth6, Caprylyl Glycol, Melaleuca Alternifolia Leaf Oil, Chamomilla Recutita Flower Extract, Superoxide Dismutase, Phospholipids, Carbomer, Nordihydroguaiaretic Acid, Oleanolic Acid",262,3987,0.0,0.0,https://www.sephora.com/product/aint-misbehavin-medicated-acne-control-serum-P181705?icid2=products%20grid:p181705,1.3213098086124409,36.32758925055335
Picture Porefect,DERMAdoctor,facial-treatments,42.0,"Butylene Glycol, Glycolic Acid, Azelaic Acid, Polysorbate 20, Lactic Acid, Aluminum Zirconium Tetrachlorohydrex Glycine, Glycerin, Sodium Hydroxide, Retinol, Malic Acid, Camellia Oleifera Leaf Extract, Salix Alba Bark Extract, Citric Acid, Cyclohexasiloxane, Cyclopentasiloxane, Polyacrylamide, C1314 Isoparaffin, Laureth7, Glycine Soja Oil, Methyl Methacrylate, Hydroxyethylcellulose, Xanthan Gum, Phenoxyethanol, Methylparaben, Butylparaben, Ethylparaben, Propylparaben",306,5010,1.0,0.0,https://www.sephora.com/product/picture-porefect-P73515?icid2=products%20grid:p73515,1.0,42.0
Lifting Primer Anti-Aging Serum,Natasha Denona,facial-treatments,60.0,"Glycerin, Butylene Glycol, Sorbitan Stearate, Stearic Acid, Acacia Senegal Gum, Dimethicone, Cyclopentasiloxane, Cetyl Alcohol, Caprylyl Glycol, Dimethicone, Hydrolyzed Rhizobian Gum, Triethanolamine, Sodium Hyaluronate, Phenoxyethanol, Peg, Ethylhexylglycerin, Fragrance, Hexylene, Glycol, Methylisothiazolinone",11,1054,0.0,1.01,https://www.sephora.com/product/lifting-primer-anti-aging-serum-P411824?icid2=products%20grid:p411824,1.01,59.40594059405941
Phormula 3-9 Repair Cream,Erno Laszlo,facial-treatments,290.0,"C1220 Acid Peg8 Ester, Dimethiconol, Caprylic, Butylene Glycol, CocoCaprylate, Ethylhexylglycerin, Hydrolyzed Glycosaminoglycans, Calophyllum Inophyllum Seed Oil, Butyrospermum Parkii, Niacinamide, Glycerin, Cyclopentasiloxane, Saccharide Isomerate, Potassium Cetyl Phosphate, Carbomer, PEG8, Carrageenan, Aleurites Moluccana Seed Oil, Sclerocarya Birrea Oil, Buteth3, Citrus Aurantium Dulcis Fruit Extract, Tocopheryl Acetate, Ascorbic Acid, Solanum Tuberosum Extract, Sodium Hydroxide, Disodium Edta, Panthenol, Sodium Hyaluronate, Ascorbyl Tetraisopalmitate, Sodium Benzotriazolyl Butylphenol Sulfonate, Retinyl Palmitate, Ascorbyl Palmitate, Citric Acid, Sodium Citrate, Tocopherol, Rubus Idaeus Leaf Extract, Tributyl Citrate, Fragrance, Phenoxyethanol, Cetyl Alcohol, CI 19140",5,1728,1.7,0.0,https://www.sephora.com/product/phormula-3-9-repair-cream-P393060?icid2=products%20grid:p393060,1.7,170.58823529411762
Hyaluronic Ampoules,Dr. Barbara Sturm,facial-treatments,145.0,"Water, Butylene Glycol, Lactobacillus, Phenoxyethanol, Sodium Hyaluronate, Ethylhexylglycerin, Potassium Sorbate, Leuconostoc",3,354,0.4375,0.0,https://www.sephora.com/product/dr-barbara-sturm-hyaluronic-ampoules-P448543?icid2=products%20grid:p448543,0.4375,331.42857142857144
Brightening Booster Drops,COVER FX,facial-treatments,45.0,"CocoCaprylate, Octyldodecanol, Caprylic, Isononyl Isononanoate, Ascorbyl Tetraisopalmitate, Tocopheryl Acetate, Squalane, Bisabolol, Pentaerythrityl TetraDiTButyl Hydroxyhydrocinnamate, Hoya Lacunosa Flower Extract",7,1579,0.0,0.0,https://www.sephora.com/product/brightening-booster-drops-P442784?icid2=products%20grid:p442784,1.3213098086124409,34.05711492239376
Skin Clear Dietary Supplements,Perricone MD,facial-treatments,95.0,"Vitamin E, Gelatin, Glycerin, NonGMO Soybean Oil",81,3047,0.0,0.0,https://www.sephora.com/product/skin-clear-dietary-supplements-P211621?icid2=products%20grid:p211621,1.3213098086124409,71.8983537250535
Gentle Comfort Concentrate for Sensitive Skin,Primera,facial-treatments,35.0,"Propanediol, Glycerin, 12Hexanediol, Xanthan Gum, Ammonium Acryloyldimethyltaurate, Glyceryl Caprylate, Prunus Mumefruit Extract, Butylene Glycol, Glycoproteins",1,411,0.33,0.0,https://www.sephora.com/product/primera-gentle-comfort-concentrate-for-sensitive-skin-P447193?icid2=products%20grid:p447193,0.33,106.06060606060606
Pure Shots Light Up Brightening Serum,Yves Saint Laurent,facial-treatments,88.0,"Propanediol, Glycerin, 12Hexanediol, Xanthan Gum, Ammonium Acryloyldimethyltaurate, Glyceryl Caprylate, Prunus Mumefruit Extract, Butylene Glycol, Glycoproteins",100,228,1.0,0.0,https://www.sephora.com/product/yves-saint-laurent-pure-shots-light-up-brightening-serum-P454072?icid2=products%20grid:p454072,1.0,88.0
The Daily Vitamin C Day Serum with Antioxidant Complex,BeautyBio,facial-treatments,75.0,"Magnesium Ascorbyl Phosphate, Glycerin, Hydroxyethylcellulose, Urea, Arctostaphylos UvaUrsi Leaf Extract, Achillea Millefolium Extract, Alchemilla Vulgaris Extract, Alcohol, Malva Sylvestris Extract, Melissa Officinalis Leaf Extract, Mentha Piperita Leaf Extract, Primula Veris Extract, Sodium Hydroxide, Veronica Officinalis Extract, Caprylyl Glycol, Phenoxyethanol, Chlorphenesin",1,509,1.0,0.0,https://www.sephora.com/product/the-daily-vitamin-c-day-serum-with-antioxidant-complex-P443810?icid2=products%20grid:p443810,1.0,75.0
Cellufirm Drops,Mario Badescu,facial-treatments,25.0,"Zea Mays Oil, Glycerin, Sclerotium Gum, Stearic Acid, Triethanolamine, Propylene Glycol, Tocopheryl Acetate, Urea, Hydrolyzed Elastin, RNA, Oligopeptide5, Retinyl Palmitate, Hydrolyzed Glycosaminoglycans, Collagen, Pollen Extract, Glycine Soja Seed Extract, Olea Europaea Fruit Extract, Fucus Vesiculosus Extract, Sodium Hyaluronate, Triticum Vulgare Germ Extract, Carrageenan, Carbomer, Glyceryl Acrylate, Parfum, Sodium Chloride, Diazolidinyl Urea, Methylparaben, Propylparaben, Phenoxyethanol, Limonene, Linalool, CI 19140, CI 42090",4,1091,1.0,0.0,https://www.sephora.com/product/mario-badescu-cellufirm-drops-P440495?icid2=products%20grid:p440495,1.0,25.0
Bio-Performance Glow Revival Serum,Shiseido,facial-treatments,95.0,"Dipropylene Glycol, Glycerin, Dimethicone, Diphenylsiloxy Phenyl Trimethicone, Sd Alcohol 40B, Peg20, Trehalose, Pentaerythrityl Tetraethylhexanoate, Behenyl Alcohol, Silica, Isostearic Acid, Mica, Phytosteryl Macadamiate, Titanium Dioxide, Stearyl Alcohol, Phenoxyethanol, Sodium Methyl Stearoyl Taurate, Lauryl Betaine, Methylparaben, Carbomer, Xylitol, Tocopheryl Acetate, Sodium Hyaluronate, Potassium Hydroxidw, Disodium Edta, Fragrance, Glycyl Glycine, 2OEthyl Ascorbic Acid, Sodium Metaphosphate, Butylene Glycol, Limonene, Sodium Metabisulfite, Dipotassium Glycyrrhizate, Oryzanol, Magnesium Ascorbyl Phosphate, Saccharomyces Ferment Lysate Filtrate, Alcohol, Hexyl Cinnamal, Benzyl Benzoate, Butylphenyl Methylpropional, Linalool, Sodium Acetylated Hyaluronate, Iron Oxides, AlphaIsomethyl Ionone, Crataegus Monogyna Flower Extract, Citronellol, Geraniol, Sodium Benzoate, Tocopherol, Camellia Sinensis Leaf Extract, Cinnamomum Cassia Bark Extract",37,3583,0.0,1.0,https://www.sephora.com/product/bio-performance-glow-revival-serum-P393014?icid2=products%20grid:p393014,1.0,95.0
No:Rinse Exfoliating Peel,Perricone MD,facial-treatments,45.0,"Carnitine, Urea, Maltodextrin, Phosphatidylcholine, Dimethyl MEA, Gluconolactone, Sodium Carboxymethyl BetaGlucan, Xanthan Gum, Hyaluronic Acid, Magnolia Officinalis Bark Extract, Pterocarpus Marsupium Bark Extract, Aloe Barbadensis Leaf Extract, Zinc Gluconate, Magnesium Aspartate, Subtilisin, Copper Gluconate, Disodium EDTA, Carrageenan, Citric Acid, Caprylyl Glycol, PEG7 Glyceryl Cocoate, Phenoxyethanol, Sorbic Acid, Menthyl Lactate, Blue 1",186,3221,2.0,0.0,https://www.sephora.com/product/blue-plasma-gentle-daily-peel-P412392?icid2=products%20grid:p412392,2.0,22.5
SPF 30 Booster Drops Broad Spectrum Sunscreen,COVER FX,facial-treatments,45.0,"Neopentyl Glycol Diheptanoate, Caprylic, Dimethicone, Butyloctyl Salicylate, Acrylates, Acrylates, Cocos Nucifera Fruit Extract, Tocopheryl Acetate, Argania Spinosa Kernel Oil, Bisabolol, Salicornia Herbacea Extract",6,1494,0.0,0.0,https://www.sephora.com/product/spf-30-booster-drops-broad-spectrum-suncreen-P442809?icid2=products%20grid:p442809,1.3213098086124409,34.05711492239376
Dynaspot,Eve Lom,facial-treatments,34.0,"Alcohol Denat, Cetearyl Alcohol, Magnesium Aluminum Silicate, Zinc Carbonate Hydroxide, C1215 Alkyl Benzoate, 4Terpineol, Hydrogenated Polydecene, Cetearyl Glucoside, Phenoxyethanol, Fragrance, Glycerin, Salicylic Acid, Ethylhexylglycerin, Chamomilla Recutita Flower Extract, Achillea Millefolium Extract, Foeniculum Vulgare Seed Extract, Talc, Ci 77947, Ci 77491",12,2209,0.3,0.0,https://www.sephora.com/product/dynaspot-P381439?icid2=products%20grid:p381439,0.3,113.33333333333334
Radiance Resurfacing Foam,Dr. Brandt Skincare,facial-treatments,72.0,"Hydrogenated Polyisobutene, Methyl Nonafluorobutyl Ether, Methyl Nonfluoroisobutyl Ether, Glycerin, Caprylic, Methylpropanediol, Butylene Glycol Dicaprylate, 12Hexanediol, Saccharomyces Ferment Filtrate, Saccharide Isomarate, Glyceryl Stearate, Peg100 Stearate, Cetearyl Alcohol, Stearic Acid, Betaine, Hydroxyacetophenone, Butylene Glycol, Dipropylne Glycol, Sodium Stearoyl Glutamate, Maltodextrin, Saccharide Hydrolyase, Sodium Polyacrylate, Carbomer, Ethylhexyl Stearate, Tromethamine, Sodium Palmitoyl Proline, Algae Extract, Eclipta Prostrata Leaf Extract, Ammonium Acryloyldimethyltaurate, C1214 Pareth12, Nymphaea Alba Flower Extract, Disodium Edta, Glyceryl Acrylate, Lavendula Augustifolia Oil, Vaccinium Myrtillus Fruit, Fructooligosaccharides, Trideceth6, Saccharum Officianrum Extract, Amaranthus Caudatus Seed Extract, BetaGlucan, Lecithin, Sodium Hyaluronate, Ulmus Davidiana Root Extract, Dimethicone, Squalane, Alcohol Denat, Citrus Aurantium Dulcis Fruit Extract, Citrus Limon Fruit Extract, Polysorbate 20, Argania Spinosa Kernel Oil, Hydrogenated Lecithin, Isononyl Isononanoate, Polyglyceryl10 Stearate, Hydrolyzed Hyaluronic Acid, Acer Saccharum Extract, Anemarrhena Asphodeloides Root Extract, Butyrospermum Parkii Butter, Polyglyceryl2 Dipolyhydroxystearate, Anthemis Nobilis Flower Oil, Inulin Lauryl Carbamate, Palmitoyl Pentapeptide4, Disodium Stearoyl Glutamate",296,1260,1.7,0.0,https://www.sephora.com/product/radiance-resurfacing-foam-P435209?icid2=products%20grid:p435209,1.7,42.352941176470594
Pure Shots Lines Away Anti-Aging Serum Refill,Yves Saint Laurent,facial-treatments,70.0,"Hydrogenated Polyisobutene, Methyl Nonafluorobutyl Ether, Methyl Nonfluoroisobutyl Ether, Glycerin, Caprylic, Methylpropanediol, Butylene Glycol Dicaprylate, 12Hexanediol, Saccharomyces Ferment Filtrate, Saccharide Isomarate, Glyceryl Stearate, Peg100 Stearate, Cetearyl Alcohol, Stearic Acid, Betaine, Hydroxyacetophenone, Butylene Glycol, Dipropylne Glycol, Sodium Stearoyl Glutamate, Maltodextrin, Saccharide Hydrolyase, Sodium Polyacrylate, Carbomer, Ethylhexyl Stearate, Tromethamine, Sodium Palmitoyl Proline, Algae Extract, Eclipta Prostrata Leaf Extract, Ammonium Acryloyldimethyltaurate, C1214 Pareth12, Nymphaea Alba Flower Extract, Disodium Edta, Glyceryl Acrylate, Lavendula Augustifolia Oil, Vaccinium Myrtillus Fruit, Fructooligosaccharides, Trideceth6, Saccharum Officianrum Extract, Amaranthus Caudatus Seed Extract, BetaGlucan, Lecithin, Sodium Hyaluronate, Ulmus Davidiana Root Extract, Dimethicone, Squalane, Alcohol Denat, Citrus Aurantium Dulcis Fruit Extract, Citrus Limon Fruit Extract, Polysorbate 20, Argania Spinosa Kernel Oil, Hydrogenated Lecithin, Isononyl Isononanoate, Polyglyceryl10 Stearate, Hydrolyzed Hyaluronic Acid, Acer Saccharum Extract, Anemarrhena Asphodeloides Root Extract, Butyrospermum Parkii Butter, Polyglyceryl2 Dipolyhydroxystearate, Anthemis Nobilis Flower Oil, Inulin Lauryl Carbamate, Palmitoyl Pentapeptide4, Disodium Stearoyl Glutamate",1,61,1.0,0.0,https://www.sephora.com/product/yves-saint-laurent-pure-shots-lines-away-anti-aging-serum-refill-P454071?icid2=products%20grid:p454071,1.0,70.0
Bio-Performance LiftDynamic Serum,Shiseido,facial-treatments,100.0,"Dimethicone, Butylene Glycol, Glycerin, Dimethicone Crosspolymer, Dipropylene Glycol, Xylitol, Polysorbate 20, Ammonium Acryloyldimethyltaurate, Peg10 Dimethicone, Talc, Phenoxyethanol, Peg150, Polyvinyl Alcohol, Silica, Alumina, Titanium Dioxide, Mica, Trisodium Edta, Tocopheryl Acetate, Sodium Citrate, Fragrance, Sodium Metaphosphate, Potassium Hydroxide, Citric Acid, Sodium Metabisulfite, Limonene, Inositol, Hexyl Cinnamal, Iron Oxides, Benzyl Benzoate, Butylphenyl Methylpropional, Linalool, Saccharomyces Ferment Lysate Filtrate, Sodium Acetylated Hyaluronate, AlphaIsomethyl Ionone, Thymus Serpillum Extract, Iron Oxides, Citronellol, Geraniol, Carthamus Tinctorius Flower Extract, Rosmarinus Officinalis Leaf Extract, Tocopherol",8,1830,0.0,1.0,https://www.sephora.com/product/bio-performance-liftdynamic-serum-P405945?icid2=products%20grid:p405945,1.0,100.0
Super Power Antioxidant Booster Drops,COVER FX,facial-treatments,45.0,"Dimethicone, Butylene Glycol, Glycerin, Dimethicone Crosspolymer, Dipropylene Glycol, Xylitol, Polysorbate 20, Ammonium Acryloyldimethyltaurate, Peg10 Dimethicone, Talc, Phenoxyethanol, Peg150, Polyvinyl Alcohol, Silica, Alumina, Titanium Dioxide, Mica, Trisodium Edta, Tocopheryl Acetate, Sodium Citrate, Fragrance, Sodium Metaphosphate, Potassium Hydroxide, Citric Acid, Sodium Metabisulfite, Limonene, Inositol, Hexyl Cinnamal, Iron Oxides, Benzyl Benzoate, Butylphenyl Methylpropional, Linalool, Saccharomyces Ferment Lysate Filtrate, Sodium Acetylated Hyaluronate, AlphaIsomethyl Ionone, Thymus Serpillum Extract, Iron Oxides, Citronellol, Geraniol, Carthamus Tinctorius Flower Extract, Rosmarinus Officinalis Leaf Extract, Tocopherol",7,1285,0.0,0.0,https://www.sephora.com/product/super-power-anitoxidant-booster-drops-P442783?icid2=products%20grid:p442783,1.3213098086124409,34.05711492239376
Tassie Anti-Pollution Serum,Dr Roebuck's,facial-treatments,60.0,"Dimethicone, Butylene Glycol, Glycerin, Dimethicone Crosspolymer, Dipropylene Glycol, Xylitol, Polysorbate 20, Ammonium Acryloyldimethyltaurate, Peg10 Dimethicone, Talc, Phenoxyethanol, Peg150, Polyvinyl Alcohol, Silica, Alumina, Titanium Dioxide, Mica, Trisodium Edta, Tocopheryl Acetate, Sodium Citrate, Fragrance, Sodium Metaphosphate, Potassium Hydroxide, Citric Acid, Sodium Metabisulfite, Limonene, Inositol, Hexyl Cinnamal, Iron Oxides, Benzyl Benzoate, Butylphenyl Methylpropional, Linalool, Saccharomyces Ferment Lysate Filtrate, Sodium Acetylated Hyaluronate, AlphaIsomethyl Ionone, Thymus Serpillum Extract, Iron Oxides, Citronellol, Geraniol, Carthamus Tinctorius Flower Extract, Rosmarinus Officinalis Leaf Extract, Tocopherol",4,1075,1.0,0.0,https://www.sephora.com/product/tassie-anti-pollution-serum-P430838?icid2=products%20grid:p430838,1.0,60.0
Mini Pore Blur Perfector,LANEIGE,facial-treatments,32.0,"Cyclopentasiloxane, Dimethicone, Butylene Glycol, Cyclohexasiloxane, Glycerin, Polysilicone11, PEG10 Dimethicone, Silica, Vinyl Dimethicone, Sodium Chloride, Boron Nitride, Pinus Sylvestris Bud Extract, Mentha Piperita Extract, Phytosphingosine, Polymethylsilsesquioxane, Trimethylsiloxysilicate, Dimethicone, Alcohol, Ethylhexylglycerin, Adenosine, Lecithin, Hydrogenated Polydecene, Pentylene Glycol, Stearyl Alcohol, Ceteareth20, Cetyl Alcohol, Disodium EDTA, Phenoxyethanol, Fragrance",47,5073,1.3,0.0,https://www.sephora.com/product/mini-pore-blur-perfector-P420659?icid2=products%20grid:p420659,1.3,24.615384615384606
The Microdelivery Dream Peel 6% AHA/BHA Refining Gel,philosophy,facial-treatments,60.0,"Glycerin, Glycolic Acid, Sodium Hydroxide, Lactic Acid, Pentylene Glycol, Tocopheryl Acetate, Xanthan Gum, Chondrus Crispus Extract, AlphaGlucan Oligosaccharide, Cetyl Ethylhexanoate, Maltodextrin, Niacinamide, Hibiscus Sabdariffa Flower Extract, 12Hexanediol, Caprylyl Glycol, Hamamelis Virginiana  Cetearyl Olivate, Panthenol, Salicylic Acid, Sorbitan Olivate, Polysorbate 20, Polymnia Sonchifolia Root Juice, Sodium Magnesium Silicate, Citric Acid, Punica Granatum Seed Oil, Disodium Edta, Salvia Hispanica Seed Oil, Alcohol, Aloe Barbadensis Leaf Juice, Glucose, Butylene Glycol, Sodium Hyaluronate, Centella Asiatica Leaf Extract, Citrus Aurantium Dulcis Peel Extract, Limonene, Chamomilla Recutita Flower Extract, Magnesium Hydroxide, Vanillyl Butyl Ether, Phenoxyethanol, Lactobacillus, Lactococcus Ferment Extract, Pantolactone, Hyaluronic Acid, Silanetriol, Sodium Benzoate, Sorbic Acid, Potassium Sorbate, Polyglyceryl3 Diisostearate, Ascorbic Acid, D&amp, C Red No 33, Fd&amp, C Red No 4",116,224,1.7,0.0,https://www.sephora.com/product/philosophy-the-microdelivery-dream-peel-6-aha-bha-refining-gel-P452701?icid2=products%20grid:p452701,1.7,35.29411764705883
Capture Youth Age-Delay Progressive Peeling Crème,Dior,facial-treatments,95.0,"Glycerin, Glycolic Acid, Sodium Hydroxide, Lactic Acid, Pentylene Glycol, Tocopheryl Acetate, Xanthan Gum, Chondrus Crispus Extract, AlphaGlucan Oligosaccharide, Cetyl Ethylhexanoate, Maltodextrin, Niacinamide, Hibiscus Sabdariffa Flower Extract, 12Hexanediol, Caprylyl Glycol, Hamamelis Virginiana  Cetearyl Olivate, Panthenol, Salicylic Acid, Sorbitan Olivate, Polysorbate 20, Polymnia Sonchifolia Root Juice, Sodium Magnesium Silicate, Citric Acid, Punica Granatum Seed Oil, Disodium Edta, Salvia Hispanica Seed Oil, Alcohol, Aloe Barbadensis Leaf Juice, Glucose, Butylene Glycol, Sodium Hyaluronate, Centella Asiatica Leaf Extract, Citrus Aurantium Dulcis Peel Extract, Limonene, Chamomilla Recutita Flower Extract, Magnesium Hydroxide, Vanillyl Butyl Ether, Phenoxyethanol, Lactobacillus, Lactococcus Ferment Extract, Pantolactone, Hyaluronic Acid, Silanetriol, Sodium Benzoate, Sorbic Acid, Potassium Sorbate, Polyglyceryl3 Diisostearate, Ascorbic Acid, D&amp, C Red No 33, Fd&amp, C Red No 4",5,479,0.0,0.0,https://www.sephora.com/product/capture-youth-age-delay-progressive-peeling-creme-P444987?icid2=products%20grid:p444987,1.3213098086124409,71.8983537250535
Maskimizer™ Skin-Optimizing Mask Primer,Origins,facial-treatments,24.0,"Butylene Glycol, Glycerin, Ectoin, Gellidiela Acerosa Extract, Camellia Sinensis Leaf Extract, Chamomilla Recutita Extract, Hypnea Musciformis Extract, Chamomilla Recutita Flower Oil, Cucumis Sativus Fruit Extract, Caffeine, Trehalose, Sodium Pca, Urea, Tocopheryl Acetate, Panthenol, Sodium Hyaluronate, Peg40 Hydrogenated Castor Oil, Ppg26Buteth26, Caprylyl Glycol, Polyquaternium51, Hexylene Glycol, Disodium Edta, Phenoxyethanol Essential Oil",136,7016,3.2,0.0,https://www.sephora.com/product/maskimizer-tm-skin-optimizing-mask-primer-P405016?icid2=products%20grid:p405016,3.2,7.5
Probiotic Radiance Tonic  Serum Calm and Restore,Edible Beauty,facial-treatments,39.0,"Aloe Barbadensis Leaf, Glycerin, Acacia Senegal, Xanthan, Simmondsia Chinensis Milk, Lactobacillus Bulgaricus Ferment Filtrate, Betula Alba, Eremophila Longifolia, Achillea Millefolium, pAnisic acid, Glyceryl Caprylate",23,2335,1.0,0.0,https://www.sephora.com/product/probiotic-radiance-tonic-serum-calm-restore-P443541?icid2=products%20grid:p443541,1.0,39.0
Mega-C™ Dual Radiance Serum,Kate Somerville,facial-treatments,90.0,"Isododecane, Ascorbic Acid, Ethylhexyl Hydroxystearate, Polysilicone11",32,1985,1.0,0.0,https://www.sephora.com/product/mega-c-dual-radiance-serum-P387137?icid2=products%20grid:p387137,1.0,90.0
Perfectionist Pro Rapid Renewal Retinol Treatment,Estée Lauder,facial-treatments,85.0,"Isododecane, Ascorbic Acid, Ethylhexyl Hydroxystearate, Polysilicone11",1,366,1.0,0.0,https://www.sephora.com/product/perfectionist-pro-rapid-renewal-retinol-treatment-P440648?icid2=products%20grid:p440648,1.0,85.0
Acne-Clear Invisible Dots,Peter Thomas Roth,facial-treatments,32.0,"Acrylates Copolymer, Alcohol Denat, Butylene Glycol, Epilobium Angustifolium Flower, Melaleuca Alternifolia Leaf Oil, Phenoxyethanol, Phytosphingosine, Polysorbate 80, Pvp, Sodium Hyaluronate, Sodium Metabisulfite, Vinyl Caprolactam, Vitis Vinifera Seed Extract, Volcanic Ash, Water",481,20977,0.0,0.0,https://www.sephora.com/product/acne-clear-invisible-dots-P399932?icid2=products%20grid:p399932,1.3213098086124409,24.21839283370223
Pure Shots Y Shape Firming Serum Refill,Yves Saint Laurent,facial-treatments,70.0,"Aqua, Glycerin, BisPeg18 Methyl Ether Dimethyl Silane, Methyl Gluceth10, Polyglyceryl5 Laurate, Ppg6Decyltetradeceth30, Isopropyl Lauroyl, Sarcosinate, Ethylhexyl Palmitate, Chlorphenesin, Phenoxyethanol, Sodium Methyl Stearoyl, Taurate, Salicylic Acid, Xanthan Gum, Acetyl Trifluoromethylphenyl Valylglycine, Pentylene, Glycol, Sodium Hyaluronate, Tetrasodium Glutamate Diacetate, Faex Extract, Adenosine, Hydrolyzed Opuntia FicusIndica Flower Extract, Sodium Hydroxide, Benzyl, Salicylate, Benzyl Alcohol, Tocopherol, Ethylhexylglycerin, Sodium Chloride, Hydrolyzed, Rhodophyceae Extract, Acetyl Tetrapeptide9, Parfum",0,24,1.0,0.0,https://www.sephora.com/product/yves-saint-laurent-pure-shots-y-shape-firming-serum-refill-P454075?icid2=products%20grid:p454075,1.0,70.0
Granactive Retinoid* 2% Emulsion,The Ordinary,facial-treatments,9.8,"Glycerin, Ethyl Linoleate, Propanediol, Caprylic, Dimethyl Isosorbide, Cetearyl Isononanoate, Bisabolol, Hydroxypinacolone Retinoate, Retinol, Tasmannia Lanceolata Fruit, Inulin Lauryl Carbamate, Glyceryl Stearate, Ceteareth12, Ceteareth20, Cetearyl Alcohol, Carrageenan, Xanthan gum, Acacia Senegal Gum, Cetyl Palmitate, Sucrose Laurate, Polysorbate 20, Isoceteth20, Behentrimonium Chloride, Trisodium Ethylenediamine Disuccinate, Disodium EDTA, Dehydroacetic Acid, Benzoic Acid, Ethylhexylglycerin, Phenoxyethanol, Chlorphenesin",496,100997,1.0,0.0,https://www.sephora.com/product/the-ordinary-deciem-granactive-retinoid-2-emulsion-P427418?icid2=products%20grid:p427418,1.0,9.8
Eucalyptus Stretch Mark Minimizer,Volition Beauty,facial-treatments,48.0,"Glycerin, Ethyl Linoleate, Propanediol, Caprylic, Dimethyl Isosorbide, Cetearyl Isononanoate, Bisabolol, Hydroxypinacolone Retinoate, Retinol, Tasmannia Lanceolata Fruit, Inulin Lauryl Carbamate, Glyceryl Stearate, Ceteareth12, Ceteareth20, Cetearyl Alcohol, Carrageenan, Xanthan gum, Acacia Senegal Gum, Cetyl Palmitate, Sucrose Laurate, Polysorbate 20, Isoceteth20, Behentrimonium Chloride, Trisodium Ethylenediamine Disuccinate, Disodium EDTA, Dehydroacetic Acid, Benzoic Acid, Ethylhexylglycerin, Phenoxyethanol, Chlorphenesin",9,3100,3.6,0.0,https://www.sephora.com/product/eucalyptus-stretch-mark-minimizer-P430333?icid2=products%20grid:p430333,3.6,13.333333333333332
Vitamin B3+ Niacinamide Serum RESCUE TROUBLED SKIN,Skin Inc Supplement Bar,facial-treatments,35.0,"Butylene Glycol, Glycerin, Niacinamide, Pentylene Glycol, Panthenol, Carbomer, Alcaligenes Polysaccharides, Polysorbate 80, Algin, Phenoxyethanol, Potassium Hydroxide, Glucosyl Hesperidin, Sodium Hyaluronate, Titanium Dioxide, Sodium Acetylated Hyaluronate, Hydrolyzed Hyaluronic Acid, Caramel",22,7174,0.34,0.0,https://www.sephora.com/product/vitamin-b3-niacinamide-serum-rescue-troubled-skin-P411358?icid2=products%20grid:p411358,0.34,102.94117647058823
Turmeric Beauty Latte Serum Clear and Brighten,Edible Beauty,facial-treatments,39.0,"Glycerin, Acacia Senegal, Curcuma Longa Root Extract, Calitris Glaucophylla Leaf, Tremella Fuciformis, , Rumex Occidentalis Extract, Glycyrrhiza Glabra Root, Ascorbic Acid, Acacia Senegal, pAnisic acid, Curcuma Longa Root Oil, Glyceryl Caprylate",17,4269,1.0,0.0,https://www.sephora.com/product/turmeric-beauty-latte-serum-clear-brighten-P443542?icid2=products%20grid:p443542,1.0,39.0
EGF Activating Serum,StackedSkincare,facial-treatments,150.0,"Glycerin, Acacia Senegal, Curcuma Longa Root Extract, Calitris Glaucophylla Leaf, Tremella Fuciformis, , Rumex Occidentalis Extract, Glycyrrhiza Glabra Root, Ascorbic Acid, Acacia Senegal, pAnisic acid, Curcuma Longa Root Oil, Glyceryl Caprylate",37,878,1.0,0.0,https://www.sephora.com/product/egf-activating-serum-P441051?icid2=products%20grid:p441051,1.0,150.0
Soothe & Hydrate Serum with Hyaluronic Acid,LANCER Skincare,facial-treatments,75.0,"Propanediol, Butylene Glycol, Sodium Acrylates Copolymer, Glycerin, Aloe Barbadensis Leaf Juice, Glycine Soja Extract, Chondrus Crispus Extract, Boswellia Serrata Extract, Honey Extract, Sea Whip Extract, Camellia Sinensis Leaf Extract, Aspalathus Linearis Extract, Sodium Hyaluronate, Tetrapeptide14, Hyaluronic Acid, Lecithin, Dextran, Palmitoyl Tripeptide8, Rosmarinyl Glucoside, Caffeyl Glucoside, Gallyl Glucoside, Gluconolactone, Caprylic, Caprylhydroxamic Acid, Disodium EDTA, 12Hexanediol, Mica, Tin Oxide, Sodium Benzoate, Phenoxyethanol, Blue 1, Titanium Dioxide",218,433,0.5,0.0,https://www.sephora.com/product/soothe-hydrate-serum-with-hyaluronic-acid-P449179?icid2=products%20grid:p449179,0.5,150.0
GENIUS Ultimate Anti-Aging Bi-Phase Peel,Algenist,facial-treatments,85.0,"Isohexadecane, Glycolic Acid, Chlorella Protothecoides Oil, Olea Europaea Fruit Oil, Sodium Hydroxide, Butylene Glycol, Glycerin, Algae Exopolysaccharides, Shikimic Acid, Menthyl Ethylamido Oxalate, Salicylic Acid, Plukenetia Volubilis Seed Oil, Niacinamide, Pentylene Glycol, Dextrin, Polydextrose, Algae Extract, Sorbitol, Oleyl Alcohol, Propanediol, Crithmum Maritimum Extract, Amylopectin, Phenoxyethanol, Benzyl Alcohol, Disodium EDTACopper, Haematococcus Pluvialis Extract, Potassium Sorbate, Zanthoxylum Bungeanum Fruit Extract, Disodium EDTA, Caprylic, Hydrogenated Vegetable Oil, Passiflora Incarnata Flower Extract, Oenothera Rosea Extract, Sea Water Extract, Tocopherol, Sodium Benzoate, Fragrance",97,9133,1.69,0.0,https://www.sephora.com/product/genius-ultimate-anti-aging-bi-phase-peel-P395113?icid2=products%20grid:p395113,1.69,50.295857988165686
Granactive Retinoid 2% in Squalane,The Ordinary,facial-treatments,9.6,"Squalane, C1215 Alkyl Benzoate, Bisabolol, Dimethyl Isosorbide, Hydroxypinacolone Retinoate, Solanum Lycopersicum Fruit Extract, Simmondsia Chinensis Seed Oil",64,23094,1.0,0.0,https://www.sephora.com/product/granactive-retinoid-2-in-squalane-P442832?icid2=products%20grid:p442832,1.0,9.6
Alpha Lipoic Acid 5%,The Ordinary,facial-treatments,6.8,"Propanediol, Thioctic Acid",87,19474,1.0,0.0,https://www.sephora.com/product/alpha-lipoic-acid-5-P442834?icid2=products%20grid:p442834,1.0,6.8
Pure Shots Y Shape Firming Serum,Yves Saint Laurent,facial-treatments,88.0,"Aqua, Glycerin, BisPeg18 Methyl Ether Dimethyl Silane, Methyl Gluceth10, Polyglyceryl5 Laurate, Ppg6Decyltetradeceth30, Isopropyl Lauroyl, Sarcosinate, Ethylhexyl Palmitate, Chlorphenesin, Phenoxyethanol, Sodium Methyl Stearoyl, Taurate, Salicylic Acid, Xanthan Gum, Acetyl Trifluoromethylphenyl Valylglycine, Pentylene, Glycol, Sodium Hyaluronate, Tetrasodium Glutamate Diacetate, Faex Extract, Adenosine, Hydrolyzed Opuntia FicusIndica Flower Extract, Sodium Hydroxide, Benzyl, Salicylate, Benzyl Alcohol, Tocopherol, Ethylhexylglycerin, Sodium Chloride, Hydrolyzed, Rhodophyceae Extract, Acetyl Tetrapeptide9, Parfum",83,207,1.0,0.0,https://www.sephora.com/product/yves-saint-laurent-pure-shots-y-shape-firming-serum-P454074?icid2=products%20grid:p454074,1.0,88.0
PSC Peptide Serum,StackedSkincare,facial-treatments,150.0,"Aloe Barbadensis Juice, Hamaaellis Virginia Extract, Glycerin, Niacinimide, Pryus Malus Fruit Extract, Hyaluronic Acid, Sodium PCA, Tocopherol Acetate, Methlycellulose, Fructose, Glycosaminoglycans, Squalene, Allantoin, Capryylhydroxamic Acid, Glyceryl Caprylate, Ascorbic Acid",3,644,1.0,0.0,https://www.sephora.com/product/psc-peptide-serum-P441052?icid2=products%20grid:p441052,1.0,150.0
My Daily Dose Custom-Blended Serum Set,Skin Inc Supplement Bar,facial-treatments,84.0,"Butylene Glycol, Glycerin, Pentylene Glycol, Potassium Hydroxide, Polysorbate 80, Carbomer, Phenoxyethanol, Ceramide EOP, Ceramide NG, Ceramide NP, Ceramide AP, Alcaligenes Polysaccharides, Xanthan Gum, Algin, Titanium Dioxide, Phytosphingosine, Cholesterol, Ethylhexylglycerin, Sodium Lauroyl Lactylate, Iron Oxides, Chromium Hydroxide Green",123,6495,0.0,0.0,https://www.sephora.com/product/my-daily-dose-custom-blended-serum-set-P394357?icid2=products%20grid:p394357,1.3213098086124409,63.57328118846835
Intensive Skin Supplement Serum,Bobbi Brown,facial-treatments,77.0,"Butylene Glycol, Peg8 Dimethicone, Methyl Gluceth20, Glycerin, Polymethylsilsesquioxane, Sucrose, Peg60 Hydrogenated Castor Oil, Tocopheryl Acetate, Vitis Vinifera Fruit Extract, Acetyl Glucosamine, Scutellaria Baicalensis Root Extract, Magnesium Ascorbyl Phosphate, Morus Bombycis Root Extract, Camellia Sinensis Leaf Extract, Caffeine, Sodium Hyaluronate, Acetyl Hexapeptide8, Ceramide 2, Linoleic Acid, Betula Alba Extract, Cholesterol, Isopentyldiol, Caprylyl Glycol, Xanthan Gum, Oryzanol, 12Hexanediol, Sodium Sulfite, Sodium Metabisulfite, Edta, Disodium Edta, Sodium Dehydroacetate, Phenoxyethanol",52,3608,1.0,0.0,https://www.sephora.com/product/intensive-skin-supplement-P270591?icid2=products%20grid:p270591,1.0,77.0
EradiKate™ Mask Foam-Activated Acne Treatment,Kate Somerville,facial-treatments,54.0,"Sodium C1416 Olefin Sulfonate, CocoGlucoside, Sodium Cocoamphoacetate, Acrylates Copolymer, Coconut Alcohol, Glycereth18 Ethylhexanoate, Propanediol, Glycereth18, Ethyl Perfluorobutyl Ether, Ethyl Perfluoroisobutyl Ether, Stearyl Alcohol, Titanium Dioxide, Phenoxyethanol, Cocamidopropyl Hydroxysultaine, Behenyl Alcohol, Butylene Glycol, Fragrance, Sodium Chloride, Citric Acid, Glycerin, Sodium Hydroxide, Linalool, Xanthan Gum, Disodium EDTA, Ethylhexylglycerin, Iron Oxides, Sodium Benzoate, Avena Sativa Kernel Extract, Boswellia Serrata Extract, Honey Extract, Oryza Sativa Bran Extract, Limonene, Disodium Carboxyethyl Siliconate, Potassium Sorbate, Oligopeptide10",167,12909,2.0,0.0,https://www.sephora.com/product/eradikate-mask-foam-activated-acne-treatment-P393675?icid2=products%20grid:p393675,2.0,27.0
Wrinkle Revenge® Ultimate Hyaluronic Serum,DERMAdoctor,facial-treatments,68.0,"Sodium Hyaluronate Crosspolymer, Glycerin, Aloe Barbadensis Leaf Juice, Butylene Glycol, Methyl Gluceth10, Panthenol, Alcohol, Lecithin, Calcium Ketogluconate, Phenoxyethanol, Polysorbate 20, Sodium Hyaluronate, Acrylates, Triethanolamine, Caprylyl Glycol, Ethylhexylglycerin, Hexylene Glycol, Potassium Phosphate Disodium EDTA, Propylene Glycol, Camellia Oleifera Leaf Extract, Camellia Sinensis Leaf Extract, Laminaria Saccharina Extract, Punica Granatum Extract",77,2131,0.0,0.0,https://www.sephora.com/product/wrinkle-revenge-ultimate-hyaluronic-serum-P302932?icid2=products%20grid:p302932,1.3213098086124409,51.46408477161724
Belle de Jour White Lotus Serum,KENZOKI,facial-treatments,105.0,"Sodium Hyaluronate Crosspolymer, Glycerin, Aloe Barbadensis Leaf Juice, Butylene Glycol, Methyl Gluceth10, Panthenol, Alcohol, Lecithin, Calcium Ketogluconate, Phenoxyethanol, Polysorbate 20, Sodium Hyaluronate, Acrylates, Triethanolamine, Caprylyl Glycol, Ethylhexylglycerin, Hexylene Glycol, Potassium Phosphate Disodium EDTA, Propylene Glycol, Camellia Oleifera Leaf Extract, Camellia Sinensis Leaf Extract, Laminaria Saccharina Extract, Punica Granatum Extract",2,316,1.0,0.0,https://www.sephora.com/product/belle-de-jour-white-lotus-serum-P399726?icid2=products%20grid:p399726,1.0,105.0
Diorsnow Essence of Light Pure Concentrate of Light Brightening Milk Serum,Dior,facial-treatments,140.0,"Aqua, Glycerin, Dimethicone, Propanediol, Butylene Glycol, Ascorbyl Glucoside, Pentylene Glycol, Polyglyceryl10 Myristate, Polymethylsilsesquioxane, Alcohol, Tromethamine, Phenoxyethanol, Acrylates, Cellulose, Maltitol, Silica, Sodium Citrate, Dipotassium Glycyrrhizate, Peg7 Glyceryl Cocoate, Ci 77891, Parfum, Citrus Unshiu Peel Extract, Ectoin, Sapindus Mukurossi Peel Extract, Citrus Medica Limonum Fruit Extract, Synthetic Fluorphlogopite, Alcaligenes Polysaccharides, Biosaccharide Gum1, Citric Acid, Aluminum Hydroxide, Leontopodium Alpinum Extract, Tremella Fuciformis Polysaccharide, Limonene, Potassium Sorbate, Stearic Acid, AlphaIsomethyl Ionone, Kluyveromyces Extract, Linalool, Citronellol, Poria Cocos Sclerotium Extract, Sodium Benzoate, Sodium Chloride, Bht, Sodium Dna, Disodium Phosphate, Ergothioneine, Potassium Chloride, Potassium Phosphate",17,3372,1.0,0.0,https://www.sephora.com/product/diorsnow-essence-light-pure-concentrate-light-brightening-milk-serum-P429677?icid2=products%20grid:p429677,1.0,140.0
Younger® Pure Youth Serum with MIMIXYL™,LANCER Skincare,facial-treatments,275.0,"Aloe Barbadensis Leaf Extract, Dimethyl Isosorbide, Glycolic Acid, Glyceryl Stearate, PEG100 Stearate, Neopentyl Glycol Diethylhexanoate, Sodium Hydroxide, Caprylic, Propanediol, Cetyl Alcohol Polymethylsilsesquioxane, HDI, Hydroxyethylacrylate, Glycerin, Butylene Glycol, Cyclopentasiloxane, Cyclohexasiloxanehydroxyethylacrylate, Copolymer, Cyclopentasiloxane, Cyclohexasiloxane, Glycolic Acid, Sodium Hydroxide, Hydroxypinacolone Retinoate, Bakuchiol, Tetrahexydecyl Ascorbate, Capryloyl Pentapeptide26, Bidens Pilosa Extract, Saccharomyces Lysate Extract, Methyl Glucoside Phosphate Proline Lysine Copper Complex, Glycine Soja Extract, Tuber Aestivum Extract, Orchis Mascula Extract, Sodium Hyaluronate, Alpha Bisabolol, Allantoin, Chondrus Crispus Extract, Elaeis Guineensis Oil, Gossypium Herbaceum Seed Oil, Linum Usitatissimum Seed Oil, Dimethicone, Vinyl Dimethicone Crosspolymer, Tocopheryl Acetate, PPG12 SMDI Copolymer, Vitis Vinifera Seed Oil, Hydrolyzed Chondrus Crispus Extract, Menthoxypropanediol, Vanillyl Butyl Ether, Magnesium Aluminum Silcate, Sodium Dihydroacetate, Citric Acid, Potassium Sorbate, Xanthan Gum, Disodium EDTA, Ethylhexylglycerin, Phenoxyethanol",7,1944,1.0,0.0,https://www.sephora.com/product/younger-pure-youth-serum-with-mimixyl-P406610?icid2=products%20grid:p406610,1.0,275.0
Surf Chaser Reverse Aging Serum,Dr Roebuck's,facial-treatments,60.0,"Purified Glycerin, Aloe Barbadenis Leaf Juice, Caprylic, Biosaccharide gum1, Carnosine, CocoCaprylate, Sodium Hyaluronate, Ascorbyl Tetraisopalmitate, Creatine, Spilanthes Acmella Flower Extract, Niacinamide, Tocopheryl Acetate, Citrus Aurantium Peel Oil, Borago Officinalis Seed Oil, Caprylyl Glycol, Sodium Stearoyl Glutamate, Sodium Polyacrylate, Xanthan Gum, Dehydroacetic Acid, Benzyl Alcohol, Bakuchiol",16,762,1.0,0.0,https://www.sephora.com/product/surf-chaser-reverse-aging-serum-P430836?icid2=products%20grid:p430836,1.0,60.0
Future Solution LX Superior Radiance Serum,Shiseido,facial-treatments,225.0,"Alcohol Denat, Glycerin, Butylene Glycol, Dimethicone, BisDiglyceryl Polyacyladipate2, Hydrogenated Polydecene, Peg75, Pentaerythrityl Tetraethylhexanoate, Potassium Methoxysalicylate, Peg6, Phenoxyethanol, Ammonium Acryloyldimethyltaurate, Sodium Hyaluronate, Peg60 Glyceryl Isostearate, Ppg8Ceteth20, 4Isobutylresorcinol, Mica, Sodium Citrate, Succinoglycan, Sodium Metaphosphate, Piperidinepropionic Acid, Tocopheryl Acetate, Fragrance, Acrylates, Titanium Dioxide, Potassium Hydroxide, Sodium Metabisulfite, Xanthan Gum, Citric Acid, Disodium Edta, 2OEthyl Ascorbic Acid, Alcohol, Linalool, Butylphenyl Methylpropional, Saccharomyces Ferment Lysate Filtrate, Limonene, AlphaIsomethyl Ionone, Citronellol, Geraniol, Benzyl Benzoate, Sodium Acetylated Hyaluronate, Ononis Spinosa Root Extract, Averrhoa Carambola Leaf Extract, Iron Oxides, Hibiscus Esculentus Fruit Extract, Camellia Sinensis Leaf Extract, Tocopherol, Iron Oxides, Hydrolyzed Conchiolin Protein",5,927,1.0,0.0,https://www.sephora.com/product/future-solution-lx-superior-radiance-serum-P384790?icid2=products%20grid:p384790,1.0,225.0
Ultimate Miracle Worker Fix Facial Serum Roller,philosophy,facial-treatments,76.0,"Aqua, BisPeg18 Methyl Ether Dimethyl Silane, Glycerin, Peg8, Propanediol, Pullulan, Butylene Glycol, Phenoxyethanol, Hydroxyethyl Acrylate, Squalane, Glycine Soja Oil, Polysilicone11, Acrylates, Caprylyl Glycol, 12Hexanediol, Leontopodium Alpinum Callus Culture Extract, Disodium Edta, Sodium Hydroxide, Alcohol, Polysorbate 60, Lecithin, Adenosine, Polysorbate 20, Retinol, Parfum, Bht, Laureth3, Cellulose Gum, Chitosan, Ethylhexylglycerin, Glycolic Acid, Sorbitan Oleate, Kigelia Africana Fruit Extract, Sorbitan Isostearate, Hydrolyzed Soybean Extract, Pisum Sativum Extract, Carbomer, Hydroxyethylcellulose, Behentrimonium Chloride, Decyl Glucoside, Acetyl Dipeptide1 Cetyl Ester, Sodium Benzoate, Sodium Citrate, Citric Acid, Potassium Phosphate, Limonene, Xanthan Gum, Hyaluronic Acid, Hexylene Glycol, Isopropyl Alcohol, Potassium Sorbate, Silanetriol, Sorbic Acid, Ascorbyl Palmitate, Bha, Tocopherol, Palmitoyl Tripeptide1, Palmitoyl Tetrapeptide",221,159,1.0,0.0,https://www.sephora.com/product/ultimate-miracle-worker-fix-facial-serum-roller-P449825?icid2=products%20grid:p449825,1.0,76.0
Licorice Serum CALM IRRITATED SKIN,Skin Inc Supplement Bar,facial-treatments,35.0,"Butylene Glycol, Glycerin, Pentylene Glycol, Potassium Hydroxide, Carbomer, Polysorbate 80, Phenoxyethanol, Dipotassium Glycyrrhizate, Alcaligenes Polysaccharides, Glycyrrhiza Glabra Root Extract, Camellia Sinensis Catechins, Algin, Titanium Dioxide, Iron Oxides, Cobalt Aluminum Oxide",26,4793,0.34,0.0,https://www.sephora.com/product/licorice-serum-calm-irritated-skin-P391618?icid2=products%20grid:p391618,0.34,102.94117647058823
Concentrated Brightening Serum,Tata Harper,facial-treatments,295.0,Clinical Grade Essential Oils Blend,2,306,1.0,0.0,https://www.sephora.com/product/concentrated-brightening-serum-P449407?icid2=products%20grid:p449407,1.0,295.0
Pure Shots Light Up Brightening Serum Refill,Yves Saint Laurent,facial-treatments,70.0,Clinical Grade Essential Oils Blend,0,37,1.0,0.0,https://www.sephora.com/product/yves-saint-laurent-pure-shots-light-up-brightening-serum-refill-P454073?icid2=products%20grid:p454073,1.0,70.0
Pure Shots Night Reboot Resurfacing Serum Refill,Yves Saint Laurent,facial-treatments,70.0,Clinical Grade Essential Oils Blend,0,102,1.0,0.0,https://www.sephora.com/product/yves-saint-laurent-pure-shots-night-reboot-resurfacing-serum-refill-P454077?icid2=products%20grid:p454077,1.0,70.0
Banana Bright Eye Crème,OLEHENRIKSEN,eye-treatment-dark-circle-treatment,39.0,"Simmondsia Chinensis Seed Oil, Butyrospermum Parkii Butter, Isododecane, Coconut Alkanes, Tetrahexyldecyl Ascorbate, Polyglyceryl3 Rice Branate, Polyglyceryl3 Beeswax, Cetearyl Alcohol, 30Ethyl Ascorbic Acid, Glycerin, Dilinoleic Acid, Polymethylsilsesquioxane, Cocoyl Proline, Pentaerythrityl Tetraisostearate, Dimethicone Crosspolymer, HDI, Polyacrylate13, Mica, Polysorbate 20, Caprylyl Glycol, Titanium Dioxide, Polyglyceryl6 Ricinoleate, Polyglyceryl6 Caprylate, Polyglyceryl4 Caprate, Polyglyceryl3 Cocoate, Phenoxyethanol, CocoCaprylate, Polyisobutene, Acrylates, Parfum, Tamarindus Indica Seed Polysaccharide, Tocopheryl Acetate, Rosa Canina Fruit Extract, Lycium Barbarum Fruit Extract, Hippophae Rhamnoides Extract, Citrus Limon Fruit Extract, Citrus Aurantium Dulcis Fruit Extract, Sodium Hydroxide, Sorbic Acid, Iron Oxides, Leuconostoc, Sorbitan Isostearate, Silica, Sodium Benzoate, Propanediol, Vegetable Collagen, Aroma, Ascorbic Acid, Linoleic Acid, Pullulan, Nannochloropsis Oculata Extract, Linolenic Acid, Citric Acid, Potassium Sorbate, Tocopherol, Citral, Limonene, Linalool",3000,176011,0.5,0.0,https://www.sephora.com/product/banana-bright-eye-creme-P426339?icid2=products%20grid:p426339,0.5,78.0
C-Tango™ Multivitamin Eye Cream,Drunk Elephant,eye-treatment-dark-circle-treatment,64.0,"Glycerin, Dicaprylyl Carbonate, Cetearyl Alcohol, Caprylic, Hydroxyethyl Acrylate, Sodium Ascorbyl Phosphate, Cetearyl Olivate, Sorbitan Olivate, Sclerocarya Birrea Seed Oil, Persea Gratissima Oil, Plukenetia Volubilis Seed Oil, Magnesium Ascorbyl Phosphate, Ceteareth6 Olivate, Tetrahexyldecyl Ascorbate, Ascorbyl Glucoside, Ascorbyl Palmitate, Palmitoyl Tripeptide1, Glycine Soja Sterols, Linoleic Acid, Phospholipids, Ceramide NP, Glycine Soja Protein, Ceramide AP, Phytosphingosine, Cholesterol, Ceramide EOP, Cucumis Sativus Fruit Extract, Camellia Sinensis Leaf Extract, Palmitoyl Dipeptide5 Diaminobutyroyl Hydroxythreonine, Palmitoyl Dipeptide5 Diaminohydroxybutyrate, Dipeptide Diaminobutyroyl Benzylamide Diacetate, Sodium Hyaluronate Crosspolymer, C1215 Alkyl Benzoate, Panthenol, Dipotassium Glycyrrhizate, Hesperidin Methyl Chalcone, Dipeptide2, Palmitoyl Tetrapeptide7, Fragaria Ananassa Seed Extract, Medicago Sativa Extract, Morus Alba Leaf Extract, Hydrolyzed Rice Protein, Spilanthes Acmella Flower Extract, Aloe Barbadensis Leaf Juice, Ubiquinone, Superoxide Dismutase, Palmitoyl Tripeptide38, Acetyl Hexapeptide8, Pyrus Malus Fruit Extract, Phytic Acid, Actinidia Chinensis Fruit Extract, Vaccinium Myrtillus Leaf Extract, Tocopherol, Thioctic Acid, NHydroxysuccinimide, Chrysin, Mica, Ethylhexyl Palmitate, Phenoxyethanol, Pentylene Glycol, Sodium Lauroyl Lactylate, Titanium Dioxide, Hydroxypropyl Cyclodextrin, Sodium Benzoate, Xanthan Gum, Carbomer, Tocopheryl Acetate, Sodium Dextran Sulfate, Sorbitan Isostearate, Caprylyl Glycol, Steareth20, Chlorhexidine Digluconate, Citric Acid, Chlorphenesin, Polysorbate 60, Potassium Sorbate, Ethylhexylglycerin",1000,78893,0.5,0.0,https://www.sephora.com/product/c-tango-multivitamin-eye-cream-P429515?icid2=products%20grid:p429515,0.5,128.0
Creamy Eye Treatment with Avocado,Kiehl's Since 1851,eye-treatment-dark-circle-treatment,32.0,"Butyrospermum Parkii Butter, Butylene Glycol, Tridecyl Stearate, Isodecyl Salicylate, Peg30 Dipolyhydroxystearate, Tridecyl Trimellitate, Persea Gratissima Oil, Isocetyl Stearoyl Stearate, Propylene Glycol, Dipentaerythrityl Hexacaprylate, Sorbitan Sesquioleate, Magnesium Sulfate, Phenoxyethanol, Hydrogenated Castor Oil, Sodium Pca, Ozokerite, Methylparaben, Tocopheryl Acetate, Isopropyl Palmitate, Disodium Edta, Copper Pca, Butylparaben, Ethylparaben, Propylparaben, Zea Mays Oil, BetaCarotene",892,40291,0.0,0.5,https://www.sephora.com/product/creamy-eye-treatment-with-avocado-P422000?icid2=products%20grid:p422000,0.5,64.0
GinZing™ Refreshing Eye Cream to Brighten and Depuff,Origins,eye-treatment-dark-circle-treatment,32.0,"Methyl Trimethicone, Butylene Glycol, Peg100 Stearate, Dimethicone, Cetyl Ricinoleate, Silica, Olea Europaea Fruit Oil, Glycerin, Behenyl Alcohol, Cucumis Sativus Fruit Extract, Panax Ginseng Root Extract, Castanea Sativa Seed Extract, Camellia Sinensis Leaf Extract, Cordyceps Sinensis Extract, Magnolia Officinalis Bark Extract, Pyrus Malus Fruit Extract, Scutellaria Baicalensis Root Extract, Pantethine, Panthenol, Caprylic, Butyrospermum Parkii, Caffeine, Coleus Barbatus Extract, Yeast Extract\Faex\Extrait De Levure, Folic Acid, Hydrogenated Lecithin, Jojoba Wax Peg120 Esters, Biotin, Tribehenin, Myristyl Alcohol, Palmitoyl Tetrapeptide7, Trehalose, Sodium Hyaluronate, Ascorbyl Tocopheryl Maleate, Hesperidin Methyl Chalcone, Sodium Sulfite, Sodium Metabisulfite, Steareth20, Dipeptide2, Ethylhexylglycerin, Carbomer, Tromethamine, Sorbic Acid, Chlorphenesin, Phenoxyethanol, Mica, Titanium Dioxide, Iron Oxides",4000,111574,0.0,0.5,https://www.sephora.com/product/ginzing-refreshing-eye-cream-P297511?icid2=products%20grid:p297511,0.5,64.0
The Silk Peony Melting Eye Cream,Tatcha,eye-treatment-dark-circle-treatment,60.0,"Methyl Trimethicone, Butylene Glycol, Peg100 Stearate, Dimethicone, Cetyl Ricinoleate, Silica, Olea Europaea Fruit Oil, Glycerin, Behenyl Alcohol, Cucumis Sativus Fruit Extract, Panax Ginseng Root Extract, Castanea Sativa Seed Extract, Camellia Sinensis Leaf Extract, Cordyceps Sinensis Extract, Magnolia Officinalis Bark Extract, Pyrus Malus Fruit Extract, Scutellaria Baicalensis Root Extract, Pantethine, Panthenol, Caprylic, Butyrospermum Parkii, Caffeine, Coleus Barbatus Extract, Yeast Extract\Faex\Extrait De Levure, Folic Acid, Hydrogenated Lecithin, Jojoba Wax Peg120 Esters, Biotin, Tribehenin, Myristyl Alcohol, Palmitoyl Tetrapeptide7, Trehalose, Sodium Hyaluronate, Ascorbyl Tocopheryl Maleate, Hesperidin Methyl Chalcone, Sodium Sulfite, Sodium Metabisulfite, Steareth20, Dipeptide2, Ethylhexylglycerin, Carbomer, Tromethamine, Sorbic Acid, Chlorphenesin, Phenoxyethanol, Mica, Titanium Dioxide, Iron Oxides",1000,40171,0.5,0.0,https://www.sephora.com/product/the-silk-peony-melting-eye-cream-P447780?icid2=products%20grid:p447780,0.5,120.0
Advanced Night Repair Eye Supercharged Complex,Estée Lauder,eye-treatment-dark-circle-treatment,64.0,"Methyl Trimethicone, Butylene Glycol, Peg100 Stearate, Dimethicone, Cetyl Ricinoleate, Silica, Olea Europaea Fruit Oil, Glycerin, Behenyl Alcohol, Cucumis Sativus Fruit Extract, Panax Ginseng Root Extract, Castanea Sativa Seed Extract, Camellia Sinensis Leaf Extract, Cordyceps Sinensis Extract, Magnolia Officinalis Bark Extract, Pyrus Malus Fruit Extract, Scutellaria Baicalensis Root Extract, Pantethine, Panthenol, Caprylic, Butyrospermum Parkii, Caffeine, Coleus Barbatus Extract, Yeast Extract\Faex\Extrait De Levure, Folic Acid, Hydrogenated Lecithin, Jojoba Wax Peg120 Esters, Biotin, Tribehenin, Myristyl Alcohol, Palmitoyl Tetrapeptide7, Trehalose, Sodium Hyaluronate, Ascorbyl Tocopheryl Maleate, Hesperidin Methyl Chalcone, Sodium Sulfite, Sodium Metabisulfite, Steareth20, Dipeptide2, Ethylhexylglycerin, Carbomer, Tromethamine, Sorbic Acid, Chlorphenesin, Phenoxyethanol, Mica, Titanium Dioxide, Iron Oxides",258,26245,0.5,0.0,https://www.sephora.com/product/advanced-night-repair-eye-supercharged-complex-P433885?icid2=products%20grid:p433885,0.5,128.0
Cheer Up Brightening Vitamin C Eye Cream with Acerola Cherry,Farmacy,eye-treatment-dark-circle-treatment,45.0,"Diisostearyl Malate, Pentaerythrityl Tetraisostearate, Pentylene Glycol, Ascorbyl Tetraisopalmitate, Orbignya Oleifera Seed Oil, Phytosterols, Caprylic, 3Glyceryl Ascorbate, Glycerin, Acrylates, Malpighia Punicifolia Fruit Extract, Caffeine, Sodium Hyaluronate, Hydrolyzed Sodium Hyaluronate, Sodium Acetylated Hyaluronate, Sodium Hyaluronate Crosspolymer, Hydrolyzed Plukenetia Volubilis Seed Extract, Linoleic Acid, Phospholipids, Bisabolol, Helianthus Annuus Extract, Physalis Angulata Extract, BisDiglyceryl Polyacyladipate1, Oryza Sativa Bran Extract, Tocopherol, Hexamidine Diisethionate, Sodium Phytate, Melia Azadirachta Extract, Moringa Oleifera Seed Oil, Ethylhexylglycerin, Potassium Hydroxide, Rosmarinus Officinalis Leaf Extract, Butylene Glycol, Citric Acid, Sodium Benzoate",154,15677,0.5,0.0,https://www.sephora.com/product/farmacy-cheer-up-brightening-vitamin-c-eye-cream-with-acerola-cherry-P453229?icid2=products%20grid:p453229,0.5,90.0
Squalane + Marine Algae Eye Cream,Biossance,eye-treatment-dark-circle-treatment,54.0,"Caprylic, Squalane, Glycerin, Sorbitan Olivate, Cetearyl Olivate, Jojoba Esters, Glyceryl Stearate SE, Panthenol, Hydroxyethyl Acrylate, Cetyl Palmitate, Spilanthes Acmella Flower Extract, Palmitoyl Tripeptide5, Sorbitan Palmitate, Dunaliella Salina Extract, Astaxanthin, Sodium Hyaluronate, Phenoxyethanol, Ethylhexylglycerin, Tocopherol, Citric Acid",449,25257,0.5,0.0,https://www.sephora.com/product/squalane-marine-algae-eye-cream-P447210?icid2=products%20grid:p447210,0.5,108.0
The Eye Concentrate,La Mer,eye-treatment-dark-circle-treatment,225.0,"Algae Extract, Water\Aqua\Eau, Cyclopentasiloxane, Glycerin, Dimethicone, Vinyl Dimethicone, Caprylic, Caprylic, Yeast Extract\Faex\Extrait De Levure, Sea Salt\Maris Sal\Sel Marin, Saccharomyces, Helichrysum Arenarium Extract, Polysilicone11, Gelidium Cartilagineum Extract, Tourmaline, Polygonum Fagopyrum Seed Extract, Saccharomyces Lysate Extract, Sesamum Indicum Seed Oil, Medicago Sativa Seed Powder, Helianthus Annuus Seedcake, Prunus Amygdalus Dulcis Seed Meal, Eucalyptus Globulus Leaf Oil, Sodium Gluconate, Calcium Gluconate, Copper Gluconate, Magnesium Gluconate, Zinc Gluconate, Tocopheryl Succinate, Niacin, Sesamum Indicum Seed Powder, Corallina Officinalis Extract, Ferrous Gluconate, Glyceryl Triacetyl Ricinoleate, Hydrogenated Vegetable Oil, Macadamia Integrifolia Seed Oil, Palmitoyl Tetrapeptide7, Acetyl Hexapeptide8, Whey Protein\Lactis Protein\Proteine Du PetitLait, Hesperidin Methyl Chalcone, Cyclohexasiloxane, Linoleic Acid, Caffeine, Cholesterol, Tetraacetylphytosphingosine, Sigesbeckia Orientalis Extract, Butylene Glycol, Crithmum Maritimum Extract, Acetyl Glucosamine, Steareth20, Aminopropyl Ascorbyl Phosphate, Nylon12, Triethylhexanoin, Avena Sativa Kernel Extract, Prunus Amygdalus Dulcis Seed Extract, Isononyl Isononanoate, Glycine Soja Protein, Cetyl Peg, Phytosphingosine, Hydrogenated Polyisobutene, Propylene Glycol Dioctanoate, Calcium Chloride, Sucrose, Dipeptide2, Dimethicone Crosspolymer, Triethoxycaprylylsilane, Caprylyl Glycol, Trimethylsiloxysilicate, Isododecane, Peg, Silica, Alumina, Fragrance, Phenoxyethanol, Mica, Titanium Dioxide",135,20469,0.5,0.0,https://www.sephora.com/product/the-eye-concentrate-P416343?icid2=products%20grid:p416343,0.5,450.0
Moisturizing Eye Bomb,belif,eye-treatment-dark-circle-treatment,48.0,"Algae Extract, Water\Aqua\Eau, Cyclopentasiloxane, Glycerin, Dimethicone, Vinyl Dimethicone, Caprylic, Caprylic, Yeast Extract\Faex\Extrait De Levure, Sea Salt\Maris Sal\Sel Marin, Saccharomyces, Helichrysum Arenarium Extract, Polysilicone11, Gelidium Cartilagineum Extract, Tourmaline, Polygonum Fagopyrum Seed Extract, Saccharomyces Lysate Extract, Sesamum Indicum Seed Oil, Medicago Sativa Seed Powder, Helianthus Annuus Seedcake, Prunus Amygdalus Dulcis Seed Meal, Eucalyptus Globulus Leaf Oil, Sodium Gluconate, Calcium Gluconate, Copper Gluconate, Magnesium Gluconate, Zinc Gluconate, Tocopheryl Succinate, Niacin, Sesamum Indicum Seed Powder, Corallina Officinalis Extract, Ferrous Gluconate, Glyceryl Triacetyl Ricinoleate, Hydrogenated Vegetable Oil, Macadamia Integrifolia Seed Oil, Palmitoyl Tetrapeptide7, Acetyl Hexapeptide8, Whey Protein\Lactis Protein\Proteine Du PetitLait, Hesperidin Methyl Chalcone, Cyclohexasiloxane, Linoleic Acid, Caffeine, Cholesterol, Tetraacetylphytosphingosine, Sigesbeckia Orientalis Extract, Butylene Glycol, Crithmum Maritimum Extract, Acetyl Glucosamine, Steareth20, Aminopropyl Ascorbyl Phosphate, Nylon12, Triethylhexanoin, Avena Sativa Kernel Extract, Prunus Amygdalus Dulcis Seed Extract, Isononyl Isononanoate, Glycine Soja Protein, Cetyl Peg, Phytosphingosine, Hydrogenated Polyisobutene, Propylene Glycol Dioctanoate, Calcium Chloride, Sucrose, Dipeptide2, Dimethicone Crosspolymer, Triethoxycaprylylsilane, Caprylyl Glycol, Trimethylsiloxysilicate, Isododecane, Peg, Silica, Alumina, Fragrance, Phenoxyethanol, Mica, Titanium Dioxide",1000,59920,0.0,0.0,https://www.sephora.com/product/moisturizing-eye-bomb-P422905?icid2=products%20grid:p422905,0.5181621621621623,92.63509284373043
Shaba Complex™ Firming Eye Serum,Drunk Elephant,eye-treatment-dark-circle-treatment,60.0,"Octyldodecanol, Glycerin, Boron Nitride, Saccharomyces, Coconut Alkanes, Cetyl Alcohol, Cetearyl Olivate, Sorbitan Olivate, Niacinamide, Copper Tripeptide1, Leontopodium Alpinum Meristem Cell Culture, Dipeptide2, Palmitoyl Tripeptide1, Palmitoyl Tetrapeptide7, Copper Lysinate, Hesperidin Methyl Chalcone, Chondrus Crispus, Mangifera Indica Seed Butter, Glycine Soja Oil, Hippophae Rhamnoides Oil, Sclerocarya Birrea Seed Oil, Sodium Hyaluronate Crosspolymer, Hydroxyethylcellulose, CocoCaprylate, Steareth20, Lecithin, Panthenol, NHydroxysuccinimide, Ubiquinone, Citric Acid, Thioctic Acid, Tocopherol, Chrysin, Sclerotium Gum, Methylglucoside Phosphate, Xanthan Gum, Potassium Sorbate, Sodium Benzoate, Chlorphenesin, Caprylyl Glycol, Sodium Hydroxide, Phenoxyethanol, Pentylene Glycol",895,52546,0.5,0.0,https://www.sephora.com/product/shaba-complex-eye-serum-P419223?icid2=products%20grid:p419223,0.5,120.0
Benefiance WrinkleResist24 Pure Retinol Express Smoothing Eye Mask,Shiseido,eye-treatment-dark-circle-treatment,70.0,"Butylene Glycol, Pentaerythrityl Tetraoctanoate, Phenyl Trimethicone Glycerin Dipropylene Glycol, Alcohol Denat, Betaine, Peg60 Hydrogenated Castor Oil, Tocopheryl Acetate, Squalane, Xanthan Gum, Arginine HCL, Magnesium Ascorbyl Phosphate, Glucosyl Hesperidin, Ginseng Extract, Sodium Acetylated Hyaluronate, Hydroxyproline, Raspberry Extract, Sodium Citrate, Carbomer, BHT, Potassium Hydroxide, Retinol, Polysorbate 20, Citric Acid, Alcohol, Trisodium EDTA, Phenoxyethanol, Methylparaben, Fragrance, BetaCarotene",417,50680,0.0,0.0,https://www.sephora.com/product/benefiance-wrinkleresist24-pure-retinol-express-soothing-eye-mask-P173619?icid2=products%20grid:p173619,0.5181621621621623,135.0928437304402
Benefiance Wrinkle Smoothing Eye Cream,Shiseido,eye-treatment-dark-circle-treatment,70.0,"Hydrogenated Polydecene, Glycerin, Mineral Oil, Petrolatum, Butylene Glycol, Paraffin, Polyglyceryl2 Diisostearate, Squalane, Glyceryl Oleate, Sodium Pca, Glutamic Acid, Dipropylene Glycol, Carnosine, Beeswax, Microcrystalline Wax, Sodium Hydroxide, Alcohol, Polyethylene, Methylparaben, Tocopheryl Acetate, Ethylparaben, Phytosteryl, Fragrance, Trisodium Edta, Tocopherol, Sodium Metabisulfite, Caffeine, Iron Oxides, Peg, Ppg3 Dipivalate, Linalool, Limonene, Sapindus Mukorossi Peel Extract, Citronellol, Uncaria Gambir Extract, Geraniol, Angelica Keiskei Leaf, AlphaIsomethyl Ionone, Sanguisorba Officinalis Root Extract, Crataegus Monogyna Flower Extract, Camellia Sinensis Leaf Extract, Sodium Acetylated Hyaluronate, Hydroxyproline, Iron Oxides, Citrus Junos Seed Extract, Cinnamomum Cassia Bark Extract, Ziziphus Jujuba Fruit Extract, Chlorella Vulgaris Extract, Eucheuma Serra, Carbomer, Sodium Lactate, Bht, Curcuma Longa Rhizome Extract, Polysorbate 20, Saccharina Angustata, Palmitoyl Tripeptide1, Palmitoyl Tetrapeptide7",216,10037,0.51,0.0,https://www.sephora.com/product/benefiance-wrinkle-smoothing-eye-cream-P448203?icid2=products%20grid:p448203,0.51,137.2549019607843
Biolumin-C Vitamin C Eye Serum,Dermalogica,eye-treatment-dark-circle-treatment,70.0,"Hydrogenated Polydecene, Glycerin, Mineral Oil, Petrolatum, Butylene Glycol, Paraffin, Polyglyceryl2 Diisostearate, Squalane, Glyceryl Oleate, Sodium Pca, Glutamic Acid, Dipropylene Glycol, Carnosine, Beeswax, Microcrystalline Wax, Sodium Hydroxide, Alcohol, Polyethylene, Methylparaben, Tocopheryl Acetate, Ethylparaben, Phytosteryl, Fragrance, Trisodium Edta, Tocopherol, Sodium Metabisulfite, Caffeine, Iron Oxides, Peg, Ppg3 Dipivalate, Linalool, Limonene, Sapindus Mukorossi Peel Extract, Citronellol, Uncaria Gambir Extract, Geraniol, Angelica Keiskei Leaf, AlphaIsomethyl Ionone, Sanguisorba Officinalis Root Extract, Crataegus Monogyna Flower Extract, Camellia Sinensis Leaf Extract, Sodium Acetylated Hyaluronate, Hydroxyproline, Iron Oxides, Citrus Junos Seed Extract, Cinnamomum Cassia Bark Extract, Ziziphus Jujuba Fruit Extract, Chlorella Vulgaris Extract, Eucheuma Serra, Carbomer, Sodium Lactate, Bht, Curcuma Longa Rhizome Extract, Polysorbate 20, Saccharina Angustata, Palmitoyl Tripeptide1, Palmitoyl Tetrapeptide7",283,3223,0.5,0.0,https://www.sephora.com/product/dermalogica-biolumin-c-vitamin-c-eye-serum-P453930?icid2=products%20grid:p453930,0.5,140.0
All About Eyes™ Rich Eye Cream,CLINIQUE,eye-treatment-dark-circle-treatment,33.0,"Water\Aqua\Eau, Butyrospermum Parkii, Cetearyl Alcohol, Butylene Glycol, Hydrogenated Polyisobutene, Phenyl Trimethicone, Polyglyceryl3 Beeswax, Polybutene, Sucrose, Cetyl Esters, Polymethyl Methacrylate, Isostearyl Neopentanoate, Glycerin, Cetearyl Glucoside, Tocopheryl Acetate, Triticum Vulgare Germ Extract, Hordeum Vulgare Extract\Extrait D'Orge, Sigesbeckia Orientalis Extract, Peg100 Stearate, Coleus Barbatus Extract, Betula Alba Extract, Polysilicone11, Methyl Glucose Sesquistearate, Camellia Sinensis Leaf Extract, Salvia Officinalis Leaf, Glyceryl Polymethacrylate, yeast Extract\Faex\Extrait De Levure, Gentiana Lutea Root Extract, Stearic Acid, Milk Protein\Lactis Proteinum\Protéine Du Lait, Whey Protein\Lactis Protein\Protéine Du PetitLait, Palmitoyl Oligopeptide, Squalane, Magnesium Ascorbyl Phosphate, Cholesterol, Caffeine, Peg8, Phytosphingosine, Acrylates, Aminomethyl Propanol, Dimethicone, Isomerized Linoleic Acid, Linoleic Acid, Sodium Hyaluronate, 12Hexanediol, Decarboxy Carnosine Hcl, Potassium Sulfate, Caprylyl Glycol, Disodium Edta, Sodium Dehydroacetate, Phenoxyethanol, yellow 5, Mica, Iron Oxides, Titanium Dioxide",1000,53471,0.0,0.5,https://www.sephora.com/product/all-about-eyes-rich-P174502?icid2=products%20grid:p174502,0.5,66.0
Black Tea Firming and De-Puffing Eye Cream,Fresh,eye-treatment-dark-circle-treatment,68.0,"Glycerin, Butylene Glycol, Squalane, Propylene Glycol Dicaprylate, Caprylic, Methyl Methacrylate Crosspolymer, Pentylene Glycol, Steareth21, Cetyl Alcohol, Stearyl Alcohol, C1018 Triglycerides, Limnanthes Alba Seed Oil, Saccharomyces Ferment Filtrate, Camellia Sinensis Leaf Extract, Avena Sativa Kernel Extract, Morinda Citrifolia Fruit Juice, Saccharomyces Cerevisiae Extract, Litchi Chinensis Seed Extract, Rubus Fruticosus Leaf Extract, Tocopheryl Acetate, Ascorbyl Tetraisopalmitate, Tocopherol, Biotin, Glyceryl Hydroxystearate, Steareth2, Stearalkonium Hectorite, Sodium Polyacrylate, Fragrance, Dimethicone, Silica, Propylene Carbonate, Acrylates, Sodium Hyaluronate, Maltodextrin, Tromethamine, Adenosine, CI 77891, Biosaccharide Gum2, Caramel, Hydroxyethylcellulose, Algin, BHT, Sodium Citrate, Tin Oxide, Acacia Senegal Gum, Citric Acid, Ethylhexylglycerin, Potassium Sorbate, Serine, Phenoxyethanol, Linalool",474,41308,0.5,0.0,https://www.sephora.com/product/black-tea-age-delay-eye-concentrate-P384778?icid2=products%20grid:p384778,0.5,136.0
Baggage Claim Gold Eye Masks,Wander Beauty,eye-treatment-dark-circle-treatment,25.0,"Glycerin, Butylene Glycol, Squalane, Propylene Glycol Dicaprylate, Caprylic, Methyl Methacrylate Crosspolymer, Pentylene Glycol, Steareth21, Cetyl Alcohol, Stearyl Alcohol, C1018 Triglycerides, Limnanthes Alba Seed Oil, Saccharomyces Ferment Filtrate, Camellia Sinensis Leaf Extract, Avena Sativa Kernel Extract, Morinda Citrifolia Fruit Juice, Saccharomyces Cerevisiae Extract, Litchi Chinensis Seed Extract, Rubus Fruticosus Leaf Extract, Tocopheryl Acetate, Ascorbyl Tetraisopalmitate, Tocopherol, Biotin, Glyceryl Hydroxystearate, Steareth2, Stearalkonium Hectorite, Sodium Polyacrylate, Fragrance, Dimethicone, Silica, Propylene Carbonate, Acrylates, Sodium Hyaluronate, Maltodextrin, Tromethamine, Adenosine, CI 77891, Biosaccharide Gum2, Caramel, Hydroxyethylcellulose, Algin, BHT, Sodium Citrate, Tin Oxide, Acacia Senegal Gum, Citric Acid, Ethylhexylglycerin, Potassium Sorbate, Serine, Phenoxyethanol, Linalool",356,24931,0.0,0.0,https://www.sephora.com/product/baggage-claim-gold-eye-masks-P428668?skuId=2156925&icid2=products%20grid:p428668,0.5181621621621623,48.24744418944293
BRIGHTEYES™ Illuminating Anti-Fatigue Eye Cream,GLAMGLOW,eye-treatment-dark-circle-treatment,39.0,"Water\Aqua\Eau, Butyrospermum Parkii Butter, Butylene Glycol, Dimethicone, Glycerin, Cetearyl Alcohol, Cetyl Esters, Isostearyl Neopentanoate, Cetyl Alcohol, Polybutene, Sodium Hyaluronate, Caffeine, Tocopheryl Acetate, Narcissus Tazetta Bulb Extract, Aminopropyl Ascorbyl Phosphate, Linoleic Acid, Acetyl Hexapeptide8, Artemia Extract, Hibiscus Sabdariffa Flower Extract, Trifluoroacetyl Tripeptide2, Anthemis Nobilis Flower Extract, Laminaria Digitata Extract, Cucumis Melo Fruit Extract, Cetearyl Glucoside, Cholesterol, Persea Gratissima Oil, Pyrus Malus Fruit Extract, Lens Esculenta Fruit Extract, Citrullus Lanatus Fruit Extract, Algae Extract, Lauryl Pca, Whey Protein\Lactis Protein\Proteine Du PetitLait, Yeast Extract\Faex\Extrait De Levure, Sodium Lactate, Sorbitol, Trehalose, Zinc Pca, Glucose, Acetyl Glucosamine, Neopentyl Glycol Diheptanoate, Carbomer, Sodium Hydroxide, Propylene Glycol Dicaprylate, Polymethyl Methacrylate, Sodium Pca, Dextran, Acrylates, Polyethylene, Decarboxy Carnosine Hcl, Potassium Sulfate, Caprylyl Glycol, 12Hexanediol, Tetradecyl Aminobutyroylvalylaminobutyric Urea Trifluoroacetate, Methyl Glucose Sesquistearate, Bht, Disodium Edta, Phenoxyethanol, Potassium Sorbate, Sodium Benzoate, Mica, Titanium Dioxide, Iron Oxides",244,27567,0.5,0.0,https://www.sephora.com/product/brighteyes-illuminating-anti-fatigue-eye-cream-P448208?icid2=products%20grid:p448208,0.5,78.0
Hypoallergenic Firming Eye Cream,Perricone MD,eye-treatment-dark-circle-treatment,72.0,"Water\Aqua\Eau, Butyrospermum Parkii Butter, Butylene Glycol, Dimethicone, Glycerin, Cetearyl Alcohol, Cetyl Esters, Isostearyl Neopentanoate, Cetyl Alcohol, Polybutene, Sodium Hyaluronate, Caffeine, Tocopheryl Acetate, Narcissus Tazetta Bulb Extract, Aminopropyl Ascorbyl Phosphate, Linoleic Acid, Acetyl Hexapeptide8, Artemia Extract, Hibiscus Sabdariffa Flower Extract, Trifluoroacetyl Tripeptide2, Anthemis Nobilis Flower Extract, Laminaria Digitata Extract, Cucumis Melo Fruit Extract, Cetearyl Glucoside, Cholesterol, Persea Gratissima Oil, Pyrus Malus Fruit Extract, Lens Esculenta Fruit Extract, Citrullus Lanatus Fruit Extract, Algae Extract, Lauryl Pca, Whey Protein\Lactis Protein\Proteine Du PetitLait, Yeast Extract\Faex\Extrait De Levure, Sodium Lactate, Sorbitol, Trehalose, Zinc Pca, Glucose, Acetyl Glucosamine, Neopentyl Glycol Diheptanoate, Carbomer, Sodium Hydroxide, Propylene Glycol Dicaprylate, Polymethyl Methacrylate, Sodium Pca, Dextran, Acrylates, Polyethylene, Decarboxy Carnosine Hcl, Potassium Sulfate, Caprylyl Glycol, 12Hexanediol, Tetradecyl Aminobutyroylvalylaminobutyric Urea Trifluoroacetate, Methyl Glucose Sesquistearate, Bht, Disodium Edta, Phenoxyethanol, Potassium Sorbate, Sodium Benzoate, Mica, Titanium Dioxide, Iron Oxides",440,11293,0.5,0.0,https://www.sephora.com/product/hypoallergenic-gentle-firming-eye-cream-P294204?icid2=products%20grid:p294204,0.5,144.0
Ferulic + Retinol Triple Correction Eye Serum,Dr. Dennis Gross Skincare,eye-treatment-dark-circle-treatment,69.0,"Water\Aqua\Eau, Butyrospermum Parkii Butter, Butylene Glycol, Dimethicone, Glycerin, Cetearyl Alcohol, Cetyl Esters, Isostearyl Neopentanoate, Cetyl Alcohol, Polybutene, Sodium Hyaluronate, Caffeine, Tocopheryl Acetate, Narcissus Tazetta Bulb Extract, Aminopropyl Ascorbyl Phosphate, Linoleic Acid, Acetyl Hexapeptide8, Artemia Extract, Hibiscus Sabdariffa Flower Extract, Trifluoroacetyl Tripeptide2, Anthemis Nobilis Flower Extract, Laminaria Digitata Extract, Cucumis Melo Fruit Extract, Cetearyl Glucoside, Cholesterol, Persea Gratissima Oil, Pyrus Malus Fruit Extract, Lens Esculenta Fruit Extract, Citrullus Lanatus Fruit Extract, Algae Extract, Lauryl Pca, Whey Protein\Lactis Protein\Proteine Du PetitLait, Yeast Extract\Faex\Extrait De Levure, Sodium Lactate, Sorbitol, Trehalose, Zinc Pca, Glucose, Acetyl Glucosamine, Neopentyl Glycol Diheptanoate, Carbomer, Sodium Hydroxide, Propylene Glycol Dicaprylate, Polymethyl Methacrylate, Sodium Pca, Dextran, Acrylates, Polyethylene, Decarboxy Carnosine Hcl, Potassium Sulfate, Caprylyl Glycol, 12Hexanediol, Tetradecyl Aminobutyroylvalylaminobutyric Urea Trifluoroacetate, Methyl Glucose Sesquistearate, Bht, Disodium Edta, Phenoxyethanol, Potassium Sorbate, Sodium Benzoate, Mica, Titanium Dioxide, Iron Oxides",383,33230,0.5,0.0,https://www.sephora.com/product/ferulic-retinol-triple-correction-eye-serum-P377531?icid2=products%20grid:p377531,0.5,138.0
Bye Bye Under Eye Brightening Eye Cream,IT Cosmetics,eye-treatment-dark-circle-treatment,48.0,"Cyclopentasiloxane, Butylene Glycol, Butyrospermum Parkii Butter, Dimethicone, Niacinamide, Cetearyl Alcohol, Peg40 Stearate, Palmitic Acid, Stearic Acid, Polysorbate 60, Macadamia Ternifolia Seed Oil, Cetyl Ethylhexanoate, Glyceryl Stearate, Glycerin, Acrylates, Carbomer, Sodium Hyaluronate, Acetyl Hexapeptide8, Copper Gluconate, Collagen, TeaCocoyl Glutamate, Palmitoyl Pentapeptide4, Copper Tripeptide1, Biotin, Caffeine, Magnesium Aspartate, Zinc Gluconate, Sodium Ascorbyl Phosphate, Sodium Lauroyl Lactylate, Ceramide Np, Ceramide Ap, Phytosphingosine, Cholesterol, Xanthan Gum, Ceramide Eop, Retinol, Tocopheryl Acetate, Ascorbic Acid, Aloe Barbadensis Leaf Extract, Anthemis Nobilis Flower Extract, Curcuma Longa Root Extract, Squalane, Spirulina Platensis Extract, Algae Extract, Cucumis Sativus Fruit Extract, Colloidal Oatmeal, Propylene Glycol, Glycyrrhiza Glabra Root Extract, Camellia Sinensis Leaf Extract, Lecithin, Caprylic, Creatine, Simmondsia Chinensis Seed Oil, Vaccinium Angustifolium Fruit Extract, Sea Panthenol, Polyglutamic Acid, Methionine, Lysine, Leucine, Histidine, Isoleucine, Arginine, Disodium EDTA, Polyacrylate13, Polyisobutene, Polysorbate 20, Sorbitan Isostearate, Tromethamine, Sorbitan Stearate, Benzophenone5, Cholesteryl Nonanoate, Cholesteryl Isostearate, Cholesteryl Chloride, Phenylalanine, Threonine, Valine, Saccharide Isomerate, Tryptophan, Elaeis Guineensis Butter, Sorbitol, Polysilicone11, Dimethicone, Phenyl Trimethicone, Citric Acid, Alcohol, Phenoxyethanol, Caprylyl Glycol, Ethylhexylglycerin, Chlorphenesin, Potassium Sorbate, Blue No 1",877,50853,0.5,0.0,https://www.sephora.com/product/bye-bye-under-eye-eye-cream-smooths-brightens-depuffs-P411401?icid2=products%20grid:p411401,0.5,96.0
Vital-E™ Microbiome Age Defense Eye Cream,Peter Thomas Roth,eye-treatment-dark-circle-treatment,55.0,"Glycerin, Dimethicone, Methyl Trimethicone, Butylene Glycol, Caprylyl Methicone, Ceresin, Dimethicone, Lauryl Peg9 Polydimethylsiloxyethyl Dimethicone, Astrocaryum Tucuma Seed Butter, Microcrystalline Wax, Caffeine, Dimethylmethoxy Chromanol, Tocopherol, Bacillus, Yeast BetaGlucan, Palmitoyl Tripeptide5, Silybum Marianum Seed Extract, Acetyl Heptapeptide4, Ceramide NP, Sodium Hyaluronate, Hedychium Coronarium Root Extract, Sodium PCA, Eclipta Prostrata Extract, Dunaliella Salina Extract, Panthenol, Melia Azadirachta Leaf Extract, Undaria Pinnatifida Extract, Inulin, Moringa Oleifera Seed Oil, Phenoxyethanol, Paraffin, Potassium Sorbate, Mannitol, Cellulose, Dipropylene Glycol, Sodium Benzoate, Sodium Citrate, Hydroxypropyl Methylcellulose, Citric Acid, Ethylhexylglycerin, Pantolactone, Caprylyl Glycol, Mica",501,1936,0.5,0.0,https://www.sephora.com/product/peter-thomas-roth-vital-e-microbiome-age-defense-eye-cream-P453823?icid2=products%20grid:p453823,0.5,110.0
Brightening Eye Cream – Hydrate & Depuff,SEPHORA COLLECTION,eye-treatment-dark-circle-treatment,17.0,Caffeine: Depuffs eye contour,454,41380,0.0,0.0,https://www.sephora.com/product/brightening-eye-cream-hydrate-depuff-P438619?icid2=products%20grid:p438619,0.5181621621621623,32.80826204882119
Eye Mask,SEPHORA COLLECTION,eye-treatment-dark-circle-treatment,5.0,"Butylene Glycol, Glycerin, Aloe Barbadensis Leaf Juice, 12Hexanediol, Hydroxyacetophenone, Glycosyl Trehalose, Xanthan Gum, Hydrolyzed Sclerotium Gum, Dipotassium Glycyrrhizate, , Phosphatidylcholine, Phenoxyethano, Polysorbate 80, Vitis Vinifera Fruit Extract, Mesembryanthemum Crystallinum Callus Extract, Ascorbyl Palmitate, Citric Acid, Potassium Sorbate, Tocopheryl Acetate, Sodium Benzoate, Astaxanthin",813,53431,0.0,0.0,https://www.sephora.com/product/eye-mask-P429721?icid2=products%20grid:p429721,0.5181621621621623,9.649488837888585
24K Gold Pure Luxury Lift & Firm Hydra-Gel Eye Patches,Peter Thomas Roth,eye-treatment-dark-circle-treatment,75.0,"Butylene Glycol, Glycerin, Aloe Barbadensis Leaf Juice, 12Hexanediol, Hydroxyacetophenone, Glycosyl Trehalose, Xanthan Gum, Hydrolyzed Sclerotium Gum, Dipotassium Glycyrrhizate, , Phosphatidylcholine, Phenoxyethano, Polysorbate 80, Vitis Vinifera Fruit Extract, Mesembryanthemum Crystallinum Callus Extract, Ascorbyl Palmitate, Citric Acid, Potassium Sorbate, Tocopheryl Acetate, Sodium Benzoate, Astaxanthin",250,30536,0.0,0.0,https://www.sephora.com/product/24k-gold-pure-luxury-lift-firm-hydra-gel-eye-patches-P406104?icid2=products%20grid:p406104,0.5181621621621623,144.74233256832878
The Pearl Tinted Eye Illuminating Treatment,Tatcha,eye-treatment-dark-circle-treatment,48.0,"Butylene Glycol, Glycerin, Aloe Barbadensis Leaf Juice, 12Hexanediol, Hydroxyacetophenone, Glycosyl Trehalose, Xanthan Gum, Hydrolyzed Sclerotium Gum, Dipotassium Glycyrrhizate, , Phosphatidylcholine, Phenoxyethano, Polysorbate 80, Vitis Vinifera Fruit Extract, Mesembryanthemum Crystallinum Callus Extract, Ascorbyl Palmitate, Citric Acid, Potassium Sorbate, Tocopheryl Acetate, Sodium Benzoate, Astaxanthin",923,58695,0.4,0.0,https://www.sephora.com/product/the-pearl-tinted-eye-illuminating-treatment-P431423?icid2=products%20grid:p431423,0.4,120.0
Squalane + Peptide Eye Gel,Biossance,eye-treatment-dark-circle-treatment,54.0,"Water, Squalane, Niacinamide, Glycerin, Panthenol, Chondrus Crispus Extract, Malus Domestica Fruit Cell Culture Extract, Acetyl Tetrapeptide5, Acetyl Hexapeptide8, Tocopherol, Pentylene Glycol, Cucumis Sativus Fruit Extract, Tetrahexyldecyl Ascorbate, Camellia Sinensis Leaf Extract, Lycium Barbarum Fruit Extract, Lycopene, Vitis Vinifera Skin Extract, Sodium Hyaluronate, Caffeine, Acacia Senegal Gum, Dimethicone Crosspolymer, Xanthan Gum, Carbomer, Ethyl Lauroyl Arginate HCL, Lecithin, Ammonium Acryloyldimethyltaurate, Silica, Phenoxyethanol, Potassium Sorbate, Citric Acid, Caprylyl Glycol",454,39595,0.5,0.0,https://www.sephora.com/product/squalane-peptide-eye-gel-P416562?icid2=products%20grid:p416562,0.5,108.0
needles no more® NO MORE BAGGAGE™ eye de-puffing gel,Dr. Brandt Skincare,eye-treatment-dark-circle-treatment,42.0,"Sodium Magnesium Silicate, Propanediol, Magnesium Aluminum Silicate, Phenoxyethanol, Lecithin, Kappaphycus Alvarezii Extract, Caffeine, Synthetic, Fluorphlogopite, Acetyl Glutamine, Hesperidin Methyl Chalcone, Caesalpinia Spinosa Fruit Extract, Titanium Dioxide, Caprylyl Glycol, Ethylhexylglycerin, Hexylene Glycol, Steareth20, ShOligopeptide1, Sh Oligopeptide2, Dipeptide2, Sodium Hyaluronate, ShPolypeptide1, Sh Polypeptide9, ShPolypeptide11, Bacillus, Boswellia Serrata Extract, Centella Asiatica Extract, Palmitoyl Tetrapeptide7, Butylene Glycol, Betula Alba Bark Extract, Chlorhexidine Digluconate, Tin Oxide, 12Hexanediol, Potassium Sorbate, Polygonum Cuspidatum Root Extract, Peg12 Dimethicone, Camellia Sinensis Leaf Extract, Sodium Benzoate, Iron Oxides",1000,22671,0.5,0.0,https://www.sephora.com/product/no-more-baggage-eye-de-puffing-gel-P421759?icid2=products%20grid:p421759,0.5,84.0
Water Drench Hyaluronic Cloud Hydra-Gel Eye Patches,Peter Thomas Roth,eye-treatment-dark-circle-treatment,55.0,"Glycerin, Butylene Glycol, Sodium Hyaluronate, Hydrolyzed Collagen, Caffeine, Ceramide Np, Arnica Montana Flower Extract, Althaea Officinalis Root Extract, Allantoin, Tocopherol, Hydrolyzed Sodium Hyaluronate, Butyrospermum Parkii Butter, Glycyrrhiza Glabra Root Extract, Scutellaria Baicalensis Root Extract, Angelica Gigas Root Extract, Cimicifuga Racemosa Root Extract, Morus Alba Bark Extract, Paeonia Lactiflora Root Extract, Phellinus Linteus Extract, Polygonum Multiflorum Root Extract, Sesamum Indicum Seed Extract, Sophora Angustifolia Root Extract, Aloe Barbadensis Leaf Juice, Ricinus Communis Seed Oil, Amorphophallus Konjac Root Powder, Carrageenan, Hydroxyacetophenone, Hexylene Glycol, Propanediol, Xylitylglucoside, Sucrose, Anhydroxylitol, Glyceryl Caprylate, Xylitol, Betaine, Ethylhexylglycerin, Glucose, Lecithin, Maltodextrin, Magnesium Aspartate, Zinc Gluconate, Aluminum Hydroxide, Copper Gluconate, PEG60 Hydrogenated Castor Oil, Gellan Gum, Cyamopsis Tetragonoloba Gum, Ceratonia Siliqua Gum, Calcium Chloride, Tin Oxide, Synthetic Fluorphlogopite, BisPropane, Caprylhydroxamic Acid, Disodium EDTA, 12Hexanediol, Ethyl Hexanediol Chlorphenesin, Phenoxyethanol, Mica, Blue 1, Titanium Dioxide, Iron Oxides",183,27148,0.0,0.0,https://www.sephora.com/product/water-drench-hyaluronic-cloud-hydra-gel-eye-patches-P423254?icid2=products%20grid:p423254,0.5181621621621623,106.14437721677444
Magic Eye Rescue Cream,Charlotte Tilbury,eye-treatment-dark-circle-treatment,60.0,"Caprylic, Butylene Glycol, Polysorbate 60, Olus Oil, Peg7 Glyceryl Cocoate, Glycerin, Butyrospermum Parkii, Peg8, Ethylhexyl Stearate, Dicaprylyl Ether, Sorbitan Stearate, Hydroxyethyl Acrylate, Olive Oil Peg7 Esters, Phenoxyethanol, Saccharide Isomerate, C1216 Alcohols, Cera Alba, Glyceryl Stearate, Hydrogenated Castor Oil, Squalane, Ethylhexylglycerin, Chlorphenesin, Hydrogenated Lecithin, Hydrolyzed Rice Protein, Palmitic Acid, Xanthan Gum, Chondrus Crispus Extract, Disodium Edta, Helianthus Annuus Seed Oil, Polysorbate 20, Sorbitan Isostearate, Sodium Hydroxide, Glycine Soja Protein, Superoxide Dismutase, Citric Acid, Hydroxypropyl Cyclodextrin, Tocopherol, Sodium Citrate, Sodium Benzoate, Sodium Pca, Ascorbyl Palmitate, Daphne Odora Callus Extract, Sodium Dextran Sulfate, Nicotiana Sylvestris Leaf Cell Culture, Aluminum Hydroxide, Retinol, Plumeria Rubra Flower Extract, Borago Officinalis Seed Oil, Tocopheryl Acetate, Ascorbic Acid, Lecithin, Potassium Sorbate, Retinyl Palmitate, Ascorbyl Tetraisopalmitate, Titanium Dioxide, Iron Oxides",449,7676,0.51,0.0,https://www.sephora.com/product/magic-eye-rescue-cream-P433521?icid2=products%20grid:p433521,0.51,117.64705882352942
Bright-Eyed 100% Mineral Eye Cream SPF 40,Supergoop!,eye-treatment-dark-circle-treatment,36.0,"Caprylic, Glycerin, Propanediol, Butyloctyl Salicylate, Glyceryl Stearate Citrate, Lauroyl Lysine, Cetyl Esters, Inulin Lauryl Carbamate, Polyhydroxystearic Acid, Cetearyl Alcohol, Potassium Cetyl Phosphate, Griffonia Simplicifolia Seed Extract, Titanium Dioxide, Olive Oil Polyglyceryl6 Esters, Mica, Triethoxycaprylylsilane, Microcrystalline Cellulose, Glyceryl Glucoside, Hydroxyacetophenone, Polyurethane79, Diethylhexyl Syringylidenemalonate, Sodium Stearoyl Lactylate, 12Hexanediol, Caprylyl Glycol, Sodium Citrate, Trisodium Ethylenediamine Disuccinate, Camellia Sinensis Leaf Extract, Lactobacillus Ferment Lysate, Punica Granatum Extract, Sodium Stearoyl Glutamate, Xanthan Gum, Cellulose Gum, Iron Oxides, Hedychium Coronarium Root Extract",182,10478,0.5,0.0,https://www.sephora.com/product/supergoop-bright-eyed-100-mineral-eye-cream-spf-40-P453226?icid2=products%20grid:p453226,0.5,72.0
All About Eyes,CLINIQUE,eye-treatment-dark-circle-treatment,33.0,"Cyclopentasiloxane, Isostearyl Palmitate, Polyethylene, Butylene Glycol, Polysilicone11, Ethylene, Morus Bombycis Root Extract, Caffeine, Phytosphingosine, Triticum Vulgare Bran Extract, Scutellaria Baicalensis Root Extract, Whey Protein, Olea Europaea Fruit Extract, Camellia Sinensis Leaf Extract, Cholesterol, Linoleic Acid, Tocopheryl Acetate, Magnesium Ascorbyl Phosphate, Pyridoxine Dipalmitate, Sucrose, Glycerin, Dimethicone, Glyceryl Laurate, Peg, Petrolatum, Cetyl Peg, Propylene Carbonate, Sodium Chloride, Quaternium90 Bentonite, Disodium Edta, Phenoxyethanol, Iron Oxides",1000,25932,0.0,0.5,https://www.sephora.com/product/all-about-eyes-P122774?icid2=products%20grid:p122774,0.5,66.0
Puffy Under-Eye Patches,Peace Out,eye-treatment-dark-circle-treatment,25.0,"Butylene Glycol, Glycerin, Hydroxyacetophenone, 12Hexanediol, Betaine, Caffeine, Peg40 Hydrogenated Castor Oil, Pvp, Niacinamide, Tetrahydroxypropyl Ethylenediamine, Carbomer, Sodium Pca, Xanthan Gum, Cocos Nucifera Oil, Prunus Amygdalus Dulcis Seed Extract, Tocopheryl Acetate, Fragrance, Passiflora Edulis Fruit Extract, Phenoxyethanol, Gardenia Taitensis Flower, Mesembryanthemum Crystallinum Callus Extract, Tocopherol",248,21083,0.0,0.0,https://www.sephora.com/product/puffy-under-eye-patches-P433613?icid2=products%20grid:p433613,0.5181621621621623,48.24744418944293
R.N.A. POWER Anti-Aging Eye Cream,SK-II,eye-treatment-dark-circle-treatment,139.0,"Glycerin, Galactomyces Ferment Filtrate, Niacinamide, Isohexadecane, Butylene Glycol Pentylene Glycol, Isopropyl Isostearate, Petrolatum, Dimethicone, Caprylic, Vinyl Dimethicone, Polyacrylamide, Phytosteryl, Stearyl Alcohol, Cetyl Alcohol, C1314 Isoparaffin, Behenyl Alcohol Tocopheryl Acetate, Polymethylsilsesquioxane, Panthenol, Nylon 12, Benzyl Alcohol, Dimenthiconol, Methylparaben, Peg100 Stearate, Laureth 7, Cetearyl Glucoside, Cetearyl Alcohol, Stearic Acid, Mica, Disodium Edta, Propylparaben, Sodium Peg7 Olive Oil Carboxylate, Ethylparaben, Peg7 Glyceryl Cocoate, Chlorella Vulgaris Extract, Sodium Hydroxide, Hydrolyzed Lupine Protein, Decyl Glucoside, Medicago Sativa Extract, Phenoxyethanol, Lactic Acid, Sodium Benzoate, Hydrolyzed Soy Protein, Polyquaternium7, Tin Oxide, Ethylhexylglycerin, Palmitoyl Dipeptide 7, Hydrolyzed Yeast Protein, Acanthopanax Senticosus Root Extract, Palmitoyl Pentapeptide4, Methylsilanol TriPeg8 Glyceryl Cocoate, Ammonium Polyacrylate, Methicone, Tocopherol, Cynara Scolymus Leaf Extract, Bht, Parfum, Limonene, Linalool, Ci 77891 Pitera™",155,11027,0.4,0.0,https://www.sephora.com/product/r-n-a-power-eye-cream-radical-new-age-P416813?icid2=products%20grid:p416813,0.4,347.5
Lotus Youth Preserve Eye Cream,Fresh,eye-treatment-dark-circle-treatment,45.0,"Aqua, Glycerin, Isostearyl Isostearate, Propanediol, Squalane, Cetyl Alcohol, Potassium Cetyl Phosphate, Pentylene Glycol, C1018 Triglycerides, Boron Nitride, Glyceryl Stearate, Polyglycerin3, Nelumbo Nucifera Extract, Aesculus Hippocastanum Extract, Citrus Limon Peel Oil, Cucumis Sativus Fruit Extract, Tocopherol, Fructose, Ethylene, BisDiglyceryl Polyacyladipate2, Behenyl Alcohol, Dimethicone, Carbomer, Sodium Polyacrylate, Xanthan Gum, Sodium Citrate, Caprylic, Sodium Hyaluronate, Citric Acid, Sodium Hydroxide, Adenosine, Biosaccharide Gum2, Sodium Metabisulfite, Poloxamer 338, Silica, Tetrasodium EDTA, Chlorphenesin, Potassium Sorbate, Sodium Benzoate, Limonene, Citral",690,2288,0.5,0.0,https://www.sephora.com/product/fresh-lotus-youth-preserve-eye-cream-P454396?icid2=products%20grid:p454396,0.5,90.0
Retinol Youth Renewal Eye Serum,Murad,eye-treatment-dark-circle-treatment,85.0,"Glycerin, Butylene Glycol, Imperata Cylindrica Root Extract, Dimethyl Isosorbide, Meadowfoam DeltaLactone, Retinyl Propionate, Retinol, Swertia Chirata Leaf Extract, Urea, Yeast Amino Acids, Trehalose, Inositol, Taurine, Betaine, Fucus Vesiculosus Extract, Glycine Soja Extract, Macrocystis Pyrifera Extract, Isopropyl Palmitate, Lecithin, PVP, Hexylene Glycol, Capryl Glycol, Punica Granatum Seed Oil, Caprylic, PVM, PEG8, Carbomer, Sodium Bisulfite, Silica, Sodium Hydroxide, Chlorphenesin, Phenoxyethanol, Fragrance, Titanium Dioxide, Synthetic Fluorphlogopite, Red 4, Yellow 5",107,2679,0.5,0.0,https://www.sephora.com/product/murad-retinol-youth-renewal-eye-serum-P453928?icid2=products%20grid:p453928,0.5,170.0
Complete Eye Renewal Balm,Algenist,eye-treatment-dark-circle-treatment,68.0,"Water, Isopropyl Isostearate, Glycerin, Dimethicone, Palmitic Acid, Pentylene Glycol, Glyceryl Stearate SE, Stearic Acid, Dimethicone Crosspolymer, Butyrospermum Parkii Butter, Cetearyl Alcohol, Undaria Pinnatifida Extract, Limnanthes Alba Seed Oil, Parachlorella Beijerinckii Exopolysaccharides, Alaria Esculenta Extract, Bambusa Vulgaris Leaf, Aloe Barbadensis Leaf Juice, Aloe Barbadensis Leaf Juice Powder, Camellia Sinensis Leaf Extract, Cucumis Sativus Fruit Extract, Tocopheryl Acetate, Caffeine, Tetrapeptide21, Dipeptide2, Palmitoyl Tetrapeptide7, Palmitoyl Tripeptide1, Magnesium Ascorbyl Phosphate, Malus Domestica Fruit Cell Culture Extract, Rubus Idaeus Leaf Extract, Glucosamine HCl, Pisum Sativum Extract, Inula Crithmoide Extract, Phospholipids, Biotin, NHydroxysuccinimide, Chrysin, Hesperidin Methyl Chalcone, Lecithin, Caprylic, Leuconostoc, Vinyl Dimethicone, Acrylates, Steareth20, Ceteareth20, Butylene Glycol, Xanthan Gum, Sodium Citrate, Citric Acid, Disodium EDTA, Aminomethyl Propanol, Potassium Sorbate, Chlorhexidine Digluconate, Caprylyl Glycol, Hexylene Glycol, Ethylhexylglycerin, Sodium Benzoate, Phenoxyethanol",862,27025,0.5,0.0,https://www.sephora.com/product/complete-eye-renewal-balm-P282938?icid2=products%20grid:p282938,0.5,136.0
Auto Correct Brightening and Depuffing Eye Contour Cream,SUNDAY RILEY,eye-treatment-dark-circle-treatment,65.0,"Water, Isopropyl Isostearate, Glycerin, Dimethicone, Palmitic Acid, Pentylene Glycol, Glyceryl Stearate SE, Stearic Acid, Dimethicone Crosspolymer, Butyrospermum Parkii Butter, Cetearyl Alcohol, Undaria Pinnatifida Extract, Limnanthes Alba Seed Oil, Parachlorella Beijerinckii Exopolysaccharides, Alaria Esculenta Extract, Bambusa Vulgaris Leaf, Aloe Barbadensis Leaf Juice, Aloe Barbadensis Leaf Juice Powder, Camellia Sinensis Leaf Extract, Cucumis Sativus Fruit Extract, Tocopheryl Acetate, Caffeine, Tetrapeptide21, Dipeptide2, Palmitoyl Tetrapeptide7, Palmitoyl Tripeptide1, Magnesium Ascorbyl Phosphate, Malus Domestica Fruit Cell Culture Extract, Rubus Idaeus Leaf Extract, Glucosamine HCl, Pisum Sativum Extract, Inula Crithmoide Extract, Phospholipids, Biotin, NHydroxysuccinimide, Chrysin, Hesperidin Methyl Chalcone, Lecithin, Caprylic, Leuconostoc, Vinyl Dimethicone, Acrylates, Steareth20, Ceteareth20, Butylene Glycol, Xanthan Gum, Sodium Citrate, Citric Acid, Disodium EDTA, Aminomethyl Propanol, Potassium Sorbate, Chlorhexidine Digluconate, Caprylyl Glycol, Hexylene Glycol, Ethylhexylglycerin, Sodium Benzoate, Phenoxyethanol",382,19464,0.5,0.0,https://www.sephora.com/product/auto-correct-brightening-depuffing-eye-contour-cream-P424948?icid2=products%20grid:p424948,0.5,130.0
Caffeine Eye Cream,The INKEY List,eye-treatment-dark-circle-treatment,9.99,"Glycerin, Dicaprylyl Carbonate, Propanediol, Polyglyceryl6 Distearate, Cetyl Alcohol, Hydroxyethyl Acrylate, Jojoba Esters, Glyceryl Dibehenate, Albizia Julibrissin Bark Extract, Squalane, Caffeine, Polyglyceryl3 Beeswax, Phospholipids, Tribehenin, Ethylhexylglycerin, Xanthan Gum, Glycine Soja Extract, Polysorbate 60, Disodium Edta, Glyceryl Behenate, Glycolipids, ButyleneGlycol, Glycine Soja Sterol, Leuconostoc, Hyaluronic Acid, Carbomer, Darutoside, Polysorbate 20, Palmitoyl Tetrapeptide7, Palmitoyl Tripeptide1, Phenoxyethanol",359,31707,0.5,0.0,https://www.sephora.com/product/caffeine-eye-cream-P443840?icid2=products%20grid:p443840,0.5,19.98
Brighten-i Eye Cream,The INKEY List,eye-treatment-dark-circle-treatment,9.99,"Glycerin, Dicaprylyl Carbonate, Propanediol, Polyglyceryl6 Distearate, Cetyl Alcohol, Hydroxyethyl Acrylate, Jojoba Esters, Glyceryl Dibehenate, Albizia Julibrissin Bark Extract, Squalane, Caffeine, Polyglyceryl3 Beeswax, Phospholipids, Tribehenin, Ethylhexylglycerin, Xanthan Gum, Glycine Soja Extract, Polysorbate 60, Disodium Edta, Glyceryl Behenate, Glycolipids, ButyleneGlycol, Glycine Soja Sterol, Leuconostoc, Hyaluronic Acid, Carbomer, Darutoside, Polysorbate 20, Palmitoyl Tetrapeptide7, Palmitoyl Tripeptide1, Phenoxyethanol",443,11180,0.5,0.0,https://www.sephora.com/product/brighten-i-eye-cream-P448802?icid2=products%20grid:p448802,0.5,19.98
Eye Sleeping Mask,LANEIGE,eye-treatment-dark-circle-treatment,34.0,"Butylene Glycol, Glycerin, Dimethicone, 12Hexanediol, Hesperidin, Caffeine, BetaGlucan, Saccharomyces Cerevisiae Extract, Chenopodium Quinoa Seed Extract, Magnesium Sulfate, Calcium Chloride, Manganese Sulfate, Zinc Sulfate, Ascorbyl Glucoside, Adenosine, Triethylhexanoin, Acrylates, Ammonium Acryloyldimethyltaurate, Glyceryl Caprylate, Propanediol, Ethylhexylglycerin, Potassium Hydroxide, Peg14m, Disodium Edta, Fragrance",255,41528,0.8,0.0,https://www.sephora.com/product/eye-sleeping-mask-P429237?icid2=products%20grid:p429237,0.8,42.5
Cucumber De-Tox™ Hydra-Gel Eye Patches,Peter Thomas Roth,eye-treatment-dark-circle-treatment,52.0,"Glycerin, Carrageenan, Dipropylene Glycol, Ceratonia Siliqua Gum, Cucumis Sativus Fruit Extract, Aloe Barbadensis Leaf Juice Powder, Caffeine, Arnica Montana Flower Extract, Sodium Hyaluronate, Ydrolyzed Collagen, Chamomilla Recutita Flower Extract, Camellia Sinensis Leaf Extract, Tocopheryl Acetate, Niacinamide, Adenosine, Allantoin, Maltodextrin, Ethylhexylglycerin, Butylene Glycol, Calcium Lactate, Ricinus Communis Seed Oil, Xanthan Gum, Dextrin, Potassium Chloride, Disodium EDTA, Peg60 Hydrogenated Castor Oil, Chlorphenesin, Phenoxyethanol, Mica, Fragrance, Yellow 5, Blue 1",305,34140,0.0,0.0,https://www.sephora.com/product/cucumber-de-tox-hydra-gel-eye-patches-P412025?icid2=products%20grid:p412025,0.5181621621621623,100.35468391404129
Barrier+ Triple Lipid-Boost 360° Eye,Skinfix,eye-treatment-dark-circle-treatment,40.0,"Glycerin, C1018 Triglycerides, Caprylyl Caprylate, Propanediol, Jojoba Oil, Cetearyl Olivate, Stearyl Alcohol, Octyldodecanol, Caprylic, Sorbitan Olivate, Behenyl Alcohol, Saccharomyces Cerevisiae Extract, Oryza Sativa Bran Extract, Rosmarinus Officinalis Leaf Extract, Helianthus Annuus Extract, Medicago Sativa Seed Extract, Phytosteryl Macadamiate, Trisodium Ethylenediamine Disuccinate, Aloe Barbadensis Leaf Juice, Hydrolyzed Lupine Protein, Gluconolactone, Phytosterols, Chondrus Crispus Extract, Squalene, Phytosteryl Canola Glycerides, Hydrogenated Vegetable Oil, Ethylhexylglycerin, Dilinoleic Acid, Myristyl Myristate, Xanthan Gum, Citric Acid, Sodium Benzoate, Phenoxyethanol, Potassium Sorbate",297,16524,0.5,0.0,https://www.sephora.com/product/barrier-lipid-boost-360-eye-P442838?icid2=products%20grid:p442838,0.5,80.0
Luminous Deep Hydration Firming Eye Serum,Tatcha,eye-treatment-dark-circle-treatment,85.0,"Glycerin, Propanediol, Peg400, Squalane, Sericin, Camellia Sinensis Leaf Extract, Origanum Majorana Leaf Extract, Panax Ginseng Root Extract, Lonicera Japonica Leaf Extract, Stearyl Glycyrrhetinate, Caffeine, Royal Jelly Extract, Thymus Serpillum Extract, Gold, Algae Extract, Hydrolyzed Hyaluronic Acid, Persea Gratissima Oil, Prunus Armeniaca Kernel Oil, Rosa Canina Fruit Oil, Inositol, Helianthus Annuus Seed Oil, Hydrogenated Lecithin, Sodium Hyaluronate Crosspolymer, Glycosyl Trehalose, Hydrogenated Starch Hydrolysate, Potassium Hydroxide, Sodium Dilauramidoglutamide Lysine, Natto Gum, Xanthan Gum, Disodium Edta, Sorbitan Stearate, Dimethicone, Dipentaerythrityl Hexahydroxystearate, Carbomer, Mica, Tin Oxide, Titanium Dioxide, Butylene Glycol, Pentylene Glycol, Sodium Chloride, Ethylhexylglycerin, Behenyl Alcohol, Alcohol, Phenoxyethanol",121,28462,0.5,0.0,https://www.sephora.com/product/luminous-deep-hydration-firming-eye-serum-P403821?icid2=products%20grid:p403821,0.5,170.0
Essential Fx Acyl-Glutathione Eyelid Lift Serum,Perricone MD,eye-treatment-dark-circle-treatment,122.0,"Propanediol, Pantethine, Glycerin, Tetrahexyldecyl Ascorbate, SPalmitoylglutathione, Dimethyl MEA, Palmitoyl Tripeptide38, Acetyl Tyrosine, Avena Sativa Kernel Extract, Xanthan Gum, Macadamia Ternifolia Seed Oil, Linum Usitatissimum Seed Oil, Salvia Hispanica Seed Oil, Silica Cetyl Silylate, Ethylhexylglycerin, Sodium Hyaluronate, Helianthus Annuus Seed Oil, Rosmarinus Officinalis Leaf Extract, Tetrasodium Glutamate Diacetate, Acrylates, Caprylyl Glycol, Hydroxypropyl Cyclodextrin, Phenoxyethanol, Silica, Titanium Dioxide, Iron Oxides",144,2936,0.5,0.0,https://www.sephora.com/product/essential-fx-acyl-glutathione-eyelid-lift-serum-P433950?icid2=products%20grid:p433950,0.5,244.0
"Eye Duty Triple Remedy: Brighten, Depuff and Smooth",First Aid Beauty,eye-treatment-dark-circle-treatment,36.0,"Titanium Dioxide, Glycerin, Cyclopentasiloxane, Dimethicone, Pentylene Glycol, Isononyl Isononanoate, Polyglyceryl3 Polydimethylsiloxyethyl Dimethicone, Hydroxyethyl Acrylate, Silica, Palmitoyl Hexapeptide12, Palmitoyl Tetrapeptide7, Caffeine, Glycyrrhiza Glabra Root Extract, Chrysanthemum Parthenium Extract, Camellia Sinensis Leaf Extract, Diethylhexyl Syringylidenemalonate, Isopropyl Titanium Triisostearate, Sorbitan Isostearate, Stearalkonium Hectorite, Hydrogenated Phosphatidylcholine, Corallina Officinalis Extract, Aminobutyric Acid, Ethylhexyl Methoxycrylene, Isopropyl Myristate, Isohexadecane, Hydrogenated Lecithin, Propylene Carbonate, Polyhydroxystearic Acid, Sodium Lactate, Stearic Acid, Aluminum Hydroxide, Polyester8, Butylene Glycol, Sodium Polymethacrylate, Carbomer, Polysorbate 20, Polysorbate 60, Phenoxyethanol, Polysilicone11, Xanthan Gum, Sodium Benzoate, Potassium Sorbate, CI 77491",721,49888,0.34,0.0,https://www.sephora.com/product/eye-duty-triple-remedy-brighten-depuff-smooth-P385329?icid2=products%20grid:p385329,0.34,105.88235294117645
Extra Eye Repair Cream,Bobbi Brown,eye-treatment-dark-circle-treatment,79.0,"Petrolatum, Dimethicone, Butyrospermum Parkii, Glycerin, Ceresin, Phenyl Trimethicone, Acetyl Glucosamine, Pentylene Glycol, Lauryl Peg9 Polydimethylsiloxyethyl Dimethicone, Lanolin Alcohol, Camellia Sinensis Leaf Extract, Olea Europaea Fruit Extract, Triticum Vulgare Extract, Scutellaria Baicalensis Root Extract, Ascophyllum Nodosum Extract, Asparagopsis Armata Extract, Pyrus Malus Fruit Extract, Morus Bombycis Root Extract, Salvia Sclarea Extract, Oenothera Biennis Oil, Limnanthes Alba Seed Oil, Vitis Vinifera Seed Oil, Tocopheryl Acetate, Caffeine, Sucrose, Silica, Cholesterol, Sorbitol, DiC1215 Alkyl Fumarate, Peg30 Dipolyhydroxystearate, Behenyl Alcohol, Hydroxystearic Acid, Micrococcus Lysate, Peg8 Distearate, Acetyl Hexapeptide8, Trehalose, Linoleic Acid, Butylene Glycol, Sodium Hyaluronate, Lecithin, Potassium Stearate, Potassium Palmitate, Fragrance, Sodium Chloride, Trisodium Edta, Limonene, Benzyl Salicylate, Chlorphenesin, Phenoxyethanol",143,10574,0.5,0.0,https://www.sephora.com/product/extra-eye-repair-cream-P270600?icid2=products%20grid:p270600,0.5,158.0
FAB Skin Lab Retinol Eye Cream with Triple Hyaluronic Acid,First Aid Beauty,eye-treatment-dark-circle-treatment,42.0,"Caprylic, Polymethyl Methacrylate, Glycerin, Squalane, Glyceryl Stearate, Butylene Glycol, Vinyl Dimethicone, Polysorbate 20, Glyceryl Stearate Citrate, Butyrospermum Parkii Butter, Magnesium Ascorbyl Phosphate, Retinol, Caffeine, Ceramide NG, Palmitoyl Tripeptide1, Tocopherol, Allantoin, Sodium Hyaluronate, Atelocollagen, Avena Sativa Kernel Extract, Sodium Chondroitin Sulfate, Hydroxypropyl Cyclodextrin, Aloe Barbadensis Leaf Juice Powder, Linoleic Acid, Phytosteryl Canola Glycerides, Palmitic Acid, Oleic Acid, Stearic Acid, Triolein, Cholesterol, Sodium Acrylates Copolymer, Hydrogenated Lecithin, Lecithin, Sodium Polyacrylate, Polysilicone11, Xanthan Gum, Caprylyl Glycol, Mica, Ethylhexylglycerin, Polyglyceryl3 Stearate, Hydrogenated Poly, Stearyl Alcohol, Cetyl Alcohol, Polyethylene, Ethylene, Butylene, Pentaerythrityl Tetraditbutyl Hydroxyhydrocinnamate, Steareth30, Dipropylene Glycol, Phenoxyethanol, Chlorphenesin, Tin Oxide, Citric Acid, CI 77891",63,15633,0.5,0.0,https://www.sephora.com/product/fab-skin-labe-retinol-eye-cream-triple-hyaluronic-acid-P442713?icid2=products%20grid:p442713,0.5,84.0
Advanced Génifique Eye Cream,Lancôme,eye-treatment-dark-circle-treatment,67.0,"Cyclohexasiloxane, Bifida ferment lysate, Glycerin, Propanediol, Alcohol denat, Polysilicone11, Dimethicone, Polymethylsilsesquioxane, Dic1213 alkyl malate, Ammonium polyacryloyldimethyl taurate, Ci 77891, Ascorbyl glucoside, Mica, Lactobacillus ferment, Hydrogenated vegetable oil, Sodium hyaluronate, Sodium benzoate, Hydrolyzed wheat protein, Sodium dehydroacetate, Sodium succinate, Phenoxyethanol, Adenosine, Faex extract, Ptfe, Peg10 dimethicone, Arginine, TriethanolamineChlorphenesin, Chlorhexidine digluconate, Polygonum fagopyrum seed extract, Silica, Salicyloyl phytosphingosine, Chlorella vulgaris extract, Dimethiconol, Limonene, Pentylene glycol, Synthetic fluorphlogopite, Linalool, Pentaerythrityl tetraditbutyl hydroxyhydrocinnamate, Biosaccharide gum1, Caprylic, Carbomer, Boron nitride, Acrylates, Geraniol, Bispeg, Disodium edta, Ceteareth20, Potassium cetyl phosphate, Citronellol, Methionine, Potassium sorbate, Glycine, Fragrance",271,13362,0.0,0.5,https://www.sephora.com/product/genifique-eye-youth-activating-eye-concentrate-P247905?icid2=products%20grid:p247905,0.5,134.0
Eye Contour Lifting Cream with Diamond Powder,LANCER Skincare,eye-treatment-dark-circle-treatment,95.0,"Isopropyl Isostearate, Synthetic Fluorphlogopite, Stearic Acid, Butyrospermum Parkii Butter, BisDiglyceryl Polyacyladipate2, Caprylic, Glycerin, Propanediol, Pentaerythrityl Tetraisostearate, Glyceryl Stearate, Dimethcone, Polymethylsilsesquioxane, Cetearyl Alcohol, Squalane, Polydimethylsiloxane, Phospholipids, Hyaluronic Acid, Hexapeptide48HCL, Saccharomyces Cerevisiae Extract, Medicago Sativa Seed Extract, Hydrolyzed Lupine Protein, Glycine Soja Extract, Steareth20, NHydroxysuccinimide, Palmitoyl Oligopeptide, Chrysin, Palmitoyl Tetrapeptide7, Diamond Powder, Cyclopentasiloxane, Cyclohexasiloxane, Panthenol, Sodium PCA, Caffeine, PEG100 Sterarate, Beeswax, Disodium EDTA, Ethylhexylglycerin, Aminomethyl Propanol, Acrylates, Xanthan Gum, Phenoxyethanol, Chlorphenesin, Caprylyl Glycol",178,6763,0.5,0.0,https://www.sephora.com/product/eye-contour-lifting-cream-diamond-powder-P399748?icid2=products%20grid:p399748,0.5,190.0
Water Bank Eye Gel,LANEIGE,eye-treatment-dark-circle-treatment,39.0,"Glycerin, Butylene Glycol, Cyclopentasiloxane, Cyclohexasiloxane, Chenopodium Quinoa Seed Extract, Magnesium Sulfate, Zinc Sulfate, Manganese Sulfate, Calcium Chloride, Ascorbyl Glucoside, Vaccinium Myrtillus Fruit, Saccharum Officinarum Extract, Citrus Medica Limonum Fruit Extract, Citrus Aurantium Dulcis Fruit Extract, Acer Saccharum Extract, Hydroxyethyl Acrylate, Dimethicone Crosspolymer, Polyacrylate13, Pentaerythrityl Tetraethylhexanoate, Hydrogenated Vegetable Oil, PCA Dimethicone, PEG100 Stearate, Cyclomethicone, Glyceryl Stearate, Polyisobutene, Dimethiconol, Dimethicone, Phenyl Trimethicone, Ethylhexylglycerin, Polysorbate 20, Acrylates, Tromethamine, Disodium EDTA, Fragrance",181,24269,0.8,0.0,https://www.sephora.com/product/water-bank-eye-gel-P420657?icid2=products%20grid:p420657,0.8,48.75
Maracuja C-Brighter™ Eye Treatment,tarte,eye-treatment-dark-circle-treatment,38.0,"Glycerin, Butylene Glycol, Mangifera Indica Seed Butter, Dimethicone, Hydrogenated Castor Oil Isostearate, Polyglyceryl10 Pentastearate, Behenyl Alcohol, Cocos Nucifera Oil, Pentaerythrityl Tetraethylhexanoate, Tetrahexyldecyl Ascorbate, Caprylyl Methicone, Cetearyl Alcohol, Glyceryl Stearate, Sodium Stearoyl Lactylate, Panthenol, Caprylyl Glycol, Alcohol, Squalane, Polysorbate 80, Sodium Polyacrylate, Hydroxyethyl Acrylate, Cyclopentasiloxane, Mica, Dipropylene Glycol, Sodium Acrylate, Glycosphingolipids, Hordeum Vulgare Extract, Tocotrienols, Isohexadecane, Elaeis Guineensis Oil, Tocopheryl Acetate, Dimethiconol, Dipotassium Glycyrrhizate, Chlorella Vulgaris Extract, Phospholipids, Adenosine, Tocopherol, Polysorbate 60, Sodium Hyaluronate, Sorbitan Isostearate, Disodium EDTA, 12Hexanediol, BetaGlucan, Passiflora Edulis Seed Oil, Ascorbyl Palmitate, Retinyl Palmitate, Phenoxyethanol, Sodium Benzoate, Titanium Dioxide",846,42378,0.35,0.0,https://www.sephora.com/product/maracuja-c-brighter-eye-treatment-P377545?icid2=products%20grid:p377545,0.35,108.57142857142858
Resveratrol Lift Hyaluronic Acid Eye Lifting Balm,Caudalie,eye-treatment-dark-circle-treatment,62.0,"Glycerin, Butylene Glycol, CocoCaprylate, Isoamyl Laurate, Albizia Julibrissin Bark Extract, Polyacrylate Crosspolymer6, Sodium Polyacrylate, Ethylhexylglycerin, Glycol Palmitate, Palmitoyl Grapevine Shoot Extract, Tocopherol, Caprylyl Glycol, Sorbitan Laurate, Xanthan Gum, Picea Abies Wood Extract, Benzyl Alcohol, Hydrolyzed Hyaluronic Acid, Carbomer, Hydroxyethylcellulose, Acetyl Dipeptide1 Cetyl Ester, Sodium Phytate, Acrylates, Hyaluronic Acid, Sodium Benzoate, Darutoside Plant Origin",219,17512,0.5,0.0,https://www.sephora.com/product/resveratrol-lift-eye-lifting-balm-P400610?icid2=products%20grid:p400610,0.5,124.0
The Eye Balm Intense,La Mer,eye-treatment-dark-circle-treatment,225.0,"Water\Aqua\Eau, Seaweed Extract, Butyrospermum Parkii, Butylene Glycol, Polyethylene, Hydrogenated Polyisobutene, Dimethicone, Cetyl Esters, Cetearyl Alcohol, Malachite, Polybutene, Isostearyl Neopentanoate, Silica, Trisiloxane, Yeast Extract\Faex\Extrait De Levure, Caffeine, Cholesterol, Ascophyllum Nodosum Extract, Asparagopsis Armata Extract, Gelidium Cartilagineum Extract, Saccharomyces Lysate Extract, Sesamum Indicum Seed Oil, Eucalyptus Globulus Leaf Oil, Sesamum Indicum Seed, Medicago Sativa Seed Powder, Helianthus Annuus Seedcake, Prunus Amygdalus Dulcis Seed Meal, Sodium Gluconate, Potassium Gluconate, Copper Gluconate, Calcium Gluconate, Magnesium Gluconate, Zinc Gluconate, Tocopheryl Succinate, Niacin, Sigesbeckia Orientalis Extract, Whey Protein\Lactis Protein\Proteine Du PetitLait, Sucrose, Elaeis Guineensis Oil, Methyl Glucose Sesquistearate, Cetearyl Glucoside, Glycerin, Aminomethyl Propanol, Glyceryl Distearate, Tetraacetylphytosphingosine, Linoleic Acid, Sorbitol, Acrylates, Steareth10, Magnesium Ascorbyl Phosphate, Vinyl Dimethicone, Sodium Hyaluronate, Tocotrienols, Hexylene Glycol, Phytosphingosine, Isododecane, Tocopherol, Squalene, Propylene Glycol Dioctanoate, Phytosterols, Trimethylsiloxysilicate, Caprylyl Glycol, Acetyl Hexapeptide8, Carbomer, Fragrance, Tourmaline, Disodium Edta, Sodium Dehydroacetate, Phenoxyethanol, Linalool, Limonene, Benzyl Salicylate, Blue 1, Yellow 5, Titanium Dioxide, Green 5",35,7312,0.5,0.0,https://www.sephora.com/product/the-eye-balm-intense-P417111?icid2=products%20grid:p417111,0.5,450.0
SEA Pack Your Bags Undereye Patches,tarte,eye-treatment-dark-circle-treatment,22.0,"Glycerin, Butylene Glycol, Mannitol, Sodium Polyglutamate, Algin, Chondrus Crispus Powder, Laureth21, Polyglyceryl10 Laurate, Cocos Nucifera Oil, Carbomer, Sodium Lactate, Polysorbate 20, Hydroxypropyl Cyclodextrin, Algae Extract, Gardenia Taitensis Flower Extract, Palmaria Palmata Extract, Palmitoyl Pentapeptide4, Tocopherol, Phenoxyethanol, Iodopropynyl Butylcarbamate",257,43846,0.0,0.0,https://www.sephora.com/product/sea-pack-your-bags-undereye-patches-P409630?icid2=products%20grid:p409630,0.5181621621621623,42.45775088670977
Stress SOS Eye Cream™ with Niacinamide,Dr. Dennis Gross Skincare,eye-treatment-dark-circle-treatment,65.0,"B3Adaptive SuperFoods™ Microcapsule Complex, Glycerin, C1215 Alkyl Benzoate, Pentylene Glycol, Caprylic, Niacinamide, Aminobutyric Acid, Glyceryl Stearate, Lepidium Meyenii Root Extract, Lycium Barbarum Fruit Extract, Cordyceps Sinensis Extract, Euterpe Oleracea Fruit Extract, Cucumis Sativus Fruit Extract, Glycyrrhiza Glabra Root Extract, Rhodiola Rosea Root Extract, Asparagus Racemosus Root Extract, Trametes Versicolor Extract, Coffea Arabica Seed Extract, Echinacea Angustifolia Extract, Phyllanthus Emblica Fruit Extract, Arnica Montana Flower Extract, Squalane, Biotin, Lecithin, Hydrogenated Phosphatidylcholine, Lysolecithin, BetaSitosterol, Ethylhexyl Palmitate, Adenosine, Chrysin, Hesperidin Methyl Chalcone, NHydroxysuccinimide, Dipeptide2, Palmitoyl Tetrapeptide7, Palmitoyl Tripeptide1, Palmitoyl Hexapeptide12, Arginine, Hydrolyzed Soy Protein, Ceramide NG, Porphyridium Cruentum Extract, Ascorbic Acid, Tocopherol, Citric Acid, Lactic Acid, Tribehenin, Maltodextrin, Hydroxypropyl Methylcellulose, Pullulan, Trisodium Ethylenediamine Disuccinate, Sodium Citrate, Phytic Acid, Polysorbate 60, PEG10 Phytosterol, Acrylates, Hydroxyethyl Acrylate, Glyceryl Polyacrylate, PEG40 Stearate, Steareth20, Butylene Glycol, Phenoxyethanol, Potassium Sorbate, Sodium Benzoate, Mica, Titanium Dioxide",186,1423,0.5,0.0,https://www.sephora.com/product/dr-dennis-gross-skincare-sos-eye-cream-with-niacinamide-P453820?icid2=products%20grid:p453820,0.5,130.0
Super Restorative Total Eye Concentrate,Clarins,eye-treatment-dark-circle-treatment,85.0,"B3Adaptive SuperFoods™ Microcapsule Complex, Glycerin, C1215 Alkyl Benzoate, Pentylene Glycol, Caprylic, Niacinamide, Aminobutyric Acid, Glyceryl Stearate, Lepidium Meyenii Root Extract, Lycium Barbarum Fruit Extract, Cordyceps Sinensis Extract, Euterpe Oleracea Fruit Extract, Cucumis Sativus Fruit Extract, Glycyrrhiza Glabra Root Extract, Rhodiola Rosea Root Extract, Asparagus Racemosus Root Extract, Trametes Versicolor Extract, Coffea Arabica Seed Extract, Echinacea Angustifolia Extract, Phyllanthus Emblica Fruit Extract, Arnica Montana Flower Extract, Squalane, Biotin, Lecithin, Hydrogenated Phosphatidylcholine, Lysolecithin, BetaSitosterol, Ethylhexyl Palmitate, Adenosine, Chrysin, Hesperidin Methyl Chalcone, NHydroxysuccinimide, Dipeptide2, Palmitoyl Tetrapeptide7, Palmitoyl Tripeptide1, Palmitoyl Hexapeptide12, Arginine, Hydrolyzed Soy Protein, Ceramide NG, Porphyridium Cruentum Extract, Ascorbic Acid, Tocopherol, Citric Acid, Lactic Acid, Tribehenin, Maltodextrin, Hydroxypropyl Methylcellulose, Pullulan, Trisodium Ethylenediamine Disuccinate, Sodium Citrate, Phytic Acid, Polysorbate 60, PEG10 Phytosterol, Acrylates, Hydroxyethyl Acrylate, Glyceryl Polyacrylate, PEG40 Stearate, Steareth20, Butylene Glycol, Phenoxyethanol, Potassium Sorbate, Sodium Benzoate, Mica, Titanium Dioxide",204,9125,0.5,0.0,https://www.sephora.com/product/super-restorative-total-eye-concentrate-P95040?icid2=products%20grid:p95040,0.5,170.0
The Lifting Eye Serum,La Mer,eye-treatment-dark-circle-treatment,260.0,"Declustered Water \Aqua\Eau DeStructuree, Declustered Water \Aqua\Eau DeStructuree, Propanediol, Glycerin, Algae Extract, Prunus Amygdalus Dulcis Seed Extract, Sesamum Indicum Seed Oil, Medicago Sativa Seed Powder, Helianthus Annuus Seedcake, Prunus Amygdalus Dulcis Seed Meal, Eucalyptus Globulus Leaf Oil, Sodium Gluconate, Copper Gluconate, Calcium Gluconate, Magnesium Gluconate, Zinc Gluconate, Tocopheryl Succinate, Niacin, Sesamum Indicum Seed Powder, Sucrose, Pyrus Malus Fruit Extract, Citrullus Vulgaris Fruit Extract, Porphyridium Cruentum Extract, Lens Esculenta Fruit Extract, Laminaria Digitata Extract, Saccharomyces Lysate Extract, Ascophyllum Nodosum Extract, Plankton Extract, Helichrysum Arenarium Extract, Citrus Aurantifolia Peel Extract, Tourmaline, Sigesbeckia Orientalis Extract, Asparagopsis Armata Extract, Acetyl Hexapeptide8, Caffeine, Pullulan, Trehalose, Sodium Lactate, Sorbitol, Sodium Pca, Styrene, Hydroxypropyl Methylcellulose, Sodium Hyaluronate, Hexylene Glycol, Butylene Glycol, Vinyl Dimethicone, Alcohol Denat, Xanthan Gum, Isododecane, Fragrance, Ethylhexylglycerin, Caprylyl Glycol, Trimethylsiloxysilicate, Disodium Edta, Phenoxyethanol, Green 5, Blue 1",9,5449,0.5,0.0,https://www.sephora.com/product/the-lifting-eye-serum-P417110?icid2=products%20grid:p417110,0.5,520.0
Rose Hydrating Eye Gel Cream,Fresh,eye-treatment-dark-circle-treatment,41.0,"Declustered Water \Aqua\Eau DeStructuree, Declustered Water \Aqua\Eau DeStructuree, Propanediol, Glycerin, Algae Extract, Prunus Amygdalus Dulcis Seed Extract, Sesamum Indicum Seed Oil, Medicago Sativa Seed Powder, Helianthus Annuus Seedcake, Prunus Amygdalus Dulcis Seed Meal, Eucalyptus Globulus Leaf Oil, Sodium Gluconate, Copper Gluconate, Calcium Gluconate, Magnesium Gluconate, Zinc Gluconate, Tocopheryl Succinate, Niacin, Sesamum Indicum Seed Powder, Sucrose, Pyrus Malus Fruit Extract, Citrullus Vulgaris Fruit Extract, Porphyridium Cruentum Extract, Lens Esculenta Fruit Extract, Laminaria Digitata Extract, Saccharomyces Lysate Extract, Ascophyllum Nodosum Extract, Plankton Extract, Helichrysum Arenarium Extract, Citrus Aurantifolia Peel Extract, Tourmaline, Sigesbeckia Orientalis Extract, Asparagopsis Armata Extract, Acetyl Hexapeptide8, Caffeine, Pullulan, Trehalose, Sodium Lactate, Sorbitol, Sodium Pca, Styrene, Hydroxypropyl Methylcellulose, Sodium Hyaluronate, Hexylene Glycol, Butylene Glycol, Vinyl Dimethicone, Alcohol Denat, Xanthan Gum, Isododecane, Fragrance, Ethylhexylglycerin, Caprylyl Glycol, Trimethylsiloxysilicate, Disodium Edta, Phenoxyethanol, Green 5, Blue 1",507,36389,0.5,0.0,https://www.sephora.com/product/rose-hydrating-eye-gel-cream-P386741?icid2=products%20grid:p386741,0.5,82.0
Renewing Eye Cream,Murad,eye-treatment-dark-circle-treatment,82.0,"Butylene Glycol, Tricaprylyl Citrate, Pentylene Glycol, BisDiglyceryl Polyacyladipate2, Jojoba Esters, Glycerin, Boron Nitride, Caprylic, Cetyl Alcohol, Stearic Acid, Glyceryl Stearate, PEG100 Stearate, Citrus Unshiu Peel Extract, Mangifera Indica Seed Butter, Dimethicone, Cetyl Phosphate, Urea, Yeast Amino Acids, Trehalose, Inositol, Taurine, Betaine, Glycine Soja Seed Extract, Iris Florentina Root Extract, Dioscorea Villosa Root Extract, Glycine Soja Sterols, Trifolium Pratense Flower Extract, Palmitoyl Oligopeptide, Palmitoyl Tetrapeptide7, Retinol, Sodium Hyaluronate, Serenoa Serrulata Fruit Extract, Oenothera Biennis Oil, Tocopherol, Ascorbyl Palmitate, Borago Officinalis Seed Oil, Dipeptide2, Hesperidin Methyl Chalcone, Caprylic, Sodium PCA, Panthenol, Oleyl Alcohol, Steareth20, Lecithin, Carbomer, Polysorbate 20, Sodium Potassium Aluminum Silicate, Aminomethyl Propanol, Disodium EDTA, Silica, Phenoxyethanol, Caprylyl Glycol, Chlorphenesin, Titanium Dioxide",218,9726,0.5,0.0,https://www.sephora.com/product/renewing-eye-cream-P107306?icid2=products%20grid:p107306,0.5,164.0
5 in 1 Eye Cream,First Aid Beauty,eye-treatment-dark-circle-treatment,32.0,"Glycerin, Dimethicone, C1215 Alkyl Benzoate, Sodium Polyacrylate, Ethylhexyl Palmitate, Silica, Palmitoyl Hexapeptide12, Palmitoyl Tetrapeptide7, Enteromorpha Compressa Extract, AlphaArbutin, Niacinamide, Caesalpinia Spinosa Gum, Sodium Lactate, Bisabolol, Camellia Sinensis Leaf Extract, Chrysanthemum Parthenium Extract, Glycyrrhiza Glabra Root Extract, Hydrogenated Lecithin, Caprylyl Methicone, Sodium PCA, Hydrogenated Phosphatidylcholine, Polysorbate 60, Sodium Isostearate, Carbomer, Polysorbate 20, Butylene Glycol, Hydroxyethyl Acrylate, Phenyl Methicone, Polysilicone11, Glyceryl Polyacrylate, Xanthan Gum, Phenoxyethanol, Sodium Hydroxide, Potassium Sorbate, Sodium Benzoate",294,22041,0.5,0.0,https://www.sephora.com/product/5-in-1-eye-cream-P288522?icid2=products%20grid:p288522,0.5,64.0
Superfood Hydrate + Firm Peptide Eye Cream,Youth To The People,eye-treatment-dark-circle-treatment,35.0,"Glycerin, Brassica Oleracea Leaf Extract, OrganicSpinacia Oleracea Leaf Extract, Camellia Sinensis Leaf Extract, Chamomilla Recutita Flower Extract, Medicago Sativa Extract, Aloe Barbadensis Leaf Extract, Spirulina Platensis Extract, Palmitoyl Tripeptide5, Palmitoyl Dipeptide5 Diaminobutyroyl Hydroxythreonine, Tetradecyl Aminobutyroylvalylaminobutyric Urea Trifluoroacetate, Sodium HyaluronateCrosspolymer, Helianthus Annuus Seed Oil, Stearic Acid, Glyceryl Stearate, CetylAlcohol, Lecithin, Ascorbic Acid, Panthenol, Sodium Hyaluronate, Tocopheryl Acetate, Natural Fragrance, Hydroxyethylcellulose, Pentylene Glycol, Ethylhexylglycerin, Magnesium Chloride, Phenoxyethanol, Potassium Sorbate",200,19447,0.5,0.0,https://www.sephora.com/product/kale-aloe-sunflower-oil-tripeptide-5-age-prevention-superfood-eye-cream-P416923?icid2=products%20grid:p416923,0.5,70.0
Eye Mask - Cucumber - Anti-Puffiness,SEPHORA COLLECTION,eye-treatment-dark-circle-treatment,5.0,"Butylene Glycol, Glyceri, Aloe Barbadensis Leaf Juice, Niacinamide, Mannitol, 12Hexanediol, Hydroxyacetophenone, Fraxinus Excelsior Bark Extract, Xanthan Gum, Ammonium Glycyrrhizate, Hydrolyzed Sclerotium Gum, Dipotassium Glycyrrhizate, Glycolic Acid, Fragrance, Caffeine, Potassium Citrate, Zinc Gluconate, Chenopodium Quinoa Seed Extract, Cucumis Sativus Fruit Extract, Aesculus Hippocastanum Seed Extract, Silanetriol, Potassium Sorbate, Citric Acid, Sodium Benzoate, Phenoxyethanol",24,2510,0.0,0.0,https://www.sephora.com/product/eye-mask-cucumber-P432072?icid2=products%20grid:p432072,0.5181621621621623,9.649488837888585
VineActiv Vitamin C Energizing Eye Cream,Caudalie,eye-treatment-dark-circle-treatment,39.0,"Glycerin, Butylene Glycol, Isononyl IsononanoateCaprylic, Cetearyl Alcohol, Hydrogenated Vegetable Oil, Peg2Stearate, Cetyl Alcohol, Tocopheryl Acetate, Palmitoyl Grape Seed Extract, Carbomer, Ethylhexylglycerin, Arginine, Cyathea Cumingii Leaf Extract, Escin, Ammonium Glycyrrhizate, Caprylyl Glycol, Hamamelis Virginiana Leaf Extract, Calendula Officinalis Flower Extract, Xanthan Gum, Picea Abies Extract, Tocopherol, Helianthus Annuus Seed Oil, Ascorbyl Tetraisopalmitate, Sodium Phytate, Polysorbate 20, Glyceryl Caprylate, Cinnamic Acid, Levulinic Acid, Sodium Levulinate, Palmitoyl Tripeptide1, Palmitoyl Tetrapeptide7, Citric Acid  Plant Origin",140,13042,0.0,0.0,https://www.sephora.com/product/vine-activ-energizing-smoothing-eye-cream-P417120?icid2=products%20grid:p417120,0.5181621621621623,75.26601293553097
Crème Ancienne® Eye Cream,Fresh,eye-treatment-dark-circle-treatment,128.0,"Limnanthes Alba Seed Oil, Simmondsia Chinensis Seed Oil, Water, Beeswax, Pentylene Glycol, Corn Starch Modified, Butylene Glycol, Sodium Carbonate Decahydrate, Anona Squamosa Seed Extract, Sucrose Tetrastearate Triacetate, Hippophae Rhamnoides Oil, Limonene, Citrus Medica Limonum Peel Oil, Phenoxyethanol, Osmanthus Fragrans Flower Extract, Rosa Damascena Flower Anthemis Nobilis Flower Oil, Ethylhexylglycerin, Tocopherol, Citronellol, Geraniol, Rosmarinus Officinalis Leaf Extract",116,8696,0.5,0.0,https://www.sephora.com/product/creme-ancienne-eye-cream-P268416?icid2=products%20grid:p268416,0.5,256.0
Advanced Génifique Yeux Light-Pearl™ Eye Illuminator Youth Activating Concentrate ,Lancôme,eye-treatment-dark-circle-treatment,70.0,"Bifida Ferment Lysate, Propanediol, Glycerin, Alcohol Denat, Dimethicone, C1314 Isoparaffin, Escin, Tocopheryl Acetate, Sodium Benzoate, Phenoxyethanol, Adenosine, Caffeine, Polyacrylamide, Chlorphenesin, Polymethylsilsesquioxane, Chlorella Vulgaris Extract, Salicyloyl Phytosphingosine, Dimethicone, Ammonium Polyacryldimethyltauramide, Dimethiconol, Pentaerythrityl Tetraethylhexanoate, Xanthan Gum, Caprylic, BisPeg, Bht, Laureth7",965,13267,0.67,0.0,https://www.sephora.com/product/advanced-genifique-yeux-light-pearl-eye-illuminator-youth-activating-concentrate-P375841?icid2=products%20grid:p375841,0.67,104.4776119402985
Pep-Start Eye Cream,CLINIQUE,eye-treatment-dark-circle-treatment,27.5,"Glycerin, Butylene Glycol, Butyrospermum Parkii, Squalane, Cetyl Esters, Dimethicone, Methyl Gluceth20, Polyethylene, Glycereth26, Polybutene, Sucrose, Magnolia Officinalis Bark Extract, Sigesbeckia Orientalis Extract, Algae Extract, Molasses Extract, Sapindus Mukurossi Fruit Extract, Palmitoyl Tetrapeptide7, Whey Protein, Palmitoyl Hexapeptide12, Trifluoroacetyl Tripeptide2, Caffeine, Phytosphingosine, Acetyl Hexapeptide8, Palmitoyl Tripeptide1, Yeast Extract, Glycine Soja Protein, Caesalpinia Spinosa Gum, Acrylates, Glyceryl Polymethacrylate, Sucrose Stearate, Caprylyl Glycol, Peg8, Sodium Hyaluronate, Simethicone, Polysorbate 20, Carbomer, Sodium Hydroxide, Dextran, Hexylene Glycol, Sodium Citrate, Phenoxyethanol, Mica, Titanium Dioxide",942,46865,0.5,0.0,https://www.sephora.com/product/pep-start-eye-cream-P403817?icid2=products%20grid:p403817,0.5,55.0
Hydrating Eye Cream,Bobbi Brown,eye-treatment-dark-circle-treatment,56.0,"Ethylhexyl Palmitate, Squalane, Butylene Glycol, Cetyl Alcohol, Glyceryl Stearate, Hydrogenated Vegetable Oil, Simmondsia Chinensis Seed Oil, Persea Gratissima Oil, Hamamelis Virginiana Extract, Aloe Barbadensis Leaf Juice, Cholesterol, Peg100 Stearate, Glycerin, Sodium Pca, Trehalose, Ascorbyl Palmitate, Ethylhexylglycerin, Hydroxyproline, Proline, Acrylates Copolymer, Phytantriol, Glycine, Linoleic Acid, Phytosphingosine, Sodium Hydroxide, Tocopheryl Acetate, Sodium Hyaluronate, Tocopherol, Carbomer, Disodium Edta, Phenoxyethanol",386,18543,0.0,0.5,https://www.sephora.com/product/hydrating-eye-cream-P270544?icid2=products%20grid:p270544,0.5,112.0
TIME RESPONSE Eye Reserve Crème,AMOREPACIFIC,eye-treatment-dark-circle-treatment,260.0,"Camellia Sinensis Leaf Butylene Glycol, Glycerin, Hydrogenated Poly, Butyrospermum Parkii Butter, Pentaerythrityl Tetraethylhexanoate, Hydrogenated Olive Oil Lauryl Esters, Jojoba Esters, Methyl Trimethicone, Caprylic, Diisostearyl Malate, Cetyl Ethylhexanoate, Behenyl Alcohol, Helianthus Annuus Seed Oil, Propanediol, Hydrogenated Lecithin, Peg40 Stearate, Camellia Sinensis Seed Oil, Arachidyl Alcohol, Betaine, Niacinamide, Polyglyceryl10 Stearate, 12Hexanediol, Hydroxyethyl Acrylate, Glyceryl Stearate, Cetearyl Alcohol, Mica, Arachidyl Glucoside, Fragrance, Titanium Dioxide, Dipotassium Glycyrrhizate, Caffeine, Glyceryl Caprylate, Dipalmitoyl Hydroxyproline, Acrylates, Disodium Edta, Ethylhexylglycerin, Adenosine, BetaGlucan, Tromethamine, Sorbitan Isostearate, Polysorbate 60, Palmitic Acid, Natto Gum, Glycine Soja Seed Extract, Theobroma Cacao Extract, Dextrin, Camellia Sinensis Leaf Extract, Glucose, Tocopherol, Poloxamer 235, Ethoxydiglycol, Epigallocatechin Gallate, Tocophersolan, Poloxamer 338, Phenoxyethanol, Panax Ginseng Root Extract, Magnolia Obovata Bark Extract, Caprylyl Glycol",13,2505,0.5,0.0,https://www.sephora.com/product/time-response-eye-reserve-creme-P436659?icid2=products%20grid:p436659,0.5,520.0
Repairwear Laser Focus Wrinkle Correcting Eye Cream,CLINIQUE,eye-treatment-dark-circle-treatment,46.0,"Squalane, Butylene Glycol, Ethylhexyl Palmitate, Glycerin, Caprylic, Dimethicone, Methyl Gluceth20, Peg100 Stearate, Cetyl Alcohol, Glyceryl Stearate, Peg8, Polymethylsilsesquioxane, Hydrogenated Lecithin, Hypnea Musciformis Extract, Gellidiela Acerosa Extract, Sigesbeckia Orientalis Extract, Crithmum Maritimum Extract, Hordeum Vulgare Extract, Chlorella Vulgaris Extract, Cucumis Sativus Fruit Extract, Rosmarinus Officinalis Leaf Extract, Padina Pavonica Thallus Extract, Laminaria Digitata Extract, Camellia Sinensis Leaf Extract, Saccharomyces Ferment Filtrate, Whey Protein, Hydrogenated Vegetable Oil, Micrococcus Lysate, Persea Gratissima Sterols, Ergothioneine, Biotin, Acetyl Glucosamine, Caffeine, Lecithin, Palmitoyl Oligopeptide, Glyceryl Polymethacrylate, Caprylic, Polysilicone11, Propylene Glycol Dicaprate, Tocopheryl Acetate, Sucrose, Trehalose, Pentylene Glycol, Carbomer, Helianthus Annuus Seedcake, Tromethamine, Phytosphingosine, Tetrahexyldecyl Ascorbate, Cholesterol, Zinc Pca, Hexylene Glycol, Hydroxyethylcellulose, Sodium Hyaluronate, Potassium Sulfate, Citric Acid, Caprylyl Glycol, Sodium Citrate, Disodium Distyrylbiphenyl Disulfonate, Disodium Edta, Phenoxyethanol, Titanium Dioxide",139,8400,0.5,0.0,https://www.sephora.com/product/repairwear-laser-focus-wrinkle-correcting-eye-cream-P377576?icid2=products%20grid:p377576,0.5,92.0
Dew It All Total Eye Cream,Farmacy,eye-treatment-dark-circle-treatment,38.0,"Squalane, Butylene Glycol, Ethylhexyl Palmitate, Glycerin, Caprylic, Dimethicone, Methyl Gluceth20, Peg100 Stearate, Cetyl Alcohol, Glyceryl Stearate, Peg8, Polymethylsilsesquioxane, Hydrogenated Lecithin, Hypnea Musciformis Extract, Gellidiela Acerosa Extract, Sigesbeckia Orientalis Extract, Crithmum Maritimum Extract, Hordeum Vulgare Extract, Chlorella Vulgaris Extract, Cucumis Sativus Fruit Extract, Rosmarinus Officinalis Leaf Extract, Padina Pavonica Thallus Extract, Laminaria Digitata Extract, Camellia Sinensis Leaf Extract, Saccharomyces Ferment Filtrate, Whey Protein, Hydrogenated Vegetable Oil, Micrococcus Lysate, Persea Gratissima Sterols, Ergothioneine, Biotin, Acetyl Glucosamine, Caffeine, Lecithin, Palmitoyl Oligopeptide, Glyceryl Polymethacrylate, Caprylic, Polysilicone11, Propylene Glycol Dicaprate, Tocopheryl Acetate, Sucrose, Trehalose, Pentylene Glycol, Carbomer, Helianthus Annuus Seedcake, Tromethamine, Phytosphingosine, Tetrahexyldecyl Ascorbate, Cholesterol, Zinc Pca, Hexylene Glycol, Hydroxyethylcellulose, Sodium Hyaluronate, Potassium Sulfate, Citric Acid, Caprylyl Glycol, Sodium Citrate, Disodium Distyrylbiphenyl Disulfonate, Disodium Edta, Phenoxyethanol, Titanium Dioxide",430,27479,0.5,0.0,https://www.sephora.com/product/eye-dew-total-eye-cream-with-echinacea-greenenvy-P400250?icid2=products%20grid:p400250,0.5,76.0
Black Pine Super Eye Serum Defeye Gravity 3D,KORRES,eye-treatment-dark-circle-treatment,65.0,"Glycerin, Ethylene, Acrylates, Albizia Julibrissin Bark Extract, Avena Sativa Kernel Extract, Benzyl Alcohol, Butylene Glycol, Ci 77891, Citric Acid, Copper Lysinate, Darutoside, Epigallocatechin Gallate, Epigallocatechin Gallatyl Glucoside, Glyceryl Stearate Citrate, Hexapeptide11, Hydrolyzed Sodium Hyaluronate, Lonicera Caprifolium Flower Extract, Lonicera Japonica Flower Extract, Methylglucoside Phosphate, Mica, Panthenol, Parfum, Pentylene Glycol, Peucedanum Graveolens Extract, Phenoxyethanol, Pinus Nigra Bud, Poloxamer 338, Polyacrylate Crosspolymer6, Polyglyceryl5 Laurate, Silica, Sodium Benzoate, Sodium Hyaluronate, Sodium Hydroxide, Tamarindus Indica Seed Gum, Xanthan Gum",125,9244,0.51,0.0,https://www.sephora.com/product/black-pine-3d-sculpting-firming-lifting-super-eye-serum-P418868?icid2=products%20grid:p418868,0.51,127.45098039215686
Repairwear Anti-Gravity Eye Lift Cream,CLINIQUE,eye-treatment-dark-circle-treatment,46.0,"Glycerin, Ethylene, Acrylates, Albizia Julibrissin Bark Extract, Avena Sativa Kernel Extract, Benzyl Alcohol, Butylene Glycol, Ci 77891, Citric Acid, Copper Lysinate, Darutoside, Epigallocatechin Gallate, Epigallocatechin Gallatyl Glucoside, Glyceryl Stearate Citrate, Hexapeptide11, Hydrolyzed Sodium Hyaluronate, Lonicera Caprifolium Flower Extract, Lonicera Japonica Flower Extract, Methylglucoside Phosphate, Mica, Panthenol, Parfum, Pentylene Glycol, Peucedanum Graveolens Extract, Phenoxyethanol, Pinus Nigra Bud, Poloxamer 338, Polyacrylate Crosspolymer6, Polyglyceryl5 Laurate, Silica, Sodium Benzoate, Sodium Hyaluronate, Sodium Hydroxide, Tamarindus Indica Seed Gum, Xanthan Gum",268,10053,0.5,0.0,https://www.sephora.com/product/repairwear-anti-gravity-eye-lift-cream-P122727?icid2=products%20grid:p122727,0.5,92.0
Restorative Anti-Aging Eye Cream,Tata Harper,eye-treatment-dark-circle-treatment,105.0,"Glycerin, Ethylene, Acrylates, Albizia Julibrissin Bark Extract, Avena Sativa Kernel Extract, Benzyl Alcohol, Butylene Glycol, Ci 77891, Citric Acid, Copper Lysinate, Darutoside, Epigallocatechin Gallate, Epigallocatechin Gallatyl Glucoside, Glyceryl Stearate Citrate, Hexapeptide11, Hydrolyzed Sodium Hyaluronate, Lonicera Caprifolium Flower Extract, Lonicera Japonica Flower Extract, Methylglucoside Phosphate, Mica, Panthenol, Parfum, Pentylene Glycol, Peucedanum Graveolens Extract, Phenoxyethanol, Pinus Nigra Bud, Poloxamer 338, Polyacrylate Crosspolymer6, Polyglyceryl5 Laurate, Silica, Sodium Benzoate, Sodium Hyaluronate, Sodium Hydroxide, Tamarindus Indica Seed Gum, Xanthan Gum",84,7925,0.5,0.0,https://www.sephora.com/product/re-storative-eye-creme-P386739?icid2=products%20grid:p386739,0.5,210.0
Orchid Youth-Enriched Eye Cream,innisfree,eye-treatment-dark-circle-treatment,29.0,"Water, Glycerin, Squalane, Cetyl Ethylhexanoate, Limnanthes Alba Seed Oil, Copernicia Cerifera Wax, Niacinamide, Cyclopentasiloxane, Butyrospermum Parkii Butter, Glyceryl Stearate, Cyclohexasiloxane, C1422 Alcohols, Stearic Acid, Arachidyl Alcohol, Palmitic Acid, Cetearyl Alcohol, Peg100 Stearate, Propanediol, Behenyl Alcohol, Polyacrylate13, C1220 Alkyl Glucoside, Arachidyl Glucoside, Fragrance, Polyisobutene, Hydrogenated Lecithin, Glyceryl Caprylate, Ethylhexylglycerin, Polyglyceryl3 Methylglucose Distearate, Xanthan Gum, Disodium EDTA, Adenosine, Polysorbate 20, Sorbitan Isostearate, Myristic Acid, Avena Sativa Kernel Extract, Caffeine, Hyaluronic Acid, Lauric Acid, Betaine, Glucose, Orchid Extract, Phenoxyethanol, Tocopherol",17,3005,1.01,0.0,https://www.sephora.com/product/orchid-youth-enriched-eye-cream-P449857?icid2=products%20grid:p449857,1.01,28.712871287128717
Rénergie Lift Multi-Action Eye,Lancôme,eye-treatment-dark-circle-treatment,75.0,"Dimethicone, Glycerin, Isohexadecane, Alcohol Denat, Squalane, Cetyl Alcohol, Stearic Acid, Paraffinum Liquidum, Palmitic Acid, Peg100 Stearate, Glyceryl Stearate, Peg20 Stearate, Cera Alba, Silica, Octyldodecanol, Ci 77891, Ci 16035, Ci 19140, C1314 Isoparaffin, Guanosine, Cyathea Medullaris Leaf Extract, Mica, Secale Cereale Seed Extract, Sodium Hydroxide, Hydrolyzed Soy Protein, Hydrolyzed Hyaluronic Acid, Sodium Levulinate, Phenoxyethanol, Stearyl Alcohol, Adenosine, Acetyl Tetrapeptide9, Caffeine, Polyacrylamide, Chlorphenesin, Chlorhexidine Digluconate, Dimethiconol, Limonene, Pentylene Glycol, Tin Oxide, Benzyl Alcohol, Linalool, Xanthan Gum, Cinnamic Acid, Capryloyl Salicylic Acid, CeraMicrocristallina, Paraffin, Myristic Acid, MyristylAlcohol, Butyrospermum Parkii Butter, Citronellol, Citric Acid, Laureth7, Coumarin, Levulinic Acid, Glyceryl Caprylate, Fragrance",84,5454,0.5,0.0,https://www.sephora.com/product/renergie-lift-multi-action-eye-P376136?icid2=products%20grid:p376136,0.5,150.0
Do Not Age with Dr. Brandt Triple Peptide Eye Cream,Dr. Brandt Skincare,eye-treatment-dark-circle-treatment,82.0,"Shea Butter, Lecithin, Methylsilanol Hydroxyproline Aspartate, Cyclopentasiloxane, Cetyl Palmitate, Siloxanetriol Alginate, C1216 Alcohols, Glycerin, Cetyl Alcohol, Cetyl Lactate, Octyldodecyl Stearate, Glyceryl Stearate Citrate, Acetyl Hexapeptide8, Jojoba Seed Oil, Dimethicone, BisHydroxyethoxypropyl Dimethicone, Palmitic Acid, Butylene Glycol, Phenoxyethanol, Polyglyceryl3Stearate, Propylene Glycol, Betaine, Tocopheryl Acetate, Acetyl Citrull Amido Arginine, Palmitoyl Oligopeptide, Camellia Oleifera Leaf Extract, Lavender Oil, Xanthan Gum, Glyceryl Polymethacrylate, Caffeine, Sodium Acrylates Copolymer, Tetrasodium Edta, Bht, Ascorbic Acid Polypeptide, Retinyl Palmitate, Sodium Pca, Hydrogenated Polyisobutene, Phospholipids, Ethylhexylglycerin, Disodium Edta, Ceramide 3, Polyglyceryl10 Stearate, Sunflower Seed Oil, Grape Fruit Extract, Sorbic Acid",125,7700,0.5,0.0,https://www.sephora.com/product/do-not-age-with-dr-brandt-triple-peptide-eye-cream-P383053?icid2=products%20grid:p383053,0.5,164.0
Eye Doctor™ Moisture Care For Skin Around Eyes,Origins,eye-treatment-dark-circle-treatment,42.0,"Butylene Glycol, Myristyl Myristate, Caprylic, Squalane, Glyceryl Stearate, Tricaprylin, Peg4 Dilaurate, Cetyl Alcohol, Citrus Limon Peel Oil, Cucumis Sativus Oil, Ferula Galbaniflua Resin Oil, Benzyl Salicylate, Centella Asiatica Extract, Camellia Sinensis Leaf Extract, Gigartina Stellata Extract, Hypnea Musciformis Extract, Triticum Vulgare Germ Extract, Cucumis Sativus Fruit Extract, Hordeum Vulgare Extract, Gellidiela Acerosa Extract, Rosmarinus Officinalis Leaf Extract, Panax Ginseng Root Extract, Tocopheryl Linoleate, Caffeine, Ethylhexylglycerin, Magnesium Ascorbyl Phosphate, Cetyl Ricinoleate, Bifida Ferment Lysate, Sodium Hyaluronate, Peg100 Stearate, Steareth20, BisPeg18 Methyl Ether Dimethyl Silane, Glycerin, Dimethicone, Carbomer, Cetearyl Alcohol, Caprylyl Glycol, Potassium Hydroxide, Polysorbate 60, Hexylene Glycol, Disodium Edta, Bht, Phenoxyethanol Essential Oil",472,25800,0.5,0.0,https://www.sephora.com/product/eye-doctor-moisture-care-for-skin-around-eyes-P297531?icid2=products%20grid:p297531,0.5,84.0
Vitamin C Eye Brightener,Obagi Clinical,eye-treatment-dark-circle-treatment,60.0,"Propylene Glycol, PEG12 Glyceryl Dimyristate, Glycerin, PEG7 Glyceryl Cocoate, Silica, Lactobacillus Ferment, Butylene Glycol, Carbomer, Phenoxyethanol, Triethanolamine, Betaine, Ethoxydiglycol, Pentylene Glycol, Saccharomyces Cerevisiae Extract, Panthenol, Ethylhexylglycerin, Disodium EDTA, Kinetin, Zeatin, Polyurethane40, Ruscus Aculeatus Root Extract, Ammonium Glycyrrhizate, Rhodiola Rosea Root Extract, Tetrahexyldecyl Ascorbate, Centella Asiatica Extract, Acetyl Octapeptide3, Camellia Cinesis Leaf Extract, Hydrochloric Acid",179,3558,0.5,0.0,https://www.sephora.com/product/vitamin-c-eye-brightener-P439429?icid2=products%20grid:p439429,0.5,120.0
All About Eyes Serum De-Puffing Eye Massage,CLINIQUE,eye-treatment-dark-circle-treatment,33.0,"Butylene Glycol, Glycerin, Caffeine, Panthenol, Polygonum Cuspidatum Root Extract, Vitis Vinifera Seed Extract, Rosmarinus Officinalis Extract, Humulus Lupulus Extract, Citrus Reticulata Peel Extract, Punica Granatum Fruit Juice, Yeast Extract, Biosaccharide Gum 1, Linolenic Acid, Sodium Hyaluronate, Laureth7, Linoleic Acid, Glycine, Carbomer, Cyclodextrin, Hydroxyproline, Acrylates Copolymer, C1314 Isoparaffin, Polyacrylamide, Caprylyl Glycol, Proline, Ethylbisiminomethylguaiacol Manganese Chloride, Nordihydroguaiaretic Acid, Xanthan Gum, Hexylene Glycol, Disodium Edta, Phenoxyethanol, Titanium Dioxide, Mica",873,17699,0.5,0.0,https://www.sephora.com/product/all-about-eyes-serum-de-puffing-eye-massage-P257537?icid2=products%20grid:p257537,0.5,66.0
Complete Eye Renewal Balm Duo,Algenist,eye-treatment-dark-circle-treatment,68.0,"Water, Isopropyl Isostearate, Glycerin, Dimethicone, Palmitic Acid, Pentylene Glycol, Glyceryl Stearate SE, Stearic Acid, Dimethicone Crosspolymer, Butyrospermum Parkii Butter, Cetearyl Alcohol, Undaria Pinnatifida Extract, Limnanthes Alba Seed Oil, Parachlorella Beijerinckii Exopolysaccharides, Alaria Esculenta Extract, Bambusa Vulgaris Leaf, Aloe Barbadensis Leaf Juice, Aloe Barbadensis Leaf Juice Powder, Camellia Sinensis Leaf Extract, Cucumis Sativus Fruit Extract, Tocopheryl Acetate, Caffeine, Tetrapeptide21, Dipeptide2, Palmitoyl Tetrapeptide7, Palmitoyl Tripeptide1, Magnesium Ascorbyl Phosphate, Malus Domestica Fruit Cell Culture Extract, Rubus Idaeus Leaf Extract, Glucosamine HCl, Pisum Sativum Extract, Inula Crithmoide Extract, Phospholipids, Biotin, NHydroxysuccinimide, Chrysin, Hesperidin Methyl Chalcone, Lecithin, Caprylic, Leuconostoc, Vinyl Dimethicone, Acrylates, Steareth20, Ceteareth20, Butylene Glycol, Xanthan Gum, Sodium Citrate, Citric Acid, Disodium EDTA, Aminomethyl Propanol, Potassium Sorbate, Chlorhexidine Digluconate, Caprylyl Glycol, Hexylene Glycol, Ethylhexylglycerin, Sodium Benzoate, Phenoxyethanol",0,708,0.0,0.0,https://www.sephora.com/product/complete-eye-renewal-balm-duo-P450568?icid2=products%20grid:p450568,0.5181621621621623,131.23304819528477
Midnight Recovery Eye,Kiehl's Since 1851,eye-treatment-dark-circle-treatment,40.0,"Water, Isopropyl Isostearate, Glycerin, Dimethicone, Palmitic Acid, Pentylene Glycol, Glyceryl Stearate SE, Stearic Acid, Dimethicone Crosspolymer, Butyrospermum Parkii Butter, Cetearyl Alcohol, Undaria Pinnatifida Extract, Limnanthes Alba Seed Oil, Parachlorella Beijerinckii Exopolysaccharides, Alaria Esculenta Extract, Bambusa Vulgaris Leaf, Aloe Barbadensis Leaf Juice, Aloe Barbadensis Leaf Juice Powder, Camellia Sinensis Leaf Extract, Cucumis Sativus Fruit Extract, Tocopheryl Acetate, Caffeine, Tetrapeptide21, Dipeptide2, Palmitoyl Tetrapeptide7, Palmitoyl Tripeptide1, Magnesium Ascorbyl Phosphate, Malus Domestica Fruit Cell Culture Extract, Rubus Idaeus Leaf Extract, Glucosamine HCl, Pisum Sativum Extract, Inula Crithmoide Extract, Phospholipids, Biotin, NHydroxysuccinimide, Chrysin, Hesperidin Methyl Chalcone, Lecithin, Caprylic, Leuconostoc, Vinyl Dimethicone, Acrylates, Steareth20, Ceteareth20, Butylene Glycol, Xanthan Gum, Sodium Citrate, Citric Acid, Disodium EDTA, Aminomethyl Propanol, Potassium Sorbate, Chlorhexidine Digluconate, Caprylyl Glycol, Hexylene Glycol, Ethylhexylglycerin, Sodium Benzoate, Phenoxyethanol",217,33339,0.5,0.0,https://www.sephora.com/product/midnight-recovery-eye-P422015?icid2=products%20grid:p422015,0.5,80.0
MOISTURE BOUND Rejuvenating Eye Treatment Gel,AMOREPACIFIC,eye-treatment-dark-circle-treatment,85.0,"Phyllostachis Bambusoides Juice, Cyclopentasiloxane, Dimethicone, Glycerin, Butylene Glycol, Cyclohexasiloxane, Alcohol, PEG75, PEG10 Dimethicone, Biosaccharide Gum1, Squalane, Niacinamide, Acetyl Glucosamine, Hydrolyzed Phyllostachis Bambusoides, Hydrolyzed Camellia Sinensis Leaf, Glycine Soja Seed Extract, Nelumbo Nucifera Flower Extract, Opuntia Coccinellifera Fruit Extract, Hesperidin, Caffeine, Theanine, Kaempferol, Camellia Sinensis Flower Extract, Natto Gum, BetaGlucan, Sodium Hyaluronate, Tocopherol, Phytantriol, Epigallocatechin Gallate, Disteardimonium Hectorite, Lauryl PEG9 Polydimethylsiloxyethyl Dimethicone, Polysilicone11, Propanediol, Dimethiconol, Dimethicone, Stearyl Behenate, Polyglyceryl3 Methylglucose Distearate, Hydroxypropyl Bispalmitamide Mea, Inulin Lauryl Carbamate, Polysorbate 20, PEG15 Pentaerythrityl Tetra, Sodium Chloride, Poloxamer 407, Ammonium Acryloyldimethyltaurate, 12Hexanediol, Disodium EDTA, Ethylhexylglycerin, Phenoxyethanol, Fragrance",265,9605,0.5,0.0,https://www.sephora.com/product/moisture-bound-rejuvenating-eye-treatment-gel-P282612?icid2=products%20grid:p282612,0.5,170.0
Bio-Performance LiftDynamic Eye Treatment,Shiseido,eye-treatment-dark-circle-treatment,75.0,"Pentaerythrityl Tetraethylhexanoate, Hydrogenated Polydecene, Dimethicone, Butylene Glycol, Glycerin, Dipropylene Glycol, Behenyl Alcohol, Peg, Hydrogenated Polyisobutene, Stearyl Alcohol, Dimethicone Crosspolymer, Hydrogenated Palm Oil, Beheneth20, Mineral Oil, Phenoxyethanol, Myristyl Myristate, Polyvinyl Alcohol, Tocopheryl Acetate, Elaeis Guineensis Kernel Oil, Elaeis Guineensis Oil, Dimethylacrylamide, Microcrystalline Wax, Paraffin, Disodium Edta, Caffeine, Retinyl Acetate, Sodium Citrate, Helianthus Annuus Seed Oil, Fragrance, Bht, Limonene, Citric Acid, Sodium Metaphosphate, Inositol, Hexyl Cinnamal, Benzyl Benzoate, Butylphenyl Methylpropional, Alcohol, Linalool, Sodium Metabisulfite, Saccharomyces Ferment Lysate Filtrate, Sodium Acetylated Hyaluronate, Iron Oxides, Rosmarinus Officinalis Leaf Extract, AlphaIsomethyl Ionone, Thymus Serpillum Extract, Citronellol, Geraniol, Tocopherol, Iron Oxides, Panax Ginseng Root Extract, Bupleurum Falcatum Root Extract",22,5066,0.52,0.0,https://www.sephora.com/product/bio-performance-liftdynamic-eye-treatment-P410759?icid2=products%20grid:p410759,0.52,144.23076923076925
Rose Quartz  Eye Mask,SEPHORA COLLECTION,eye-treatment-dark-circle-treatment,59.0,"Pentaerythrityl Tetraethylhexanoate, Hydrogenated Polydecene, Dimethicone, Butylene Glycol, Glycerin, Dipropylene Glycol, Behenyl Alcohol, Peg, Hydrogenated Polyisobutene, Stearyl Alcohol, Dimethicone Crosspolymer, Hydrogenated Palm Oil, Beheneth20, Mineral Oil, Phenoxyethanol, Myristyl Myristate, Polyvinyl Alcohol, Tocopheryl Acetate, Elaeis Guineensis Kernel Oil, Elaeis Guineensis Oil, Dimethylacrylamide, Microcrystalline Wax, Paraffin, Disodium Edta, Caffeine, Retinyl Acetate, Sodium Citrate, Helianthus Annuus Seed Oil, Fragrance, Bht, Limonene, Citric Acid, Sodium Metaphosphate, Inositol, Hexyl Cinnamal, Benzyl Benzoate, Butylphenyl Methylpropional, Alcohol, Linalool, Sodium Metabisulfite, Saccharomyces Ferment Lysate Filtrate, Sodium Acetylated Hyaluronate, Iron Oxides, Rosmarinus Officinalis Leaf Extract, AlphaIsomethyl Ionone, Thymus Serpillum Extract, Citronellol, Geraniol, Tocopherol, Iron Oxides, Panax Ginseng Root Extract, Bupleurum Falcatum Root Extract",4,2308,0.0,0.0,https://www.sephora.com/product/rose-quartz-eye-mask-P451177?icid2=products%20grid:p451177,0.5181621621621623,113.8639682870853
anti-wrinkle miracle worker eye+ line-correcting eye cream,philosophy,eye-treatment-dark-circle-treatment,60.0,"Cyclopentasiloxane, Dimethicone Crosspolymer, Caprylic, C1215 Alkyl Benzoate, Tetrahexyldecyl Ascorbate, Cyclohexasiloxane, Tocopheryl Acetate, Bisabolol, Dimethicone, Squalene, Phenoxyethanol, Dimethiconol, Peg6 Isostearate, Cocos Nucifera Oil, Medicago Sativa Extract, Ethylhexyl Palmitate, Isopropyl Palmitate, Sorbitan Laurate, Avena Sativa Kernel Oil, C1836 Acid Glycol Ester, C1836 Acid Triglyceride, Peg8, Lecithin, Lactic Acid, Tocopherol, Silica, Hesperetin Laurate, Polyhydroxystearic Acid, Silica Dimethyl Silylate, Alumina, Swertia Chirata Extract, Ascorbyl Palmitate, Butylene Glycol, Caprylyl Glycol, Farnesol, Ascorbic Acid, Citric Acid, Sodium Hyaluronate, Palmitoyl Tripeptide1, Hexylene Glycol, Palmitoyl Tetrapeptide7, Titanium Dioxide",19,3248,0.5,0.0,https://www.sephora.com/product/anti-wrinkle-miracle-worker-eye-line-correcting-eye-cream-P440474?icid2=products%20grid:p440474,0.5,120.0
Moisture Surge Eye 96-Hour Hydro-Filler Concentrate,CLINIQUE,eye-treatment-dark-circle-treatment,34.0,"Cyclopentasiloxane, Dimethicone Crosspolymer, Caprylic, C1215 Alkyl Benzoate, Tetrahexyldecyl Ascorbate, Cyclohexasiloxane, Tocopheryl Acetate, Bisabolol, Dimethicone, Squalene, Phenoxyethanol, Dimethiconol, Peg6 Isostearate, Cocos Nucifera Oil, Medicago Sativa Extract, Ethylhexyl Palmitate, Isopropyl Palmitate, Sorbitan Laurate, Avena Sativa Kernel Oil, C1836 Acid Glycol Ester, C1836 Acid Triglyceride, Peg8, Lecithin, Lactic Acid, Tocopherol, Silica, Hesperetin Laurate, Polyhydroxystearic Acid, Silica Dimethyl Silylate, Alumina, Swertia Chirata Extract, Ascorbyl Palmitate, Butylene Glycol, Caprylyl Glycol, Farnesol, Ascorbic Acid, Citric Acid, Sodium Hyaluronate, Palmitoyl Tripeptide1, Hexylene Glycol, Palmitoyl Tetrapeptide7, Titanium Dioxide",59,4587,0.5,0.0,https://www.sephora.com/product/moisture-surge-eye-96-hour-hydro-filler-concentrate-P443383?icid2=products%20grid:p443383,0.5,68.0
Future Solution LX Eye and Lip Contour Regenerating Cream,Shiseido,eye-treatment-dark-circle-treatment,153.0,"Glycerin, Dimethicone, Dipropylene Glycol, Butylene Glycol, Trehalose, Petrolatum, Mineral Oil, Diisostearyl Malate, Myristyl Myristate, Hdi, Dimethicone Crosspolymer, Behenyl Alcohol, Glyceryl Stearate Se, Silica, Stearyl Alcohol, Pentaerythrityl Tetraethylhexanoate, Pentaerythrityl Tetrabehenate, Piperidinepropionic Acid, Batyl Alcohol, Isododecane, Phenoxyethanol, Peg40 Stearate, Titanium Dioxide, Dimethylacrylamide, Polyisobutene, Fragrance, Sorbitan Tristearate, Tocopheryl Acetate, Acrylates, Sodium Citrate, Mica, Bht, 2OEthyl Ascorbic Acid, Peg240, Barium Sulfate, Sodium Metabisulfite, Trisodium Edta, Aluminum Hydroxide, Potassium Hydroxide, Iron Oxides, Sodium Metaphosphate, Citric Acid, Linalool, Alcohol, Butylphenyl Methylpropional, Limonene, Saccharomyces Ferment Lysate Filtrate, AlphaIsomethyl Ionone, Citronellol, Geraniol, Benzyl Benzoate, Prunus Speciosa Leaf Extract, Iron Oxides, Angelica Acutiloba Root Extract, Isodonis Japonicus Leaf, Alumina, Sodium Lauryl Sulfate, Polymethyl Methacrylate, Hibiscus Esculentus Fruit Extract, Camellia Sinensis Leaf Extract, Houttuynia Cordata Extract, Tocopherol",27,3835,0.61,0.0,https://www.sephora.com/product/future-solution-lx-eye-lip-contour-regenerating-cream-P423165?icid2=products%20grid:p423165,0.61,250.81967213114757
Eye Cream,Dr. Barbara Sturm,eye-treatment-dark-circle-treatment,140.0,"Macadamia Integrifolia Seed Oil, Dicaprylyl Carbonate, Glycerin, Lactobacillus, Tocopheryl Acetate, Phenoxyethanol, Betaine, Panthenol, Acrylates, Methyl Methacrylate Crosspolymer, Pentylene Glycol, Saccharomyces Cerevisiae Extract, Sodium Polyacrylate, Ethylhexylglycerin, Sodium Hydroxide, Leuconostoc, Mica, Rhodiola Rosea Root Extract, Biosaccharide Gum1, Pantolactone, Citric Acid, Titanium Dioxide",170,833,0.5,0.0,https://www.sephora.com/product/dr-barbara-sturm-eye-cream-P447785?icid2=products%20grid:p447785,0.5,280.0
No Puff Zone Hydrating Hemp Hydrogel Under Eye Mask,INC.redible,eye-treatment-dark-circle-treatment,9.0,"Water, Dipropylene Glycol, Glycerin, Caprylic, Ceratonia Siliqua Gum, Chondrus Crispus Extract, Chondrus Crispus Powder, Polysorbate 60, Butylene Glycol, Paeonia Suffruticosa Root Extract, Centella Asiatica Extract, Cellulose Gum, 12Hexanediol, Titanium Dioxide, Potassium Chloride, Sodium Polyacrylate, Mica, PEG100 Stearate, Glyceryl Stearate, Chamomilla Recutita Flower Extract, Cannabis Sativa Seed Oil, Algin, Hydrogenated Polydecene, Glyceryl Caprylate, Sucrose, Disodium EDTA, Chromium Oxide Greens, Ethylhexylglycerin, Trideceth6, Dextrin, ChlorophyllinCopper Complex, Cucumis Sativus Fruit Extract, Camellia Sinensis Leaf Extract, Sodium Hyaluronate, Brassica Oleracea Italica Extract, Phenoxyethanol, Fragrance",54,3602,0.0,0.0,https://www.sephora.com/product/no-puff-zone-hydrating-hemp-hydrogel-under-eye-mask-P449101?icid2=products%20grid:p449101,0.5181621621621623,17.369079908199453
Potent-C™ Vitamin C Power Eye Cream,Peter Thomas Roth,eye-treatment-dark-circle-treatment,65.0,"Butylene Glycol, Tetrahexyldecyl Ascorbate, C912 Alkane, Tocopheryl Acetate, Bambusa Arundinacea Stem Powder, PEG100 Stearate, Cetyl Ricinoleate, Ferulic Acid, Butyrospermum Parkii Butter, Behenyl Alcohol, Methyl Trimethicone, Glycerin, Carbomer, Methyldihydrojasmonate, Polymethylsilsesquioxane, Saccharomyces Ferment Filtrate, Hydrogenated Lecithin, Diamond Powder, Caffeine, Sodium Hyaluronate, Ubiquinone, Ethylhexylglycerin, Squalane, Soluble Collagen, Undaria Pinnatifida Extract, Caesalpinia Spinosa Fruit Extract, Arnica Montana Flower Extract, Olea Europaea Fruit Oil, Corallina Officinalis Extract, Kappaphycus Alvarezii Extract, Tribehenin, C1215 Alkyl Benzoate, CocoCaprylate, Caprylic, Jojoba Wax PEG120 Esters, Sodium Hydroxide, Myristyl Alcohol, Steareth20, Mica, Sodium Benzoate, Potassium Sorbate, Phenoxyethanol",300,9068,0.5,0.0,https://www.sephora.com/product/potent-c-tm-power-eye-cream-P433456?icid2=products%20grid:p433456,0.5,130.0
Haldi Eyes Brightening Turmeric Eye Cream,FARSÁLI,eye-treatment-dark-circle-treatment,40.0,"Glycerin, CocoCaprylate, Caprylyl Methicone, Caprylic, Glyceryl Stearate, Curcuma Longa Root, Curcuma Longa Root Extract, Caffeine, Chenopodium Quinoa Seed Extract, Bellis Perennis Flower Extract, Hieracium Pilosella Extract, Sodium Hyaluronate, Coenochloris Signiensis Extract, Hydroxyethyl Acrylate, Cetearyl Alcohol, PEG12 Dimethicone, Propanediol, Stearic Acid, Butylene Glycol, Sodium Benzoate, Pentylene Glycol, Sodium Dehydroacetate, Caprylyl Glycol, Phenethyl Alcohol, Tetrahydrodiferuloylmethane, Sodium Polyacrylate, Steareth20, Glyceryl Polyacrylate, Sodium Ascorbyl Phosphate, Polysorbate 60, Sorbitan Isostearate, Xylitylglucoside, Anhydroxylitol, Xylitol, Tocopheryl Acetate, Maltodextrin, Phenoxyethanol, Chlorhexidine Digluconate, Glucose, Biotin, Lecithin, NHydroxysuccinimide, Tetrahydrodemethoxydiferuloylmethane, Sodium Citrate, Tetrahydrobisdemethoxydiferuloylmethane, Tocopherol, Chrysin, Palmitoyl Tripeptide1, Potassium Sorbate, Citric Acid, Palmitoyl Tetrapeptide7",157,15464,0.5,0.0,https://www.sephora.com/product/haldi-eyes-brightening-turmeric-eye-cream-P446648?icid2=products%20grid:p446648,0.5,80.0
Lotus Eye Gel,Fresh,eye-treatment-dark-circle-treatment,48.0,"Sea Butylene Glycol, Caprylic, Simmondsia Chinensis Seed Oil, Sodium Polyacrylate, Nelumbo Nucifera Flower Extract, Coffea Arabica Extract, Porphyrydium Cruentum Extract, Ginkgo Biloba Leaf Extract, Citrus Medica Limonum Peel Oil, Cucumis Sativus Fruit Extract, Vitis Vinifera Seed Extract, Camellia Sinensis Leaf Extract, Chamomilla Recutita Extract, Helianthus Annuus Seed Oil, Retinyl Palmitate, Tocopherol, Chlorphenesin, Tetrasodium Edta, Propylene Glycol, Caprylic, Tocopheryl Acetate, Carbomer, Magnesium Ascorbyl Phosphate, Phenoxyethanol, Polysorbate 20, Ceratonia Siliqua Gum, Hydroxyethylcellulose, Limonene",627,14979,0.5,0.0,https://www.sephora.com/product/lotus-eye-gel-P54100?icid2=products%20grid:p54100,0.5,96.0
PlantGenius® Line-Filling Eye Balm with Bakuchiol,alpyn beauty,eye-treatment-dark-circle-treatment,62.0,"Sodium Hyaluronate, Cetearyl Alcohol, Squalane, Coconut Alkanes, Glycerin, Pyrus Malus Fruit Extract, CocoCaprylate, Mica, Titanium Dioxide, Bakuchiol, Centella Asiatica Meristem Cell Culture, Xanthan Gum, Euphrasia Officinalis Extract, Cetearyl Glucoside, Sorbitan Stearate, Dehydroacetic Acid, Benzyl Alcohol, Linoleic Acid, Cetyl Hydroxyethylcellulose, Caffeine, Tripeptide29, Potassium Sorbate, Hydrolyzed Sodium Hyaluronate, Kappaphycus Alvarezii Extract, Caesalpinia Spinosa Fruit Extract, Tocopherol, Tin Oxide, Caesalpinia Sappan Bark Extract, Glycyrrhiza Glabra Root Extract, Helianthus Annuus Seed Oil, Arctostaphylos Uva Ursi Leaf Extract, Ascorbic Acid, Ceramide NG, Simmondsia Chinensis Seed Oil, Salvia Officinalis Leaf Extract, Arnica Montana Flower Extract, Barago Officinalis Flower Extract, Calendula Officinalis Flower Extract, Chamomilla Recutita Flower Extract",44,1003,0.5,0.0,https://www.sephora.com/product/alpyn-beauty-plantgenius-line-filling-eye-balm-with-bakuchiol-P455613?icid2=products%20grid:p455613,0.5,124.0
Eye Duty Triple Remedy A.M. Gel Cream,First Aid Beauty,eye-treatment-dark-circle-treatment,36.0,"Dimethicone, Glycerin, Butylene Glycol, Albizia Julibrissin Bark Extract, Cyclopentasiloxane, Inulin Lauryl Carbamate, Hydroxyethyl Acrylate, Betaine, Methyl Gluceth20, Pentaerythrityl Tetraethylhexanoate, Lactobacillus Ferment, Kappaphycus Alvarezii Extract, Sodium Hyaluronate, Cucumis Sativus Fruit Extract, Darutoside, Palmitoyl Tripeptide1, Palmitoyl Tetrapeptide7, Chondrus Crispus Extract, Camellia Sinensis Leaf Extract, Chrysanthemum Parthenium Extract, Dipotassium Glycyrrhizate, Glycyrrhiza Glabra Root Extract, Tocopheryl Acetate, Adenosine, Ricinus Communis Seed Oil, Squalane, Cetearyl Alcohol, Sodium Polyacrylate, Cetearyl Glucoside, Polysorbate 60, Polysilicone11, Sea Sorbitan Isostearate, Carbomer, Sodium Lactate, Polysorbate 20, Phenoxyethanol, Sodium Benzoate, Disodium Edta, Potassium Sorbate",186,20661,0.5,0.0,https://www.sephora.com/product/eye-duty-triple-remedy-am-gel-cream-P406291?icid2=products%20grid:p406291,0.5,72.0
Noni Radiant Eye Oil,KORA Organics,eye-treatment-dark-circle-treatment,38.0,"Rosa Canina Fruit Oil, Helianthus Annuus Seed Oil, Macadamia Ternifolia Oil, Persea Gratissima Oil, Simmondsia Chinensis Seed Oil, Caryodendron Orinocense Seed Oil, Hippophae Rhamnoides Oil, Caprylic, Morinda Citrifolia Fruit Extract, Solanum Lycopersicum Fruit Extract, Himanthalia Elongata Extract, Calendula Officinalis Flower Extract, Coffee Arabica Seed Extract, Squalane, Dicaprylyl Carbonate, Tocopherol, Squalene, BetaSitosterol, Quartz",321,18517,0.34,0.0,https://www.sephora.com/product/noni-radiant-eye-oil-P428816?icid2=products%20grid:p428816,0.34,111.76470588235293
Oligo Peptide Eye Cream,SOBEL SKIN Rx,eye-treatment-dark-circle-treatment,65.0,"Purified Caprylic, Hydrogenated Phosphatidylcholine, Glycerin, Squalane, Prunus Amygdalus Dulcis Oil, Pentylene Glycol, Butyrospermum Parkii Butter, Cetearyl Alcohol, Ceteareth20, Cetyl Alcohol, Olive Oil, Ceramide III, Cucumber Extract, Helianthus Annuus Seed Oil, Persea Gratissima Oil, Macadamia Ternifolia Seed Oil, Rosa Moschata Seed Oil, Rosmarinus Officinalis Leaf Extract, Eyebright Extract, Steareth 20, NHydroxysuccinimide, Chrysin, Palmitoyl Oligopeptide, Palmitoyl Tetrapeptide7, Dipeptide2, Hesperidin Methyl Chalcone, Palmitoyl Tripeptide5, Panthenol, Sodium Hyaluronate, Dunaliella Salina Extract, Phenoxyethanol, Ethylhexylglycerin, Carbomer, Citric Acid, Sodium Benzoate, Potassium Sorbate, Pantolactone",1,363,0.5,0.0,https://www.sephora.com/product/sobel-skin-rx-triple-oligo-peptide-eye-cream-P451750?icid2=products%20grid:p451750,0.5,130.0
Intensive Vitalizing Eye Essence,AMOREPACIFIC,eye-treatment-dark-circle-treatment,95.0,"Camellia Sinensis Leaf Butylene Glycol, Glycerin, Glycereth26, Avena Sativa Kernel Extract, Alcohol, Methyl Trimethicone, Diethoxyethyl Succinate, Glyceryl Polymethacrylate, Camellia Sinensis Leaf Extract, Niacinamide, Aspergillus Ferment, Lactobacillus, Caffeine, Mannitol, Hydrogenated Lecithin, BisPeg18 Methyl Ether Dimethyl Silane, Acrylates, Peg60 Hydrogenated Castor Oil, Caprylic, Behenyl Alcohol, Polyglyceryl10 Pentastearate, Cetearyl Alcohol, Sodium Stearoyl Lactylate, Cetearyl Glucoside, Ethylhexylglycerin, Caprylyl Glycol, Glyceryl Caprylate, Tromethamine, Disodium Edta, Phenoxyethanol, Fragrance",79,6286,0.5,0.0,https://www.sephora.com/product/intensive-vitalizing-eye-essence-P394619?icid2=products%20grid:p394619,0.5,190.0
White Lucent Anti-Dark Circles Eye Cream,Shiseido,eye-treatment-dark-circle-treatment,65.0,"Dimethicone, Butylene Glycol, Glycerin, Alcohol, Dimethicone, Myristyl Myristate, Petrolatum, Hydrogenated Polydecene, Behenyl Alcohol, Cetyl Ethylhexanoate, Glyceryl Stearate Se, Potassium Methoxysalicylate, Methyl Methacrylate Crosspolymer, Stearyl Alcohol, Dimethylacrylamide, Polysorbate 60, Peg40 Stearate, Tocopheryl Acetate, Phenoxyethanol, Titanium Dioxide, Fragrance, Sorbitan Tristearate, Trisodium Edta, Peg10 Dimethicone, Sodium Citrate, Oryzanol, 2OEthyl Ascorbic Acid, Mica, Silica, Xanthan Gum, Sodium Metaphosphate, Limonene, Citric Acid, Peg, Aluminum Hydroxide, Benzyl Benzoate, Butylphenyl Methylpropional, Iron Oxides, Linalool, Sodium Hyaluronate, Citronellol, Crataegus Monogyna Flower Extract, Tocopherol",368,12214,0.5,0.0,https://www.sephora.com/product/white-lucent-anti-dark-circles-eye-cream-P205614?icid2=products%20grid:p205614,0.5,130.0
Zero Baggage Anti-Dark Circle Eye Cream,Naturally Serious,eye-treatment-dark-circle-treatment,44.0,"Glycerin, Cetyl Alcohol, Pyrus Malus Fruit Extract, Aluminum Starch Octenylsuccinate, Caprylic, Stearyl Alcohol, Propanediol, Caffeine, Sodium Hyaluronate, Tocopheryl Acetate, Sodium PCA, Hydrogenated Olive Oil, Maltodextrin, Aspalathus Linearis Leaf Extract, Camellia Sinensis Leaf Extract, Lycium Barbarum Fruit Extract, Punica Granatum Extract, Vitis Vinifera Seed Extract, Leuconostoc, Pinus Cembra Wood Extract, Citrus Aurantium Dulcis Peel Extract, Olea Europaea Fruit Oil, Olea Europaea Oil Unsaponifiables, Cera Alba, Avena Sativa Bran Extract, Coleus Barbatus Root Extract, Leontopodium Alpinum Extract, Peucedanum Ostruthium Leaf Extract, Cetearyl Olivate, Palmitic Acid, Stearic Acid, Sodium Phytate, Sorbitan Olivate, Xanthan Gum, Pentylene Glycol, Phenethyl Alcohol",34,2943,0.67,0.0,https://www.sephora.com/product/zero-baggage-anti-dark-circle-eye-cream-P433975?icid2=products%20grid:p433975,0.67,65.67164179104478
Cooling Water Eye Patches,MILK MAKEUP,eye-treatment-dark-circle-treatment,22.0,"Glycerin, Cetyl Alcohol, Pyrus Malus Fruit Extract, Aluminum Starch Octenylsuccinate, Caprylic, Stearyl Alcohol, Propanediol, Caffeine, Sodium Hyaluronate, Tocopheryl Acetate, Sodium PCA, Hydrogenated Olive Oil, Maltodextrin, Aspalathus Linearis Leaf Extract, Camellia Sinensis Leaf Extract, Lycium Barbarum Fruit Extract, Punica Granatum Extract, Vitis Vinifera Seed Extract, Leuconostoc, Pinus Cembra Wood Extract, Citrus Aurantium Dulcis Peel Extract, Olea Europaea Fruit Oil, Olea Europaea Oil Unsaponifiables, Cera Alba, Avena Sativa Bran Extract, Coleus Barbatus Root Extract, Leontopodium Alpinum Extract, Peucedanum Ostruthium Leaf Extract, Cetearyl Olivate, Palmitic Acid, Stearic Acid, Sodium Phytate, Sorbitan Olivate, Xanthan Gum, Pentylene Glycol, Phenethyl Alcohol",77,12939,0.0,0.0,https://www.sephora.com/product/cooling-water-eye-patches-P440280?icid2=products%20grid:p440280,0.5181621621621623,42.45775088670977
Ferulic + Retinol Eye Cream,Dr. Dennis Gross Skincare,eye-treatment-dark-circle-treatment,69.0,"Isododecane, Cetearyl Alcohol, Dimethicone, Adipic Acid, Lauryl Dimethicone, Butylene Glycol, Ceteareth20, Potassium Cetyl Phosphate, Polymethyl Methacrylate, Sodium Acrylate, Glyceryl Behenate, Glyceryl Stearate SE, Polyglyceryl3 Diisostearate, Collagen Amino Acids, Ferulic Acid, Gallic Acid, Ellagic Acid, Arnica Montana Flower Extract, Centella Asiatica Extract, Retinol, Aminobutyric Acid, Caffeine, Euphrasia Officinalis Extract, Sphingolipids, Phospholipids, Tetrapeptide21, Glycine Soja Oil, Algae Extract, Sodium PCA, Sodium Hyaluronate, Saccharide Isomerate, Salix Alba Bark Extract, Tocopherol, Cucumis Sativus Fruit Extract, Helianthus Annuus Seed Oil, Leuconostoc, Glycolic Acid, Lactic Acid, Glycerin, Acrylates, BisVinyl Dimethicone, Tetrahydropiperine, BHT, Hexylene Glycol, Caprylyl Glycol, Hydrogenated Polyisobutene, Isohexadecane, Benzophenone3, Behenic Acid, Polysorbate 80, Ascorbyl Palmitate, Citric Acid, Cyclodextrin, Sodium Citrate, Tetrasodium EDTA, Phenoxyethanol, Potassium Sorbate, Sodium Benzoate, Mica, Annatto",56,5463,0.5,0.0,https://www.sephora.com/product/ferulic-retinol-eye-cream-P388622?icid2=products%20grid:p388622,0.5,138.0
Retinol Firming Eye Cream,Kate Somerville,eye-treatment-dark-circle-treatment,85.0,"Dimethicone, Propanediol, Glycerin, Polysilicone11, Synthetic Fluorphlogopite, Butylene Glycol, Polymethylsilsesquioxane, Ethyl Linoleate, Lauryl Polyglyceryl3 Polydimethylsiloxyethyl Dimethicone, Retinol, Hydroxypinacolone Retinoate, Bidens Pilosa Extract, Bakuchiol, Hydrolyzed Hyaluronic Acid, Microcitrus Australasica Fruit Extract, Oryza Sativa Bran Extract, Terminalia Chebula Fruit Extract, Glycine Soja Extract, Elaeis Guineensis Oil, Gossypium Herbaceum Seed Oil, Helianthus Annuus Seed Oil, Linum Usitatissimum Seed Oil, Adenosine, Aloe Barbadensis Leaf Juice Powder, Rosmarinus Officinalis Leaf Extract, Tocopherol, Dimethyl Isosorbide, HDI, Polyacrylamide, Phenoxyethanol, Ethylhexyl Hydroxystearate, PEG12 Dimethicone, C1314 Isoparaffin, Caprylyl Glycol, Decyl Glucoside, Acrylates, Hexylene Glycol, Ethylhexylglycerin, Aminomethyl Propanol, Laureth7, Xanthan Gum, Disodium EDTA",111,13217,0.5,0.0,https://www.sephora.com/product/retinol-firming-eye-cream-P411881?icid2=products%20grid:p411881,0.5,170.0
GENIUS Ultimate Anti-Aging Eye Cream,Algenist,eye-treatment-dark-circle-treatment,74.0,"Caprylic, Glycerin, Butyrospermum Parkii Butter, Hydrogenated Polyisobutene, Chlorella Protothecoides Oil, Dimethicone, Glyceryl Stearate, PEG100 Stearate, Cetearyl Alcohol, Cetyl Alcohol, Pentylene Glycol, Silica, Algae Exopolysaccharides, Vegetable Collagen, Algae Extract, Palmitoyl Oligopeptide, Palmitoyl Tetrapeptide7, Copper Lysine Prolinate, Methyl Glucoside Phosphate, Albiza Julibrissin Bark Extract, Kigelia Africana Fruit Extract, Plantago Lanceolata Leaf Extract, Chrysin, Darutoside, Sodium PCA, Leuconostoc, Stearic Acid, Ceteareth20, Caprylyl Glycol, Steareth20, Acrylates, Butylene Glycol, Sodium Benzoate, Potassium Sorbate, Xanthan Gum, Chlorhexidine Digluconate, NHydroxysuccinimide, Chlorphenesin, Sodium Citrate, Disodium EDTA, Citric Acid, Sodium Hydroxide, Phenoxyethanol",99,4957,0.5,0.0,https://www.sephora.com/product/genius-ultimate-anti-aging-eye-cream-P388262?icid2=products%20grid:p388262,0.5,148.0
Instant FIRMx Eye™,Peter Thomas Roth,eye-treatment-dark-circle-treatment,38.0,"Glycerin, Butylene Glycol, Sodium Silicate, Magnesium Aluminum Silicate, Sodium Magnesium Fluorosilicate, Palmitoyl Tetrapeptide7, Dipeptide2, Ascorbic Acid, Tocopheryl Acetate, Hesperidin Methyl Chalcone, Retinyl Palmitate, Panthenol, Foeniculum Vulgare Seed Extract, Medicago Sativa Seed Extract, Carrageenan, Argania Spinosa Kernel Extract, Peg8 Dimethicone, Silica, Octyldodecanol, Symphytum Officinale Leaf Extract, Sodium Propoxyhydroxypropyl Thiosulfate Silica, Bht, Disodium Edta, Hydrolyzed Lupine Protein, Steareth20, Sodium Cocoyl Glutamate, Carbomer, Chlorhexidine Digluconate, Ethylhexylglycerin, Potassium Sorbate, Citric Acid, Sodium Citrate, Sodium Benzoate, Phenoxyethanol",404,6757,1.0,0.0,https://www.sephora.com/product/instant-firmx-eye-P283106?icid2=products%20grid:p283106,1.0,38.0
Elixir Vitae Eye Serum,Tata Harper,eye-treatment-dark-circle-treatment,295.0,Clinicalgrade essential oils blend,1,786,0.5,0.0,https://www.sephora.com/product/elixir-vitae-eye-serum-P449406?icid2=products%20grid:p449406,0.5,590.0
Wide Awake Brightening Eye Cream,Saturday Skin,eye-treatment-dark-circle-treatment,46.0,Clinicalgrade essential oils blend,1000,31902,1.01,0.0,https://www.sephora.com/product/wide-awake-brightening-eye-cream-P423681?icid2=products%20grid:p423681,1.01,45.544554455445535
Advanced Night Repair Concentrated Recovery Eye Mask,Estée Lauder,eye-treatment-dark-circle-treatment,42.0,"Methyl Gluceth20, Peg75, BisPeg18 Methyl Ether Dimethyl Silane, Butylene Glycol, Propanediol, Glycereth26, Cladosiphon Okamuranus Extract, Silybum Marianum Extract, Echinacea Purpurea Extract, Garcinia Mangostana Peel Extract, Anthemis Nobilis Flower Extract, Caffeine, Coffea Arabica Seed Extract, Artemia Extract, Betula Alba Extract, Poria Cocos Sclerotium Extract, Hydrolyzed Rice Extract, Camelina Sativa Seed Oil, Algae Extract, Lactobacillus Ferment, Hydrolyzed Algin, Squalane, C1215 Alkyl Benzoate, Yeast Extract, Caprylyl Glycol, Tocopheryl Acetate, Peg8 Glyceryl Isostearate, Polysorbate 20, Glycine, Carbomer, Sodium Hyaluronate, Dextrin, Xanthan Gum, Sodium Hydroxide, Lecithin, Triethoxycaprylylsilane, Polyhydroxystearic Acid, Trisodium Edta, Phenoxyethanol, Iron Oxides",9,6841,0.0,0.0,https://www.sephora.com/product/advanced-night-repair-concentrated-recovery-eye-mask-P417359?icid2=products%20grid:p417359,0.5181621621621623,81.05570623826412
Plantscription™ Anti-Aging Power Eye Cream,Origins,eye-treatment-dark-circle-treatment,50.0,"Glyceryl Stearate, Butylene Glycol, Myristyl Myristate, Squalane, Jojoba Esters, Cetyl Alcohol, Peg100 Stearate, Anogeissus Leiocarpus Bark Extract, Chrysanthellum Indicum Extract, Ascophyllum Nodosum Extract, Rubus Idaeus Leaf Extract, Rosmarinus Officinalis Leaf Extract, Coffea Arabica Seed Extract, Asparagopsis Armata Extract, Vitis Vinifera Fruit Extract, Scutellaria Baicalensis Root Extract, Morus Nigra Root Extract, Centaurium Erythraea Extract, Bambusa Vulgaris Extract, Pisum Sativum Extract, Sigesbeckia Orientalis Extract, Simmondsia Chinensis Butter, Cholesterol, Sodium Hyaluronate, Trehalose, Micrococcus Lysate, Dimethicone, Cetyl Ricinoleate, Caffeine, Glycerin, Hydrolyzed Algin, Hydrogenated Vegetable Oil, Laminaria Digitata Extract, Lecithin, Sorbitol, Caprylic, Crithmum Maritimum Extract, Peg4 Dilaurate, Acetyl Hexapeptide8, Jojoba Alcohol, Isopropyl Jojobate, Caprylyl Glycol, Steareth20, Cetearyl Alcohol, Polysorbate 60, Glucosamine Hcl, Ethylhexylglycerin, Potassium Hydroxide, Carbomer, Tetrahexyldecyl Ascorbate, Hexylene Glycol, Phenoxyethanol",121,9732,0.5,0.0,https://www.sephora.com/product/plantscription-anti-aging-power-eye-cream-P394702?icid2=products%20grid:p394702,0.5,100.0
Green Tea Seed Intensive Hydrating Eye Cream,innisfree,eye-treatment-dark-circle-treatment,24.0,"Water, Propanediol, Caprylic, Hydrogenated Poly, Butylene Glycol, Camellia Sinensis Seed Oil, Glycerin, Cetyl Ethylhexanoate, Methyl Trimethicone, Phytosteryl, C1422 Alcohols, Glyceryl Stearate, Arachidyl Alcohol, Stearic Acid, Butyrospermum Parkii Butter, Palmitic Acid, 12Hexanediol, Behenyl Alcohol, Ammonium Acryloyldimethyltaurate, Silica, Hydroxypropyl Starch Phosphate, C1220 Alkyl Glucoside, Cetearyl Alcohol, Arachidyl Glucoside, Fragrance, Panthenol, Glyceryl Caprylate, Disodium Edta, Ethylhexylglycerin, Myristic Acid, Camellia Sinensis Leaf Extract, Lauric Acid, Dextrin, Theobroma Cacao Extract, Tocopherol",11,2614,1.01,0.0,https://www.sephora.com/product/green-tea-seed-intensive-hydrating-eye-cream-P449851?icid2=products%20grid:p449851,1.01,23.762376237623762
Premier Cru Anti-Aging Eye Cream,Caudalie,eye-treatment-dark-circle-treatment,99.0,plant origin,126,5684,0.5,0.0,https://www.sephora.com/product/premier-cru-eye-cream-P428105?icid2=products%20grid:p428105,0.5,198.0
Stress Positive Eye Lift Mask ,Dermalogica,eye-treatment-dark-circle-treatment,69.0,Bioactive Diglucosyl Gallic Acid: Brightens skin,24,5149,0.85,0.0,https://www.sephora.com/product/stress-positive-eye-lift-P423143?icid2=products%20grid:p423143,0.85,81.17647058823529
MultiVitamin Power Firm Eye Cream,Dermalogica,eye-treatment-dark-circle-treatment,65.0,"Cyclopentasiloxane, BisDiglyceryl Polyacyladipate2, Dimethicone Crosspolymer, Cetyl Ethylhexanoate, Polylactic Acid, Tocopheryl Acetate, Caprylic, Camellia Sinensis Leaf Extract, Chamomilla Recutita Extract, Spilanthes Acmella Flower Extract, Corallina Officinalis Extract, Carthamus Tinctorius Seed Oil, Vitis Vinifera Seed Oil, Ascorbic Acid, Glycyrrhetinic Acid, Boron Nitride, Retinyl Palmitate, Tocopherol, Hydrogenated Soybean Oil, Benzyl Alcohol, Flavor",30,4516,0.5,0.0,https://www.sephora.com/product/multivitamin-power-firm-P423134?icid2=products%20grid:p423134,0.5,130.0
The Quench Eye Reviving Quadralipid Eye Balm,BeautyBio,eye-treatment-dark-circle-treatment,95.0,"Glycerin, Bis Diglyceryl Polyacyladipate2, Glyceryl Stearate, Jojoba Esters, Cetearyl Alcohol, Caprylic, Neopentyl Glycol Dicaprylate, Dimethicone, Niacinamide, Tridecyl Stearate, Ethyl Macadamiate, Caprylic, Paraffin, PPG12, PEG100 Stearate, Beeswax, Cetyl Alcohol, Pullulan, Squalane, Tridecyl Trimellitate, Cyclopentasiloxane, Albizia Julibrissin Bark Extract, Caprylyl Glycol, Spilanthes Acmella Flower Extract, Sodium Hyaluronate, Polysilicone11, Panax Ginseng Root Extract, Portulaca Oleracea Extract, Centella Asiatica Extract, Dipeptide Diaminobutyroyl Benzylamide Diacetate, Darutoside, Phenoxyethanol, Sodium Polyacrylate, Xanthan Gum, Steareth20, Hexylene Glycol, Disodium EDTA, Steareth10, Sodium Benzoate, Tocopherol, Malic Acid",2,1654,0.5,0.0,https://www.sephora.com/product/the-quench-eye-reviving-quadralipid-eye-balm-P449415?icid2=products%20grid:p449415,0.5,190.0
Eye Fuel,Kiehl's Since 1851,eye-treatment-dark-circle-treatment,24.0,"Glycerin, Bis Diglyceryl Polyacyladipate2, Glyceryl Stearate, Jojoba Esters, Cetearyl Alcohol, Caprylic, Neopentyl Glycol Dicaprylate, Dimethicone, Niacinamide, Tridecyl Stearate, Ethyl Macadamiate, Caprylic, Paraffin, PPG12, PEG100 Stearate, Beeswax, Cetyl Alcohol, Pullulan, Squalane, Tridecyl Trimellitate, Cyclopentasiloxane, Albizia Julibrissin Bark Extract, Caprylyl Glycol, Spilanthes Acmella Flower Extract, Sodium Hyaluronate, Polysilicone11, Panax Ginseng Root Extract, Portulaca Oleracea Extract, Centella Asiatica Extract, Dipeptide Diaminobutyroyl Benzylamide Diacetate, Darutoside, Phenoxyethanol, Sodium Polyacrylate, Xanthan Gum, Steareth20, Hexylene Glycol, Disodium EDTA, Steareth10, Sodium Benzoate, Tocopherol, Malic Acid",21,3687,0.5,0.0,https://www.sephora.com/product/eye-fuel-P436376?icid2=products%20grid:p436376,0.5,48.0
Retinol Fusion PM Eye Cream,Peter Thomas Roth,eye-treatment-dark-circle-treatment,55.0,"Glyceryl Stearate, Caprylic, Cetyl Alcohol, Propylene Glycol Stearate, Cera Alba, Caffeine, Retinol, Butyrospermum Parkii Butter, Persea Gratissima Oil, Ascorbic Acid, Retinyl Palmitate, Tocopheryl Acetate, Sodium Hyaluronate, Sodium PCA, BHT, Superoxide Dismutase, Squalane, Aloe Barbadensis Leaf Juice, Soluble Collagen, Hydrolyzed Elastin, Lecithin, Allantoin, Panthenol, Ceramide NP, Echinacea Purpurea Extract, Algae Extract, C1314 Isoparaffin, Foeniculum Vulgare Seed Extract, Rosa Canina Fruit Oil, Viola Tricolor Extract, Camellia Sinensis Leaf Extract, Dimethicone, Helianthus Annuus Seed Oil, Wheat Amino Acids, Potassium Phosphate, Leuconostoc, Citric Acid, Disodium EDTA, Carbomer, Triethanolamine, Steapyrium Chloride, Polyacrylamide, Polysorbate 20, Oleic Acid, Soy Acid, Laureth7, Ascorbyl Methylsilanol Pectinate, EDTA, Methylpropanediol, Butylene Glycol, Propylene Glycol, Potassium Sorbate, Sodium Benzoate, Pentylene Glycol, Alcohol, Phenoxyethanol",47,5022,0.5,0.0,https://www.sephora.com/product/retinol-fusion-pm-eye-cream-P407151?icid2=products%20grid:p407151,0.5,110.0
Revitalizing Supreme Global Anti-Aging Eye Balm,Estée Lauder,eye-treatment-dark-circle-treatment,67.0,"Glyceryl Stearate, Caprylic, Cetyl Alcohol, Propylene Glycol Stearate, Cera Alba, Caffeine, Retinol, Butyrospermum Parkii Butter, Persea Gratissima Oil, Ascorbic Acid, Retinyl Palmitate, Tocopheryl Acetate, Sodium Hyaluronate, Sodium PCA, BHT, Superoxide Dismutase, Squalane, Aloe Barbadensis Leaf Juice, Soluble Collagen, Hydrolyzed Elastin, Lecithin, Allantoin, Panthenol, Ceramide NP, Echinacea Purpurea Extract, Algae Extract, C1314 Isoparaffin, Foeniculum Vulgare Seed Extract, Rosa Canina Fruit Oil, Viola Tricolor Extract, Camellia Sinensis Leaf Extract, Dimethicone, Helianthus Annuus Seed Oil, Wheat Amino Acids, Potassium Phosphate, Leuconostoc, Citric Acid, Disodium EDTA, Carbomer, Triethanolamine, Steapyrium Chloride, Polyacrylamide, Polysorbate 20, Oleic Acid, Soy Acid, Laureth7, Ascorbyl Methylsilanol Pectinate, EDTA, Methylpropanediol, Butylene Glycol, Propylene Glycol, Potassium Sorbate, Sodium Benzoate, Pentylene Glycol, Alcohol, Phenoxyethanol",9,1008,0.5,0.0,https://www.sephora.com/product/revitalizing-supreme-global-anti-aging-eye-balm-P392951?icid2=products%20grid:p392951,0.5,134.0
SpectraLite EyeCare Pro LED Device,Dr. Dennis Gross Skincare,eye-treatment-dark-circle-treatment,159.0,"Glyceryl Stearate, Caprylic, Cetyl Alcohol, Propylene Glycol Stearate, Cera Alba, Caffeine, Retinol, Butyrospermum Parkii Butter, Persea Gratissima Oil, Ascorbic Acid, Retinyl Palmitate, Tocopheryl Acetate, Sodium Hyaluronate, Sodium PCA, BHT, Superoxide Dismutase, Squalane, Aloe Barbadensis Leaf Juice, Soluble Collagen, Hydrolyzed Elastin, Lecithin, Allantoin, Panthenol, Ceramide NP, Echinacea Purpurea Extract, Algae Extract, C1314 Isoparaffin, Foeniculum Vulgare Seed Extract, Rosa Canina Fruit Oil, Viola Tricolor Extract, Camellia Sinensis Leaf Extract, Dimethicone, Helianthus Annuus Seed Oil, Wheat Amino Acids, Potassium Phosphate, Leuconostoc, Citric Acid, Disodium EDTA, Carbomer, Triethanolamine, Steapyrium Chloride, Polyacrylamide, Polysorbate 20, Oleic Acid, Soy Acid, Laureth7, Ascorbyl Methylsilanol Pectinate, EDTA, Methylpropanediol, Butylene Glycol, Propylene Glycol, Potassium Sorbate, Sodium Benzoate, Pentylene Glycol, Alcohol, Phenoxyethanol",40,6987,0.0,0.0,https://www.sephora.com/product/spectralite-eyecare-pro-led-device-P418301?icid2=products%20grid:p418301,0.5181621621621623,306.85374504485696
Multi-Task Eye Serum Mask,Erno Laszlo,eye-treatment-dark-circle-treatment,38.0,"Glycerin, Butylene Glycol, Niacinamide, Ceratonia Siliqua Gum, Chondrus Crispus Extract, Allantoin, Peg60Hydrogenated Castor Oil, Centella Asiatica Extract, Ethylhexylglycerin, Saccharide Isomerate, Disodium Edta, Dipotassium Glycyrrhizate, 12Hexanediol, Sodium Citrate, Sodium Hyaluronate, Citric Acid, Potassium Hydroxide, Chlorella Vulgaris Extract, Fragrance, Phenoxyethanol",27,6840,,0.0,https://www.sephora.com/product/multi-task-eye-serum-mask-P429931?icid2=products%20grid:p429931,0.5181621621621623,73.33611516795325
Helix AM/PM Eye Gel,Volition Beauty,eye-treatment-dark-circle-treatment,52.0,"Propylene Glycol, Cyclopentasiloxane, Dimethicone Crosspolymer, Snail Secretion Filtrate, Butylene Glycol, Sodium Acrylate, Isohexadecane, Polysorbate 80, Phenoxyethanol, Ethylhexylglycerin, Fragrance, Limonene",266,11418,0.5,0.0,https://www.sephora.com/product/helix-am-pm-eye-gel-P421952?icid2=products%20grid:p421952,0.5,104.0
Even Better Eyes Dark Circle Corrector,CLINIQUE,eye-treatment-dark-circle-treatment,42.0,"Dimethicone, Isostearyl Palmitate, Polyethylene, Polysilicone11, Butylene Glycol, Ethylene, Isononyl Isononanoate, Polymethylsilsesquioxane, Cetyl Peg, Polymethyl Methacrylate, Morus Nigra Root Extract, Camellia Sinensis Leaf Extract, Scutellaria Baicalensis Root Extract, Sigesbeckia Orientalis Extract, Olea Europaea Fruit Extract, Whey Protein\Lactis Protein\Protéine Du PetitLait, Vitis Vinifera Fruit Extract, Triticum Vulgare Bran Extract, Yeast Extract\Faex\Extrait De Levure, Cholesterol, Linoleic Acid, Glycerin, Palmitoyl Oligopeptide, Sucrose, Pyridoxine Dipalmitate, Petrolatum, Glyceryl Polymethacrylate, Dimethicone Crosspolymer3, Caffeine, Tocopheryl Acetate, Glyceryl Laurate, Quaternium90 Bentonite, Peg8, Phytosphingosine, Peg, Dimethicone Silylate, Magnesium Ascorbyl Phosphate, Propylene Carbonate, Triethoxycaprylylsilane, Sodium Chloride, Disodium Edta, Phenoxyethanol, Mica, Titanium Dioxide, Iron Oxides, Iron Oxides, Iron Oxides",373,13618,0.34,0.0,https://www.sephora.com/product/even-better-eyes-dark-circle-corrector-P374841?icid2=products%20grid:p374841,0.34,123.52941176470587
Eye Mask - Lychee - Moisturizing,SEPHORA COLLECTION,eye-treatment-dark-circle-treatment,5.0,"Aqua, Butylene Glycol, Glycerin, Aloe Barbadensis Leaf Juice, 12Hexanediol, Hydroxyacetophenone, Saccharide Isomerate, Xanthan Gum, 3OEthyl Ascorbic Acid, Hydrolyzed Sclerotium Gum, Dipotassium Glycyrrhizate, Glycosyl Trehalose, Parfum, Phosphatidylcholine, Litchi Chinensis Fruit Extract, Phenoxyethanol, Citric Acid, Polysorbate 80, Sodium Citrate, Ascorbyl Palmitate, Potassium Sorbate, Sodium Benzoate, Tocopheryl Acetate",0,0,0.0,0.0,https://www.sephora.com/product/eye-mask-lychee-moisturizing-P445454?icid2=products%20grid:p445454,0.5181621621621623,9.649488837888585
Wing Man Liver Detox and Dark Circle Supplement,HUM Nutrition,eye-treatment-dark-circle-treatment,25.0,"Aqua, Butylene Glycol, Glycerin, Aloe Barbadensis Leaf Juice, 12Hexanediol, Hydroxyacetophenone, Saccharide Isomerate, Xanthan Gum, 3OEthyl Ascorbic Acid, Hydrolyzed Sclerotium Gum, Dipotassium Glycyrrhizate, Glycosyl Trehalose, Parfum, Phosphatidylcholine, Litchi Chinensis Fruit Extract, Phenoxyethanol, Citric Acid, Polysorbate 80, Sodium Citrate, Ascorbyl Palmitate, Potassium Sorbate, Sodium Benzoate, Tocopheryl Acetate",46,10783,0.0,0.0,https://www.sephora.com/product/wing-man-supplements-P386757?icid2=products%20grid:p386757,0.5181621621621623,48.24744418944293
Wild Rose Vitamin C Brightening Eye Cream,KORRES,eye-treatment-dark-circle-treatment,38.0,"Aqua, Butylene Glycol, Glycerin, Aloe Barbadensis Leaf Juice, 12Hexanediol, Hydroxyacetophenone, Saccharide Isomerate, Xanthan Gum, 3OEthyl Ascorbic Acid, Hydrolyzed Sclerotium Gum, Dipotassium Glycyrrhizate, Glycosyl Trehalose, Parfum, Phosphatidylcholine, Litchi Chinensis Fruit Extract, Phenoxyethanol, Citric Acid, Polysorbate 80, Sodium Citrate, Ascorbyl Palmitate, Potassium Sorbate, Sodium Benzoate, Tocopheryl Acetate",11,1304,0.51,0.0,https://www.sephora.com/product/wild-rose-vitamin-c-brightening-eye-cream-P444457?icid2=products%20grid:p444457,0.51,74.50980392156862
Boosted Contouring Retinol Eye Balm,Tata Harper,eye-treatment-dark-circle-treatment,215.0,ClinicalGrade Essential Oils Blend,0,746,0.5,0.0,https://www.sephora.com/product/boosted-contouring-retinol-eye-balm-P449410?icid2=products%20grid:p449410,0.5,430.0
Kinetin+ Hydrating Eye Cream,Obagi Clinical,eye-treatment-dark-circle-treatment,65.0,"Cetyl Alcohol, Silica, PEG20 Methyl Glucose Sesquistearate, Octyldodecyl Myristate, PEG12 Glyceryl Dimyristate, Caprylic, Glycerin, Saccharide Isomerate, Methyl Glucose Sesquistearate, Lactobacillus Ferment, Tetrasodium EDTA, Dimethicone, Kinetin, Zeatin, Ceremide NP, Ceramide AP, Ceramide EOP, Phytosphingosine, Cholesterol, Algae Extract, Phenoxyethanol, Carbomer, Triethanolamine, Sodium Lauroyl Lactylate, Ethoxydiglycol, Tocopheryl Acetate, Polyurethante40, Ethylhexyglycerin, Palmitoyl Tripeptide5, Xanthan Gum, Lechithin, Arabidopsis Thaliana Extract, Hydrochloric Acid",115,3424,0.5,0.0,https://www.sephora.com/product/kinetin-hydrating-eye-cream-P439425?icid2=products%20grid:p439425,0.5,130.0
Essential Fx Acyl-Glutathione Smoothing & Brightening Under-Eye Cream,Perricone MD,eye-treatment-dark-circle-treatment,122.0,"Octyldodecyl Neopentanoate, Cetearyl Alcohol, Sodium Polystyrene Sulfonate, Glycerin, Caprylic, Dimethicone, Behenyl Alcohol, Hydrogenated Vegetable Glycerides, Trifluoromethyl C14 Alkyl Dimethicone, Glyceryl Stearate, PEG100 Stearate, Butyrospermum Parkii Butter, SPalmitoylglutathione, Steareth20, Macadamia Ternifolia Seed Oil, Salvia Hispanica Seed Oil, Xanthan Gum, Linum Usitatissimum Seed Oil, Ethylhexylglycerin, Lactic Acid, Helianthus Annuus Seed Oil, Rosmarinus Officinalis Leaf Extract, Disodium EDTA, Sodium Hydroxide, Butylene Glycol, Fucus Vesiculosus Extract, Cryptomeria Japonica Leaf Extract, Hexylene Glycol, Caprylyl Glycol, Phenoxyethanol, Silica, Titanium Dioxide, Iron Oxides",171,4026,0.5,0.0,https://www.sephora.com/product/essential-fx-acyl-glutathionesmoothing-brightening-under-eye-cream-P433954?icid2=products%20grid:p433954,0.5,244.0
Peat Miracle Revital Eye Cream,belif,eye-treatment-dark-circle-treatment,58.0,"Glycerin, Dipropylene Glycol, Cyclopentasiloxane, Caprylic, Glyceryl Stearate, Neopentyl Glycol Dicaprate, Hydrogenated Polydecene, 12Hexanediol, Cetearyl Alcohol, Butyrospermum Parkii Butter, Polyglyceryl3 Methylglucose Distearate, C1422 Alcohols, Portulaca Oleracea Extract, Biosaccharide Gum1, Panthenol, PEG100 Stearate, Peat Extract, Euphrasia Officinalis Extract, Glycyrrhiza Glabra Root Extract, Achillea Millefolium Flower Extract, Aesculus Hippocastanum Leaf Extract, Rhodiola Rosea Root Extract, Vaccinium Myrtillus Fruit Extract, Equisetum Arvense Leaf Extract, Alchemilla Vulgaris Leaf Extract, Viola Tricolor Extract, Rosa Damascena Flower Extract, Spiraea Ulmaria Flower Extract, Althaea Officinalis Root Extract, Avena Sativa Kernel Extract, Calendula Officinalis Flower Extract, Nepeta Cataria Extract, Rubus Idaeus Leaf Extract, Baptisia Tinctoria Root Extract, Stellaria Media Extract, Aminobutyric Acid, Jojoba Esters, Dimethicone, Sorbitan Stearate, C1220 Alkyl Glucoside, Ammonium Acryloyldimethyltaurate, Acrylates, Tromethamine, Mica, Titanium Dioxide, Iron Oxides, Trisodium EDTA, Fragrance, Citronellol, Limonene, Geraniol, Linalool Napiers Moisture Formula Napiers Original Formula Fragrances Of Natural Origin",140,14136,0.84,0.0,https://www.sephora.com/product/peat-miracle-revital-eye-cream-P413949?icid2=products%20grid:p413949,0.84,69.04761904761905
Vitamin C+ Collagen Brighten & Firm Eye Cream,Dr. Dennis Gross Skincare,eye-treatment-dark-circle-treatment,65.0,"C1215 Alkyl Benzoate, Glycerin, Pentylene Glycol, Caprylic, Niacinamide, Aminobutyric Acid, Glyceryl Stearate, Hydroxyethyl Acrylate, PEG40 Stearate, Silica, Stearyl Alcohol, 3OEthyl Ascorbic Acid, Ascorbic Acid, Collagen Amino Acids, Superoxide Dismutase, Glycine, Hydroxyproline, Carnitine, Ubiquinone, Adenosine, Phyllanthus Emblica Fruit Extract, Hydrolyzed Soy Protein, Ascorbyl Glucoside, Ceramide NG, Dipeptide2, Palmitoyl Tetrapeptide7, Palmitoyl Tripeptide1, Palmitoyl Hexapeptide12, Hesperidin Methyl Chalcone, Ectoin, Chrysin, Glycyrrhiza Glabra Root Extract, Cucumis Sativus Fruit Extract, Tocopherol, Lactic Acid, Biotin, Sea Whip Extract, Porphyridium Cruentum Extract, Echinacea Angustifolia Extract, Arnica Montana Flower Extract, Phytic Acid, Tetrasodium EDTA, Trisodium EDTA, Citric Acid, Sodium Citrate, NHydroxysuccinimide, Lecithin, Tribehenin, Butylene Glycol, Sorbitan Isostearate, Steareth20, Ceteareth20, Hydroxypropyl Methylcellulose, Pullulan, Acrylates, Cetearyl Alcohol, Polysorbate 60, PEG10 Phytosterol, Leuconostoc, Phenoxyethanol, Chlorhexidine Digluconate, Potassium Sorbate, Benzyl Alcohol, Sodium Benzoate, Mica, Titanium Dioxide",56,6962,0.5,0.0,https://www.sephora.com/product/c-collagen-brighten-firm-eye-cream-P418302?icid2=products%20grid:p418302,0.5,130.0
Cold Plasma+ Eye,Perricone MD,eye-treatment-dark-circle-treatment,110.0,"Isopropyl Palmitate, Cetearyl Alcohol, Glyceryl Stearate, PEG100 Stearate, Hydrolyzed Jojoba Esters, Ceteareth20, Olea Europaea Fruit Oil, Tetrahexyldecyl Ascorbate, Benzyl Alcohol, Phosphatidylcholine, Acetyl Tetrapeptide5, Palmitoyl Tripeptide1, Palmitoyl Tetrapeptide7, Echium Plantagineum Seed Oil, Helianthus Annuus Seed Oil, Copper Tripeptide1, Magnesium Aspartate, Zinc Gluconate, Rosmarinus O_cinalis Leaf Extract, Copper Gluconate, NHydroxysuccinimide, Tocopherol, Sodium Hyaluronate, Chrysin, Disodium EDTA, Hydrogenated Vegetable Oil, Glycerin, Dimethicone, Cyclopentasiloxane, Steareth20, Silica, Titanium Dioxide, Iron Oxides",31,2038,0.5,0.0,https://www.sephora.com/product/cold-plasma-eye-P426831?icid2=products%20grid:p426831,0.5,220.0
Eye Mask - Grape - Smoothing,SEPHORA COLLECTION,eye-treatment-dark-circle-treatment,5.0,"Butylene Glycol, Glycerin, Aloe Barbadensis Leaf Juice, 12Hexanediol, Hydroxyacetophenone, Glycosyl Trehalose, Xanthan Gum, Hydrolyzed Sclerotium Gum, Dipotassium Glycyrrhizate, , Phosphatidylcholine, Phenoxyethano, Polysorbate 80, Vitis Vinifera Fruit Extract, Mesembryanthemum Crystallinum Callus Extract, Ascorbyl Palmitate, Citric Acid, Potassium Sorbate, Tocopheryl Acetate, Sodium Benzoate, Astaxanthin",3,0,0.0,0.0,https://www.sephora.com/product/eye-mask-grape-P432073?icid2=products%20grid:p432073,0.5181621621621623,9.649488837888585
Capture Totale C.E.L.L. ENERGY - Firming & Wrinkle-Correcting Eye Cream,Dior,eye-treatment-dark-circle-treatment,105.0,"Butylene Glycol, Glycerin, Aloe Barbadensis Leaf Juice, 12Hexanediol, Hydroxyacetophenone, Glycosyl Trehalose, Xanthan Gum, Hydrolyzed Sclerotium Gum, Dipotassium Glycyrrhizate, , Phosphatidylcholine, Phenoxyethano, Polysorbate 80, Vitis Vinifera Fruit Extract, Mesembryanthemum Crystallinum Callus Extract, Ascorbyl Palmitate, Citric Acid, Potassium Sorbate, Tocopheryl Acetate, Sodium Benzoate, Astaxanthin",0,116,0.5,0.0,https://www.sephora.com/product/dior-capture-totale-cell-energy-firming-wrinkle-correcting-eye-cream-P454807?icid2=products%20grid:p454807,0.5,210.0
Powerful Wrinkle Reducing Eye Cream,Kiehl's Since 1851,eye-treatment-dark-circle-treatment,45.0,"Gycerin, Cyclohexasiloxane, Propylene Glycol, Cetyl Alcohol, Stearyl Alcohol, Squalane, Stearic Acid, Palmitic Acid, PEG100 Stearate, Cera Alba, Glyceryl Stearate, Nylon12, Aluminum Starch Octenylsuccinate, PEG20 Stearate, Phenoxyethanol, Butylene Glycol, Methyl Methacrylate Crosspolymer, Caprylyl Glycol, Panthenol, Tocopheryl Acetate, Chlorphenesin, Caffeine, Sodium Hyaluronate, Calcium PCA, Acrylates Copolymer, Adenosine, Sodium Hydroxide, Hydroxypalmitoyl Sphinganine, Copper PCA, Alteromonas Ferment Extract, Corallina Officinalis Extract",24,4261,0.5,0.0,https://www.sephora.com/product/powerful-wrinkle-reducing-eye-cream-P422266?icid2=products%20grid:p422266,0.5,90.0
High Potency Classics: Firming Eye Lift,Perricone MD,eye-treatment-dark-circle-treatment,72.0,"Cetearyl Alcohol, Polysorbate 60, Squalane, Isopropyl Palmitate, Tetrahexyldecyl Ascorbate, Benzyl Alcohol, Phosphatidylcholine, Dimethyl MEA, Acetyl Tetrapeptide5, Palmitoyl Tetrapeptide7, Dipeptide2, Hesperidin Methyl Chalcone, Undecylenoyl Phenylalanine, Calophyllum Tacamahaca Seed Oil, Sodium Hyaluronate, Copper Gluconate, Magnesium Aspartate, Zinc Gluconate, Emblica Officinalis Fruit Extract, Ethylhexylglycerin, Disodium EDTA, Polyacrylate Crosspolymer6, Butylene Glycol, Glycerin, Steareth20, Caprylyl Glycol, Chlorhexidine Digluconate, Phenoxyethanol, Potassium Sorbate, Sorbic Acid",249,1675,0.5,0.0,https://www.sephora.com/product/high-potency-classics-firming-eye-lift-P434342?icid2=products%20grid:p434342,0.5,144.0
Hydro-Dynamic® Ultimate Moisture For Eyes,Murad,eye-treatment-dark-circle-treatment,70.0,"C1215 Alkyl Benzoate, Cetearyl Alcohol, Glycerin, Dimethicone, Algae Extract, Tocopheryl Acetate, Jojoba Alcohol, Potassium Jojobate, Shea Butter, Inositol, Taurine, Trehalose, Bisabolol, Betaine, Sorbitol, Glycine, Alanine, Proline, Serine, Threonine, Arginine, Lysine, Glutamic Acid, Chitosan Ascorbate, Sodium Hyaluronate, Sodium PCA, Palmitoyl Oligopeptide, Palmitoyl Tetrapeptide7, NHydroxysuccinimide, Chrysin, Butylene Glycol, Glyceryl Stearate, Glyceryl Polymethacrylate, Pentylene Glycol, Polyglyceryl10 Behenate, Cetearyl Glucoside, PEG100 Stearate, PEG8, Sucrose Polysoyate, Disodium EDTA, Ammonium Acryloyldimethyltaurate, Polysorbate 60, Steareth20, Pullulan, Yeast Amino Acids, Urea, Menthyl Lactate, Zinc Gluconate, Phenoxyethanol, Ethylhexylglycerin, Chlorphenesin",86,3350,0.5,0.0,https://www.sephora.com/product/hydro-dynamic-ultimate-moisture-for-eyes-P293206?icid2=products%20grid:p293206,0.5,140.0
Age Reversal Eye Complex,Dermalogica,eye-treatment-dark-circle-treatment,80.0,"Methylheptyl Isostearate, Cyclopentasiloxane, Cetyl Alcohol, Diglycerin, Dimethicone, Pentylene Glycol, Prunus Armeniaca Kernel Oil, Glyceryl Stearate PEG100 Stearate, Isohexadecane, Propanediol, Glycerinm, Niacinamide, Palmitoyl Tetrapeptide7, Sodium Ascorbyl Phosphate, Laminaria Digitata Extract, Retinol, Saccharomyces Lysate Extract, Palmitoyl Tripeptide5, Avena Sativa Kernel Extract, Dunaliella Salina Extract Panthenol, Hydrolyzed Lupine Protein, Dipeptide2, Ascorbyl Palmitate, Sodium Hyaluronate, Medicago Sativa Seed Extract, Saccharomyces Lysate Extract, Hydrolyzed Soy Protein, Glycyrrhiza Glabra Root Extract, Bisabolol, Caffeine, Glucosamine HCL, Aleurites Moluccanus Seed Oil, Fraxinus Excelsior Bark Extract, Tocopherol, Silanetriol, Palmitoyl Tripeptide1, Ceramide 3, Lecithin, Arginine, Tremella Fuciformis Polysaccharide, Camellia Sinensis Leaf Extract, Cucumis Sativus Fruit Extract, Tocopheryl Acetate, Corallina Officinalis Extract, Dimethiconol, Hesperidin Methyl Chalcone, Pantolactone, Ceramide NP, Sodium Lactate, Leuconostoc, Acrylates, Laureth23, Oryza Sativa Bran Extract, Urea, Polyglycerin3, Helianthus Annuus Seed Oil, Cetyl Palmitate, Trideceth6 Phosphate, Butylene Glycol, Carbomer, Potassium Sorbate, Oleth20, Sodium Acrylates Copolymer, Isostearic Acid, Steareth20, Polysorbate 20, Caprylic, Disodium EDTA, Sodium Benzoate, BHA, Potassium Citrate, Citric Acid, BHT, Sodium Hydroxide, Aminomethyl Propanol, Ethylhexylglycerin, Phenoxyethanol",8,1357,0.5,0.0,https://www.sephora.com/product/age-reversal-eye-complex-P423145?icid2=products%20grid:p423145,0.5,160.0
Capture Youth Age-Delay Advanced Eye Treatment,Dior,eye-treatment-dark-circle-treatment,75.0,"Methylheptyl Isostearate, Cyclopentasiloxane, Cetyl Alcohol, Diglycerin, Dimethicone, Pentylene Glycol, Prunus Armeniaca Kernel Oil, Glyceryl Stearate PEG100 Stearate, Isohexadecane, Propanediol, Glycerinm, Niacinamide, Palmitoyl Tetrapeptide7, Sodium Ascorbyl Phosphate, Laminaria Digitata Extract, Retinol, Saccharomyces Lysate Extract, Palmitoyl Tripeptide5, Avena Sativa Kernel Extract, Dunaliella Salina Extract Panthenol, Hydrolyzed Lupine Protein, Dipeptide2, Ascorbyl Palmitate, Sodium Hyaluronate, Medicago Sativa Seed Extract, Saccharomyces Lysate Extract, Hydrolyzed Soy Protein, Glycyrrhiza Glabra Root Extract, Bisabolol, Caffeine, Glucosamine HCL, Aleurites Moluccanus Seed Oil, Fraxinus Excelsior Bark Extract, Tocopherol, Silanetriol, Palmitoyl Tripeptide1, Ceramide 3, Lecithin, Arginine, Tremella Fuciformis Polysaccharide, Camellia Sinensis Leaf Extract, Cucumis Sativus Fruit Extract, Tocopheryl Acetate, Corallina Officinalis Extract, Dimethiconol, Hesperidin Methyl Chalcone, Pantolactone, Ceramide NP, Sodium Lactate, Leuconostoc, Acrylates, Laureth23, Oryza Sativa Bran Extract, Urea, Polyglycerin3, Helianthus Annuus Seed Oil, Cetyl Palmitate, Trideceth6 Phosphate, Butylene Glycol, Carbomer, Potassium Sorbate, Oleth20, Sodium Acrylates Copolymer, Isostearic Acid, Steareth20, Polysorbate 20, Caprylic, Disodium EDTA, Sodium Benzoate, BHA, Potassium Citrate, Citric Acid, BHT, Sodium Hydroxide, Aminomethyl Propanol, Ethylhexylglycerin, Phenoxyethanol",19,1507,0.5,0.0,https://www.sephora.com/product/capture-youth-age-delay-advanced-eye-treatment-P440923?icid2=products%20grid:p440923,0.5,150.0
Hyaluronic Marine Dew It Right Eye Gel,Dr. Dennis Gross Skincare,eye-treatment-dark-circle-treatment,48.0,"Butylene Glycol, Glycerin, Caprylic, Silica, Sodium Hyaluronate, Saccharide Isomerate, Caulerpa Lentillifera Extract, Sea Whip Extract, Smilax Aristolochiifolia Root Extract, Glycyrrhiza Glabra Root Extract, Caffeine, Panthenol, Glucosyl Hesperidin, Asiaticoside, Madecassoside, Disodium Rutinyl Disulfate, Stearyl Heptanoate, Sodium PCA, Lactic Acid, Trehalose, Hydrogenated Lecithin, Citric Acid, Sodium Hydroxide, Acrylates, Glyceryl Polyacrylate, Sodium Citrate, Xanthan Gum, Dimethicone, Sodium Potassium Aluminum Silicate, Carbomer, Phenoxyethanol, Benzyl Alcohol, Tin Oxide, Mica, Titanium Dioxide",111,9597,0.5,0.0,https://www.sephora.com/product/hyaluronic-marine-dew-it-all-eye-gel-P427393?icid2=products%20grid:p427393,0.5,96.0
Keep Young and Beautiful Anti-Aging Eye Cream,REN Clean Skincare,eye-treatment-dark-circle-treatment,44.0,"Butylene Glycol, Glycerin, Caprylic, Silica, Sodium Hyaluronate, Saccharide Isomerate, Caulerpa Lentillifera Extract, Sea Whip Extract, Smilax Aristolochiifolia Root Extract, Glycyrrhiza Glabra Root Extract, Caffeine, Panthenol, Glucosyl Hesperidin, Asiaticoside, Madecassoside, Disodium Rutinyl Disulfate, Stearyl Heptanoate, Sodium PCA, Lactic Acid, Trehalose, Hydrogenated Lecithin, Citric Acid, Sodium Hydroxide, Acrylates, Glyceryl Polyacrylate, Sodium Citrate, Xanthan Gum, Dimethicone, Sodium Potassium Aluminum Silicate, Carbomer, Phenoxyethanol, Benzyl Alcohol, Tin Oxide, Mica, Titanium Dioxide",57,4166,0.5,0.0,https://www.sephora.com/product/keep-young-beautiful-anti-ageing-eye-cream-P377003?icid2=products%20grid:p377003,0.5,88.0
Ultimate Revival Eye Cream,SK-II,eye-treatment-dark-circle-treatment,195.0,"Galactomyces Ferment Filtrate, Glycerin, Niacinamide, Isopropyl Isostearate, Isohexadecane, Butylene Glycol, Caprylic, Pentylene Glycol, Dimethicone, Stearyl Alcohol, Inositol, Petrolatum, Polyacrylamide, Cetyl Alcohol, Vinyl Dimethicone, Behenyl Alcohol, C1314 Isoparaffin, Panthenol, Tocopheryl Acetate, Titanium Dioxide, Benzyl Alcohol, Polymethylsilsesquioxane, Dimethiconol, Methylparaben, Cetearyl Alcohol, Cetearyl Glucoside, Laureth7, PEG100 Stearate, Stearic Acid, Xanthan Gum, Disodium EDTA, Crithmum Maritimum Extract, Propylparaben, Ethylparaben, Palmaria Palmata Extract, Oryza Sativa Bran Extract, Peg7 Glyceryl Cocoate, Sodium Hydroxide, Fragrance, Polyquaternium7, Litchi Chinensis Pericarp Extract, Saccharomyces Cerevisiae Extract, Palmitoyl Dipeptide7, Methylsilanol TriPEG8 Glyceryl Cocoate, Methicone, Hexapeptide3, Ci 77492 Pitera",6,968,0.52,0.0,https://www.sephora.com/product/ultimate-revival-eye-cream-P428102?icid2=products%20grid:p428102,0.52,375.0
Advanced Night Repair Eye Concentrate Matrix,Estée Lauder,eye-treatment-dark-circle-treatment,70.0,"Galactomyces Ferment Filtrate, Glycerin, Niacinamide, Isopropyl Isostearate, Isohexadecane, Butylene Glycol, Caprylic, Pentylene Glycol, Dimethicone, Stearyl Alcohol, Inositol, Petrolatum, Polyacrylamide, Cetyl Alcohol, Vinyl Dimethicone, Behenyl Alcohol, C1314 Isoparaffin, Panthenol, Tocopheryl Acetate, Titanium Dioxide, Benzyl Alcohol, Polymethylsilsesquioxane, Dimethiconol, Methylparaben, Cetearyl Alcohol, Cetearyl Glucoside, Laureth7, PEG100 Stearate, Stearic Acid, Xanthan Gum, Disodium EDTA, Crithmum Maritimum Extract, Propylparaben, Ethylparaben, Palmaria Palmata Extract, Oryza Sativa Bran Extract, Peg7 Glyceryl Cocoate, Sodium Hydroxide, Fragrance, Polyquaternium7, Litchi Chinensis Pericarp Extract, Saccharomyces Cerevisiae Extract, Palmitoyl Dipeptide7, Methylsilanol TriPEG8 Glyceryl Cocoate, Methicone, Hexapeptide3, Ci 77492 Pitera",25,4809,0.5,0.0,https://www.sephora.com/product/advanced-night-repair-eye-concentrate-matrix-P422651?icid2=products%20grid:p422651,0.5,140.0
Bright Eyes Collagen-Infused Brightening Colloidal Silver Eye Masks,BeautyBio,eye-treatment-dark-circle-treatment,40.0,"Glycerin, Colloidal Silver, Propylene Glycol, Betaine, Hamamelis Virginiana Extract, Chondrus Crispus Powder, Mica, Niacinamide, Glucomannan, Xanthan Gum, Aloe Yohjyu Matsu Ekisu, Hydrolyzed Collagen, Phenoxyethanol, Diazolidinyl Urea, Algin, Potassium Chloride, Citric Acid, Potassium Citrate, Sodium Hyaluronate, Pearl Powder, Iodopropynyl Butylcarbamate, Fragrance",29,5680,0.0,0.0,https://www.sephora.com/product/bright-eyes-collagen-infused-brightening-colloidal-silver-eye-masks-P438637?icid2=products%20grid:p438637,0.5181621621621623,77.1959107031087
IRIS™ Illuminating Eye Massager,FOREO,eye-treatment-dark-circle-treatment,139.0,"Glycerin, Colloidal Silver, Propylene Glycol, Betaine, Hamamelis Virginiana Extract, Chondrus Crispus Powder, Mica, Niacinamide, Glucomannan, Xanthan Gum, Aloe Yohjyu Matsu Ekisu, Hydrolyzed Collagen, Phenoxyethanol, Diazolidinyl Urea, Algin, Potassium Chloride, Citric Acid, Potassium Citrate, Sodium Hyaluronate, Pearl Powder, Iodopropynyl Butylcarbamate, Fragrance",50,6507,0.0,0.0,https://www.sephora.com/product/iris-illuminating-eye-massager-P405827?icid2=products%20grid:p405827,0.5181621621621623,268.2557896933027
Illuminating Dark Circle Eye Cream,Tata Harper,eye-treatment-dark-circle-treatment,115.0,"Glycerin, Colloidal Silver, Propylene Glycol, Betaine, Hamamelis Virginiana Extract, Chondrus Crispus Powder, Mica, Niacinamide, Glucomannan, Xanthan Gum, Aloe Yohjyu Matsu Ekisu, Hydrolyzed Collagen, Phenoxyethanol, Diazolidinyl Urea, Algin, Potassium Chloride, Citric Acid, Potassium Citrate, Sodium Hyaluronate, Pearl Powder, Iodopropynyl Butylcarbamate, Fragrance",42,2731,0.5,0.0,https://www.sephora.com/product/illuminating-eye-creme-P410728?icid2=products%20grid:p410728,0.5,230.0
De-Puffing Under Eye Jade Roller,INC.redible,eye-treatment-dark-circle-treatment,15.0,"Aqua, Glycerin, Butylene Glycol, Glycereth26, Cocos Nucifera Oil, Ethylhexyl Palmitate, Dimethicone, Magnesium Aluminum Silicate, Xanthan Gum, Microcrystalline Cellulose, Cyclopentasiloxane, PEG, Tremella Fuciformis Polysaccharide, Methylparaben, Yeast BetaGlucan, Propanediol, 12Hexanediol, Phenoxyethanol, Caprylyl Glycol, Chlorella Vulgaris Extract, Ethylhexylglycerin, Lespedeza Capitata Leaf, Parfum, Limonene, Hexyl Cinnamal, Linalool, Geraniol, Benzyl Benzoate, Butylphenyl Methylpropional, Citronellol, Citral, Mica, CI 77891, CI 15985, CI 14700, CI 42090",0,1898,0.0,0.0,https://www.sephora.com/product/incredible-de-puffing-under-eye-jade-roller-P455636?icid2=products%20grid:p455636,0.5181621621621623,28.94846651366576
Hyaluronic Eye Cream,Mario Badescu,eye-treatment-dark-circle-treatment,18.0,"Glycerin, Paraffinum Liquidum, Cetearyl Alcohol, Olus, Aloe Barbadensis Leaf Extract, Carthamus Tinctorius Seed Oil, Petrolatum, Ceteareth20, Tocopherol, Hyaluronic Acid, Euphrasia Officinalis Extract, Tocopheryl Acetate, Sodium Hyaluronate, Propylene Glycol, Glyceryl Acrylate, PVM, Polyquaternium24, Sodium Chloride, Diazolidinyl Urea, Propylparaben, Methylparaben, CI 19140, CI 15985",52,7994,0.5,0.0,https://www.sephora.com/product/mario-badescu-hyaluronic-eye-cream-P440502?icid2=products%20grid:p440502,0.5,36.0
Orchidee Imperiale The Eye and Lip Contour Cream,Guerlain,eye-treatment-dark-circle-treatment,200.0,"Glycerin, Paraffinum Liquidum, Cetearyl Alcohol, Olus, Aloe Barbadensis Leaf Extract, Carthamus Tinctorius Seed Oil, Petrolatum, Ceteareth20, Tocopherol, Hyaluronic Acid, Euphrasia Officinalis Extract, Tocopheryl Acetate, Sodium Hyaluronate, Propylene Glycol, Glyceryl Acrylate, PVM, Polyquaternium24, Sodium Chloride, Diazolidinyl Urea, Propylparaben, Methylparaben, CI 19140, CI 15985",7,991,0.5,0.0,https://www.sephora.com/product/orchidee-imperiale-eye-lip-contour-cream-P428613?icid2=products%20grid:p428613,0.5,400.0
No Makeup Concealer Broad Spectrum SPF 20,Perricone MD,eye-treatment-dark-circle-treatment,35.0,"Glycerin, Paraffinum Liquidum, Cetearyl Alcohol, Olus, Aloe Barbadensis Leaf Extract, Carthamus Tinctorius Seed Oil, Petrolatum, Ceteareth20, Tocopherol, Hyaluronic Acid, Euphrasia Officinalis Extract, Tocopheryl Acetate, Sodium Hyaluronate, Propylene Glycol, Glyceryl Acrylate, PVM, Polyquaternium24, Sodium Chloride, Diazolidinyl Urea, Propylparaben, Methylparaben, CI 19140, CI 15985",180,7729,0.3,0.0,https://www.sephora.com/product/no-concealer-concealer-spf-35-P311147?icid2=products%20grid:p311147,0.3,116.66666666666669
Hello FAB Kona Eye Stick,First Aid Beauty,eye-treatment-dark-circle-treatment,24.0,"Butylene Glycol, Sodium Stearate, Glycerin, Coffea Arabica Seed Extract, Acetyl Tetrapeptide5, Sodium Hyaluronate, Cucumis Sativus Fruit Extract, Glycyrrhiza Glabra Root Extract, Camellia Sinensis Leaf Extract, Chrysanthemum Parthenium Extract, Aloe Barbadensis Leaf Juice, Ethylhexylglycerin, Mica, Boron Nitride, Sodium Sulfite, Xanthan Gum, Disodium EDTA, Propanediol, Citric Acid, Sodium Benzoate, Potassium Sorbate, Phenoxyethanol, CI 77891",117,5199,0.13,0.0,https://www.sephora.com/product/hello-fab-kona-eye-stick-P434552?icid2=products%20grid:p434552,0.13,184.61538461538458
24/7 Retinol Eye Cream,Dr. Brandt Skincare,eye-treatment-dark-circle-treatment,55.0,"Butylene Glycol, Sodium Stearate, Glycerin, Coffea Arabica Seed Extract, Acetyl Tetrapeptide5, Sodium Hyaluronate, Cucumis Sativus Fruit Extract, Glycyrrhiza Glabra Root Extract, Camellia Sinensis Leaf Extract, Chrysanthemum Parthenium Extract, Aloe Barbadensis Leaf Juice, Ethylhexylglycerin, Mica, Boron Nitride, Sodium Sulfite, Xanthan Gum, Disodium EDTA, Propanediol, Citric Acid, Sodium Benzoate, Potassium Sorbate, Phenoxyethanol, CI 77891",53,6799,0.5,0.0,https://www.sephora.com/product/24-7-retinol-eye-cream-P417625?icid2=products%20grid:p417625,0.5,110.0
Youth Dose Eye Treatment,Kiehl's Since 1851,eye-treatment-dark-circle-treatment,40.0,"Dimethicone, Glycerin, Dimethicone, Vinly Dimethicone, Hydroxypropyl Tetrahydropyrantriol, Isononyl Isononanoate, Propylene Glycol, Ascorbyl Glucoside, Octyldoecanol, Lauryl PEG9 Polydimethylsiloxyethyl Dimethicone, Methyl Methacrylate Crosspolymer, Boron Nitride, CI 77891, Mica, Phenoxyethanol, PEG, Silica Silylate, Hydrolyzed Soy protein, CI 77163, Sodium Hyaluronate, Chlorphenesin, Magnesium Sulfate, Sodium Hydroxide, Caffine, Retinyl Palmitate, Vitis Vinifer Seed Extract, Capryloyl Salicyclic Acid, Pentaerythrityl TetraDiTButyl Hydroxyhydrocinnamate, Tetrasodium EDTA, CI 77491, Adenosine, Pentylene Glycol, Tocopherol",58,4377,0.5,0.0,https://www.sephora.com/product/youth-dose-eye-treatment-P435211?icid2=products%20grid:p435211,0.5,80.0
Multi-Active Eye,Clarins,eye-treatment-dark-circle-treatment,47.0,"Dimethicone, Butylene Glycol, Betaine, Ppg5Ceteth20, Dimethicone, Propanediol, Ammonium Acryloyldimethyltaurate, Cellulose, Glycerin, Caffeine, Dipsacus Sylvestris Extract, HydroxyEthyl Acrylate, Phenoxyethanol, Ci 77891, Synthetic Fluorphlogopite, Ethylhexylglycerin, Tocopheryl Acetate, Disodium Edta, Avena Sativa Kernel Extract, Escin, Parfum, Diospyros Mespiliformis Leaf Extract, Maltodextrin, Tromethamine, Sanicula Europaea Extract, Myrothamnus Flabellifolia Leaf, Sodium Benzoate, Citric Acid, Lapsana Communis Flower, Furcellaria Lumbricalis Extract, Sodium Citrate, Potassium Sorbate, Ascorbic Acid, Glycolic Acid, Lactic Acid, Sea Salt, Polyvinyl Alcohol, Copper Palmitoyl Heptapeptide1, Heptapeptide15 Palmitate, ",19,2248,0.5,0.0,https://www.sephora.com/product/multi-active-eye-P415748?icid2=products%20grid:p415748,0.5,94.0
Clinique Smart™ Custom-Repair Eye Treatment,CLINIQUE,eye-treatment-dark-circle-treatment,50.5,"Dimethicone, Butylene Glycol, Betaine, Ppg5Ceteth20, Dimethicone, Propanediol, Ammonium Acryloyldimethyltaurate, Cellulose, Glycerin, Caffeine, Dipsacus Sylvestris Extract, HydroxyEthyl Acrylate, Phenoxyethanol, Ci 77891, Synthetic Fluorphlogopite, Ethylhexylglycerin, Tocopheryl Acetate, Disodium Edta, Avena Sativa Kernel Extract, Escin, Parfum, Diospyros Mespiliformis Leaf Extract, Maltodextrin, Tromethamine, Sanicula Europaea Extract, Myrothamnus Flabellifolia Leaf, Sodium Benzoate, Citric Acid, Lapsana Communis Flower, Furcellaria Lumbricalis Extract, Sodium Citrate, Potassium Sorbate, Ascorbic Acid, Glycolic Acid, Lactic Acid, Sea Salt, Polyvinyl Alcohol, Copper Palmitoyl Heptapeptide1, Heptapeptide15 Palmitate, ",35,2391,0.5,0.0,https://www.sephora.com/product/clinique-smart-custom-repair-eye-treatment-P398615?icid2=products%20grid:p398615,0.5,101.0
Purity Made Simple Hydra-Bounce Eye Gel,philosophy,eye-treatment-dark-circle-treatment,24.0,"Glycerin, Caprylic, Butylene Glycol, Peg240, Limnanthes Alba Seed Oil, Polyglyceryl2 Diisostearate, Polysorbate 20, Butyrospermum Parkii Butter Extract, Phenoxyethanol, Olea Europaea Fruit Oil, Tocopheryl Acetate, Bisabolol, Cetearyl Olivate, Cyclopentasiloxane, Sorbitan Olivate, Caffeine, Panthenol, Propylene Glycol, Creatine, Dimethiconol, Salvia Hispanica Seed Oil, Acrylates, Peg8, Lecithin, Cyclohexasiloxane, Hydrogenated Lecithin, Ascorbyl Glucoside, Bht, Disodium Edta, Ginkgo Biloba Leaf Extract, Sodium Hydroxide, Tocopherol, Aesculus Hippocastanum Seed Extract, Glucose, Lactic Acid, Chlorphenesin, Alcohol Denat, Ascorbyl Palmitate, Pantolactone, Potassium Sorbate, Camellia Sinensis Leaf Extract, Coffea Arabica Seed Extract, Pongamia Pinnata Seed Extract, Sorbic Acid, Citric Acid, Ascorbic Acid, Sodium Benzoate, Angelica Archangelica Root Extract, Citrus Aurantium Amara Peel Extract, Maltodextrin, Polyglyceryl3 Diisostearate, Magnesium Aluminum Silicate, Xanthan Gum, Farnesol, Caprylyl Glycol, Sclerotium Gum, Fd&amp, C Yellow No 5",65,3864,0.0,0.5,https://www.sephora.com/product/purity-made-simple-hydra-bounce-eye-gel-P433606?icid2=products%20grid:p433606,0.5,48.0
Skin to Die For™ Darkness-Reducing Under-Eye Treatment Primer,Peter Thomas Roth,eye-treatment-dark-circle-treatment,32.0,"Dimethicone, Isododecane, Stearoxymethicone, Isononyl Isononanoate, Polymethylsilsesquioxane, Silica, Polysilicone11, Methyl Methacrylate Crosspolymer, Mica, Palmitoyl Tetrapeptide7, Palmitoyl Oligopeptide, Hydrolyzed Collagen, Biotin, Chrysin, Arnica Montana Flower Extract, Coffea Arabica Seed Extract, Caffeine, Tocopherol, Caesalpinia Spinosa Fruit Extract, Kappaphycus Alvarezii Extract, Diamond Powder, Glycine Soja Oil, Phospholipids, Phytonadione, Lecithin, Chlorhexidine Digluconate, NHydroxysuccinimide, Glycerin, Laureth12, Dimethiconol, Methicone, Trisiloxane, Steareth20, Calcium Silicate, Alumina, Leuconostoc, Sodium Citrate, Citric Acid, Potassium Sorbate, Sodium Benzoate, Ethylhexylglycerin, Phenoxyethanol, Titanium Dioxide, Iron Oxides, Iron Oxides",18,4022,0.5,0.0,https://www.sephora.com/product/skin-to-die-for-darkness-reducing-under-eye-treatment-primer-P446115?icid2=products%20grid:p446115,0.5,64.0
Ultimune Eye Power Infusing Eye Concentrate,Shiseido,eye-treatment-dark-circle-treatment,70.0,"Water, Dimethicone, Glycerin, Dipropylene Glycol Alcohol Denat, Sorbitol, Peg10 Dimethicone, Dimethicone, Methyl Gluceth10, Sodium Chloride, Nylon12, Peg, Hydrogenated Polyisobutene, Phenoxyethanol, Cetyl Ethylhexanoate, Erythritol, Saccharide Isomerate, Cellulose Gum, Butylene Glycol, Peg, Tocopheryl Acetate, Rosa Damascena Flower Fragrance, Tocopherol, Trisodium Edta, Citric Acid, Sodium Citrate, Ppg3 Dipivalate, Phytosteryl Macadamiate, Linalool, Sodium Metabisulfite, Geraniol, Ginkgo Biloba Leaf Extract, Citronellol, Origanum Majorana Leaf Extract, Nelumbo Nucifera Germ Extract, Alcohol, Sodium Carboxymethyl BetaGlucan, Thymus Serpyllum Extract, Perilla Ocymoides Leaf Extract, Iris Florentina Root Extract, Ganoderma Lucidum Stem Extract",4,1007,0.54,0.0,https://www.sephora.com/product/ultimune-eye-power-infusing-eye-concentrate-P448204?icid2=products%20grid:p448204,0.54,129.62962962962962
Visionnaire Eye Cream Advanced Multi-Correcting Eye Balm,Lancôme,eye-treatment-dark-circle-treatment,65.0,"Dimethicone, Glycerin, Isononyl Isononanoate, Dimethicone Crosspolymer, Vinyl Dimethicone, Butylene Glycol, Alcohol Denat, Boron Nitride, Lauryl Peg9 Polydimethylsiloxyethyl Dimethicone, Methyl Methacrylate Crosspolymer, Ci 77891, Mica, Ascorbyl Glucoside, Tocopherol, Hydrolyzed Soy Protein, Sodium Hydroxide, Phenoxyethanol, Steareth20, Caffeine, Peg, Magnesium Sulfate, NHydroxysuccinimide, Silica Silylate, Chlorhexidine Digluconate, Palmitoyl Oligopeptide, Palmitoyl Tetrapeptide7, Pentylene Glycol, Synthetic Fluorphlogopite, Caprylyl Glycol, Capryloyl Salicylic Acid, Farnesol, Chrysin, Bisabolol, Disodium Stearoyl Glutamate, Methyldihydrojasmonate, Tetrasodium Edta, Retinyl Palmitate, Potassium Sorbate, Bht, Aluminum Hydroxide",394,4939,0.5,0.0,https://www.sephora.com/product/visionnaire-eye-cream-advanced-multi-correcting-eye-balm-P414796?icid2=products%20grid:p414796,0.5,130.0
EYEBOOST™ Reviving Eye Mask,GLAMGLOW,eye-treatment-dark-circle-treatment,8.0,"VMethyl Gluceth20, Peg75, Butylene Glycol, BisPeg18 Methyl Ether Dimethyl Silane, Propanediol, Sodium Hyaluronate, Tocopheryl Acetate, Caffeine, Poria Cocos Sclerotium Extract, Echinacea Purpurea Extract, Camelina Sativa Seed Oil, Silybum Marianum Extract, Anthemis Nobilis Flower Extract, Cladosiphon Okamuranus Extract, Hydrolyzed Rice Extract, Betula Alba Extract, Coffea Arabica Seed Oil, Algae Extract, Artemia Extract, Hydrolyzed Algin, Lactobacillus Ferment, Squalane, Glycine, Lecithin, Glycereth26, Sodium Hydroxide, Carbomer, Xanthan Gum, Dextrin, Caprylyl Glycol, Peg8 Glyceryl Isostearate, Polysorbate 20, Tetrasodium Edta, Disodium Edta, Phenoxyethanol",22,5266,0.0,0.0,https://www.sephora.com/product/eyeboost-reviving-eye-mask-P443807?icid2=products%20grid:p443807,0.5181621621621623,15.439182140621734
Green Tea Seed Intensive Hydrating Roll-On Eye Serum,innisfree,eye-treatment-dark-circle-treatment,20.0,"Water, Butylene Glycol, Propanediol, Glycerin, Dimethicone, Methyl Trimethicone, Cyclopentasiloxane, Polyglyceryl3 Methylglucose Distearate, 12Hexanediol, Dimethiconol, Cetearyl Alcohol, Ammonium Acryloyldimethyltaurate, Fragrance, Glyceryl Stearate, Acrylates, Panthenol, Glyceryl Caprylate, Tromethamine, Stearic Acid, Hydrogenated Lecithin, Ethylhexylglycerin, Disodium Edta, Camellia Sinensis Leaf Extract, Camellia Sinensis Seed Oil",18,2433,0.33,0.0,https://www.sephora.com/product/green-tea-seed-intensive-hydrating-roll-on-eye-serum-P449852?icid2=products%20grid:p449852,0.33,60.6060606060606
Wrinkle Warrior® Eye Gel Visible Dark Circle Eraser,Kate Somerville,eye-treatment-dark-circle-treatment,60.0,"Propanediol, CocoCaprylate, Butylene Glycol, Sodium Acrylates Copolymer, Glycerin, Saccharomyces Cerevisiae Extract, Medicago Sativa Seed Extract, Hydrolyzed Lupine Protein, Plankton Extract, Hydrolyzed Hyaluronic Acid, Sodium Hyaluronate, Methylglucoside Phosphate, Copper Lysinate, Disodium Acetyl Glucosamine Phosphate, Chondrus Crispus Extract, Adenosine, 12Hexanediol, Sodium Polyacrylate Starch, Lecithin, PEG12 Dimethicone, Caprylhydroxamic Acid, Disodium EDTA, Phenoxyethanol, Ethylhexylglycerin, Sodium Benzate, Gluconolacctone",73,3563,0.3,0.0,https://www.sephora.com/product/wrinkle-warrior-eye-visible-dark-circle-eraser-P421271?icid2=products%20grid:p421271,0.3,200.0
No Puffery™ Cooling Roll-On For Puffy Eyes,Origins,eye-treatment-dark-circle-treatment,29.0,"Cocos Sclerotium Extract, Caffeine, Yeast Extract\Faex\Extrait De Levure, Cucumis Sativus Fruit Extract, Phytosphingosine, Anthemis Nobilis Oil, Cucumis Sativus Oil, Ferula Galbaniflua Resin Oil, Citrus Medica Limonum Peel Oil, Citrus Aurantium Dulcis Peel Oil, Canarium Luzonicum Leaf Extract, Rosa Damascena Extract, Geraniol, Citronellol, Limonene, Caprylyl Glycol, Sodium Dehydroacetate, Hexylene Glycol, Sodium Hyaluronate, Citric Acid, Disodium Edta, Phenoxyethanol Essential Oil",118,11471,0.5,0.0,https://www.sephora.com/product/no-puffery-cooling-roll-on-for-puffy-eyes-P379850?icid2=products%20grid:p379850,0.5,58.0
Age Arrest Eye Cream,Kate Somerville,eye-treatment-dark-circle-treatment,75.0,"Cocos Sclerotium Extract, Caffeine, Yeast Extract\Faex\Extrait De Levure, Cucumis Sativus Fruit Extract, Phytosphingosine, Anthemis Nobilis Oil, Cucumis Sativus Oil, Ferula Galbaniflua Resin Oil, Citrus Medica Limonum Peel Oil, Citrus Aurantium Dulcis Peel Oil, Canarium Luzonicum Leaf Extract, Rosa Damascena Extract, Geraniol, Citronellol, Limonene, Caprylyl Glycol, Sodium Dehydroacetate, Hexylene Glycol, Sodium Hyaluronate, Citric Acid, Disodium Edta, Phenoxyethanol Essential Oil",43,2772,0.5,0.0,https://www.sephora.com/product/age-arrest-eye-cream-P383308?icid2=products%20grid:p383308,0.5,150.0
Sonic Awakening Eye Massager,Clarisonic Skincare,eye-treatment-dark-circle-treatment,59.0,"Cocos Sclerotium Extract, Caffeine, Yeast Extract\Faex\Extrait De Levure, Cucumis Sativus Fruit Extract, Phytosphingosine, Anthemis Nobilis Oil, Cucumis Sativus Oil, Ferula Galbaniflua Resin Oil, Citrus Medica Limonum Peel Oil, Citrus Aurantium Dulcis Peel Oil, Canarium Luzonicum Leaf Extract, Rosa Damascena Extract, Geraniol, Citronellol, Limonene, Caprylyl Glycol, Sodium Dehydroacetate, Hexylene Glycol, Sodium Hyaluronate, Citric Acid, Disodium Edta, Phenoxyethanol Essential Oil",9,4122,0.0,0.0,https://www.sephora.com/product/sonic-awakening-eye-massager-P435206?icid2=products%20grid:p435206,0.5181621621621623,113.8639682870853
Ultimate Miracle Worker Eye Cream,philosophy,eye-treatment-dark-circle-treatment,70.0,"Glycerin, Dicaprylyl Carbonate, Isononyl Isononanoate, Methyl Methacrylate Crosspolymer, Dimethicone, Cyclopentasiloxane, Tribehenin Peg20 Esters, Cetyl Alcohol, Isostearyl Isostearate, Trisiloxane, Glyceryl Stearate, Peg100 Stearate, Cetyl Stearate, Stearic Acid, Bifida Ferment Lysate, Potassium Cetyl Phosphate, Phenoxyethanol, Dimethicone Crosspolymer, Caffeine, Chlorphenesin, Propylene Glycol, Carbomer, Hydroxyethyl Acrylate, Glycine Soja Oil, Sodium Hydroxide, Squalane, Hippophae Rhamnoides Oil, Iris Pallida Root Extract, Ruby Powder, Disodium Edta, Alcohol, Algae Extract, Mica, Lecithin, Ascorbyl Glucoside, Adenosine, Cellulose Gum, Ginkgo Biloba Leaf Extract, Retinol, Peg8, Polysorbate 20, Polysorbate 60, Calcium Sodium Phosphosilicate, Bht, Acrylates, Chitosan, Ethylhexylglycerin, Glycolic Acid, Sorbitan Oleate, Tocopherol, Aesculus Hippocastanum Seed Extract, Glucose, Lactic Acid, Behentrimonium Chloride, Glycyrrhiza Uralensis Root Extract, Sodium Benzoate, Ascorbyl Palmitate, Potassium Phosphate, Potassium Sorbate, Camellia Sinensis Leaf Extract, Coffea Arabica Seed Extract, Pongamia Pinnata Seed Extract, Isopropyl Alcohol, Acetic Acid, Angelica Archangelica Root Extract, Citrus Aurantium Amara Peel Extract, Maltodextrin, Citric Acid, Magnesium Aluminum Silicate, Xanthan Gum, Ascorbic Acid, Glycyrrhiza Glabra Rhizome, Glycyrrhiza Glabra Root Extract, Caprylyl Glycol, Sclerotium Gum, Bha, Sorbic Acid, Titanium Dioxide",38,2721,0.5,0.0,https://www.sephora.com/product/ultimate-miracle-worker-eye-cream-P398832?icid2=products%20grid:p398832,0.5,140.0
Down Under Collagen Boosting Eye Treatment,Dr Roebuck's,eye-treatment-dark-circle-treatment,38.0,"Macadamia Ternifolia Seed Oil, Cetearyl Alcohol, CocoCaprylate, Butyrospermum Parkii Butter, Cetearyl Glucoside, Cetearyl Olivate, Glyceryl Stearate SE, Glycerin, Sorbitan Olivate, Cocos Nucifera Oil, Dehydroacetic Acid, Benzyl Alcohol, Caffeine, Sodium Salicylate, Lecithin, Silica, Rosa Canina Fruit Oil, Sodium PCA, Arnica Montana Flower Extract, Tocopherol, Caprylyl Glycol, Xanthan Gum",98,7607,0.5,0.0,https://www.sephora.com/product/down-under-collagen-boosting-eye-treatment-P430833?icid2=products%20grid:p430833,0.5,76.0
Crème Ancienne Supreme Eye Serum,Fresh,eye-treatment-dark-circle-treatment,168.0,"Glycerin, Butylene Glycol, Cetearyl Isononanoate, Ethylene, Propanediol, Limnanthes Alba Seed Oil, Albizia Julibrissin Bark Extract, Helianthus Annuus Seed Oil, Alpinia Galanga Leaf Extract, Commiphora Mukul Resin Extract, Zingiber Officinale Root Extract, Panax Ginseng Root Extract, Siegesbeckia Orientalis Extract, Tocopherol, Adenosine, Diglycerin, Polyacrylate13, Hydrogenated Palm Kernel Glycerides, Caprylic, Chlorphenesin, Acrylates, Polyisobutene, Poloxamer 407, Xanthan Gum, Sodium Hydroxide, Parfum, Disodium EDTA, Sorbitan Isostearate, Hydrogenated Palm Glycerides, Glyceryl Acrylate, Polysorbate 20, Biosaccharide Gum2, Caramel, Sodium Metabisulfite, Sodium Benzoate, Phenoxyethanol, Benzyl Salicylate",8,1986,0.5,0.0,https://www.sephora.com/product/creme-ancienne-supreme-eye-serum-P424956?icid2=products%20grid:p424956,0.5,336.0
Passport to Me Time Eye Mask,SEPHORA COLLECTION,eye-treatment-dark-circle-treatment,9.0,"Glycerin, Butylene Glycol, Cetearyl Isononanoate, Ethylene, Propanediol, Limnanthes Alba Seed Oil, Albizia Julibrissin Bark Extract, Helianthus Annuus Seed Oil, Alpinia Galanga Leaf Extract, Commiphora Mukul Resin Extract, Zingiber Officinale Root Extract, Panax Ginseng Root Extract, Siegesbeckia Orientalis Extract, Tocopherol, Adenosine, Diglycerin, Polyacrylate13, Hydrogenated Palm Kernel Glycerides, Caprylic, Chlorphenesin, Acrylates, Polyisobutene, Poloxamer 407, Xanthan Gum, Sodium Hydroxide, Parfum, Disodium EDTA, Sorbitan Isostearate, Hydrogenated Palm Glycerides, Glyceryl Acrylate, Polysorbate 20, Biosaccharide Gum2, Caramel, Sodium Metabisulfite, Sodium Benzoate, Phenoxyethanol, Benzyl Salicylate",6,1870,0.0,0.0,https://www.sephora.com/product/passport-to-me-time-eye-mask-P447730?icid2=products%20grid:p447730,0.5181621621621623,17.369079908199453
Essential Refining Eye Cream,Sulwhasoo,eye-treatment-dark-circle-treatment,114.0,Yai Jiu Hua: Smooths skin,1,283,0.84,0.0,https://www.sephora.com/product/essential-refining-eye-cream-P448930?icid2=products%20grid:p448930,0.84,135.71428571428572
Gold Rush Eye Balm,Edible Beauty,eye-treatment-dark-circle-treatment,65.0,"Cocos Nucifera Oil, Cetearyl Olivate, Passiflora Incarnata Flower Extract, Verbena Officinalis Extract, Sorbiton Olivate, Coffea Arabica Extract, Tilia Cordata Flower Extract, Glycerin, Vaccinium Corymbosum Oil, Centella Asiatica Extract, Equisetum Arvense Horsetail Extract, Sodium Levulinate, Sodium Anisate, Cucumis Sativus Extract, Sclerotium Gum, Gold Leaf, Glyceryl Caprylate",69,6395,0.3,0.0,https://www.sephora.com/product/and-gold-rush-eye-balm-P428645?icid2=products%20grid:p428645,0.3,216.66666666666669
Ultimate Miracle Worker Fix Eye Power-Treatment,philosophy,eye-treatment-dark-circle-treatment,68.0,"Isononyl Isononanoate, Glycerin, Caprylic, Dimethyl Isosorbide, Pentylene Glycol, Tribehenin Peg20 Esters, Ascorbyl Glucoside, Polyglyceryl2 Diisostearate, Cyclopentasiloxane, Cyclohexasiloxane, Ammonium Acryloyldimethyltaurate, Phenoxyethanol, Sodium Polyacrylate, Butylene Glycol, Sodium Hyaluronate, Acrylates Crosspolymer, Glycine Soja Oil, Sodium Hydroxide, Cetyl Alcohol, Glyceryl Stearate, Xanthan Gum, Peg75 Stearate, Disodium Edta, Alcohol, Lecithin, Polysorbate 20, Adenosine, Ceteth20, Steareth20, Retinol, Carbomer, Bht, Acrylates, Cellulose Gum, Chitosan, Ethylhexylglycerin, Glycolic Acid, Sorbitan Oleate, Hydrolyzed Soybean Extract, Behentrimonium Chloride, Sodium Benzoate, Potassium Phosphate, Isopropyl Alcohol, Palmitoyl Tripeptide1, Bha, Palmitoyl Tetrapeptide7, Tocopherol",21,1920,0.5,0.0,https://www.sephora.com/product/ultimate-miracle-worker-fix-eye-power-treatment-P428412?icid2=products%20grid:p428412,0.5,136.0
Bio Performance Glow Revival Eye Treatment,Shiseido,eye-treatment-dark-circle-treatment,70.0,"Glycerin, Dipropylene Glycol, Dimethicone, Butylene Glycol, Sd Alcohol 40B, Methyl Gluceth10, Myristyl Myristate, Petrolatum, Hydrogenated Polydecene, Behenyl Alcohol, Stearyl Alcohol, Glyceryl Stearate Se, Cetyl Ethylhexanoate, Peg, Dimethicone Crosspolymer, Polysorbate 60, Peg40 Stearate, Sodium Acrylate, Phenoxyethanol, Mica, Isohexadecane, Titanium Dioxide, Polyvinyl Alcohol, Polysorbate 80, Sorbitan Tristearate, Tocopheryl Acetate, Caffeine, Sodium Citrate, Fragrance, 2OEthyl Ascorbic Acid, Sorbitan Oleate, Disodium Edta, Xanthan Gum, Alcohol, Limonene, Citric Acid, Sodium Metaphosphate, Xylitol, Oryzanol, Magnesium Ascorbyl Phosphate, Hexyl Cinnamal, Benzyl Benzoate, Butylphenyl Methylpropional, Linalool, Sodium Metabisulfite, Sodium Acetylated Hyaluronate, Iron Oxides, AlphaIsomethyl Ionone, Saccharomyces Ferment Lysate Filtrate, Crataegus Monogyna Flower Extract, Citronellol, Geraniol, Dipotassium Glycyrrhizate, Paeonia Suffruticosa Root Extract, Tocopherol, Rehmannia Chinensis Root Extract, Cinnamomum Cassia Bark Extract, Bupleurum Falcatum Root Extract, Coix LacrymaJobi MaYuen Seed Extract, Camellia Sinensis Leaf Extract",21,3247,0.54,0.0,https://www.sephora.com/product/bio-performance-glow-revival-eye-treatment-P403318?icid2=products%20grid:p403318,0.54,129.62962962962962
One Essential Eye Serum,Dior,eye-treatment-dark-circle-treatment,72.0,"Glycerin, Dipropylene Glycol, Dimethicone, Butylene Glycol, Sd Alcohol 40B, Methyl Gluceth10, Myristyl Myristate, Petrolatum, Hydrogenated Polydecene, Behenyl Alcohol, Stearyl Alcohol, Glyceryl Stearate Se, Cetyl Ethylhexanoate, Peg, Dimethicone Crosspolymer, Polysorbate 60, Peg40 Stearate, Sodium Acrylate, Phenoxyethanol, Mica, Isohexadecane, Titanium Dioxide, Polyvinyl Alcohol, Polysorbate 80, Sorbitan Tristearate, Tocopheryl Acetate, Caffeine, Sodium Citrate, Fragrance, 2OEthyl Ascorbic Acid, Sorbitan Oleate, Disodium Edta, Xanthan Gum, Alcohol, Limonene, Citric Acid, Sodium Metaphosphate, Xylitol, Oryzanol, Magnesium Ascorbyl Phosphate, Hexyl Cinnamal, Benzyl Benzoate, Butylphenyl Methylpropional, Linalool, Sodium Metabisulfite, Sodium Acetylated Hyaluronate, Iron Oxides, AlphaIsomethyl Ionone, Saccharomyces Ferment Lysate Filtrate, Crataegus Monogyna Flower Extract, Citronellol, Geraniol, Dipotassium Glycyrrhizate, Paeonia Suffruticosa Root Extract, Tocopherol, Rehmannia Chinensis Root Extract, Cinnamomum Cassia Bark Extract, Bupleurum Falcatum Root Extract, Coix LacrymaJobi MaYuen Seed Extract, Camellia Sinensis Leaf Extract",20,4643,0.5,0.0,https://www.sephora.com/product/one-essential-eye-serum-P408542?icid2=products%20grid:p408542,0.5,144.0
Plantscription™ Anti-Aging Eye Treatment,Origins,eye-treatment-dark-circle-treatment,50.0,"Butylene Glycol, Dimethicone, Glycerin, Jojoba Esters, Anogeissus Leiocarpus Bark Extract, Saccharomyces Ferment Filtrate, Sigesbeckia Orientalis Extract, Polygonum Cuspidatum Root Extract, Centaurium Erythraea Extract, Sapindus Mukurossi Fruit Extract, Magnolia Officinalis Bark Extract, Micrococcus Lysate, Rosmarinus Officinalis Leaf Extract, Camellia Sinensis Leaf Extract, Cucumis Sativus Fruit Extract, Pyrus Malus Fruit Extract, Scutellaria Baicalensis Root Extract, Caffeine, Glycereth26, Simmondsia Chinensis Butter, Biotin, Methyl Trimethicone, Cholesterol, Elaeis Guineensis Oil, Acetyl Hexapeptide8, Carbomer, Trehalose, Tocopherol, Squalene, Lecithin, Polysilicone11, Caesalpinia Spinosa Gum, Jojoba Alcohol, Phytosterols, Isopropyl Jojobate, Tetrahexyldecyl Ascorbate, Sodium Hyaluronate, Linoleic Acid, Zinc Pca, Tocotrienols, Caprylyl Glycol, Tromethamine, Hexylene Glycol, Hydroxyethylcellulose, Ammonium Acryloyldimethyltaurate, Phenoxyethanol",158,8687,0.5,0.0,https://www.sephora.com/product/plantscription-anti-aging-eye-treatment-P298310?icid2=products%20grid:p298310,0.5,100.0
I-Waken Eye Serum,Indie Lee,eye-treatment-dark-circle-treatment,48.0,"Propanediol, Glycerin, Alcohol, Dicaprylyl Ether, Polyglyceryl6 Distearate, Caprylic, Sodium Levulinate, Sclerotium Gum, Simmondsia Chinensis Seed Oil, Squalane, Jojoba Esters, Chondrus Crispus, Sodium Anisate, Pyrus Sorbus Bud Extract, Sodium Dehydroacetate, Cetyl Alcohol, Polyglyceryl3 Beeswax, Sodium Hyaluronate, Galactaric Acid, Tocopherol, Citric Acid, Aesculus Hippocastanum Seed Extract, Arnica Montana Flower Extract, Centaurea Cyanus Flower Extract, Chamomilla Recutita Flower Extract, Hamamelis Virginiana Leaf Extract, Ribes Nigrum Leaf Extract, Spirulina Maxima Extract, Helianthus Annuus Seed Oil",40,5445,0.5,0.0,https://www.sephora.com/product/i-waken-eye-serum-P433889?icid2=products%20grid:p433889,0.5,96.0
Essential-C Eye Cream SPF 15 PA++,Murad,eye-treatment-dark-circle-treatment,70.0,"Butylene Glycol, BisDiglyceryl Polyacyladipate2, Caprylic, Shorea Stenoptera Seed Butter, Cetyl Alcohol, PEG100 Stearate, Glyceryl Stearate, Silica, Stearic Acid, Dimethicone, Cetyl Phosphate, Rice Amino Acids, Urea, Yeast Amino Acids, Trehalose, Inositol, Taurine, Betaine, Zinc Aspartate, Retinol, Caprylic, Avocado Oil, Cimicifuga Racemosa Root Extract, Caffeine, Siloxanetriol Alginate, Methylsilanol Mannuronate, Phospholipids, Tocopheryl Acetate, Retinyl Palmitate, Ascorbyl Palmitate, Panthenol, Sodium PCA, Polyester8, Carbomer, Aminomethyl Propanol, Disodium EDTA, Phenoxyethanol, Caprylyl Glycol, Chlorphenesin, Titanium Dioxide, Iron Oxide",255,6941,0.5,0.0,https://www.sephora.com/product/essential-c-eye-cream-spf-15-pa-P12869?icid2=products%20grid:p12869,0.5,140.0
All Natural Retinol Infused Eye Mask- 5 Pack,KNC Beauty,eye-treatment-dark-circle-treatment,25.0,"Hyaluronic Acid, Gold, Collagen, Licorice Root Extract, Aloe, Vitamin A, Rosemary Extract",9,1420,0.0,0.0,https://www.sephora.com/product/all-natural-retinol-infused-eye-mask-5-pack-P442740?icid2=products%20grid:p442740,0.5181621621621623,48.24744418944293
Concentrated Ginseng Renewing Eye Cream,Sulwhasoo,eye-treatment-dark-circle-treatment,180.0,"Hyaluronic Acid, Gold, Collagen, Licorice Root Extract, Aloe, Vitamin A, Rosemary Extract",5,341,0.67,0.0,https://www.sephora.com/product/concentrated-ginseng-renewing-eye-cream-P448928?icid2=products%20grid:p448928,0.67,268.65671641791045
Reviving Eye Cream,Omorovicza,eye-treatment-dark-circle-treatment,145.0,"Hungarian Thermal Glycerin, Simmondsia Chinensis Oil, Squalane, Cetearyl Ethylhexanoate, Stearyl Heptanoate, Cetearyl Olivate, Helianthus Annuus Seed Oil, Sorbitan Oilivate, Butyrospermum Parkii Butter, Caprylic, Cetearyl Alcohol, Phenoxyethanol, Mannitol, Ascorbyl Tetraisopalmitate, Benzyl Alcohol, Calendula Officinalis Flower Extract, Laminaria Digitata Extract, Prunus Armeniaca Kernel Oil, Prunus Domestica Seed Extract, Pyrus Malus Fruit Extract, Ethylhexylglycerin, Disodium EDTA, Tocopherol, Xanthan Gum, Yeast Extract, Chlorella Vulgaris, Pectin, Lactic Acid, Potassium Sorbate",16,1869,0.5,0.0,https://www.sephora.com/product/reviving-eye-cream-P309211?icid2=products%20grid:p309211,0.5,290.0
Dr. Andrew Weil for Origins™ Mega-Bright Dark Circle Minimizer,Origins,eye-treatment-dark-circle-treatment,47.0,"Hungarian Thermal Glycerin, Simmondsia Chinensis Oil, Squalane, Cetearyl Ethylhexanoate, Stearyl Heptanoate, Cetearyl Olivate, Helianthus Annuus Seed Oil, Sorbitan Oilivate, Butyrospermum Parkii Butter, Caprylic, Cetearyl Alcohol, Phenoxyethanol, Mannitol, Ascorbyl Tetraisopalmitate, Benzyl Alcohol, Calendula Officinalis Flower Extract, Laminaria Digitata Extract, Prunus Armeniaca Kernel Oil, Prunus Domestica Seed Extract, Pyrus Malus Fruit Extract, Ethylhexylglycerin, Disodium EDTA, Tocopherol, Xanthan Gum, Yeast Extract, Chlorella Vulgaris, Pectin, Lactic Acid, Potassium Sorbate",133,5028,0.5,0.0,https://www.sephora.com/product/dr-andrew-weil-for-origins-tm-mega-bright-dark-circle-minimizer-P384394?icid2=products%20grid:p384394,0.5,94.0
Keep Young And Beautiful™ Instant Brightening Beauty Shot Eye Lift,REN Clean Skincare,eye-treatment-dark-circle-treatment,46.0,"Silica, Sodium Hyaluronate, Hydroxypropyl Methylcellulose, Glycerin, Pullulan, Carbomer, Mica, CI77891, Polianthes Tuberosa Callus Extract, Sodium Hydroxide, Phenoxyethanol, Porphyridium Cruentum Extract, Sodium Hydroxymethylglycinate, Rosa Damascena Flower Oil, Rosa Damascena Extract, Citronellol, Geraniol",67,5601,0.5,0.0,https://www.sephora.com/product/keep-young-and-beautiful-instant-brightening-beauty-shot-eye-lift-P406764?icid2=products%20grid:p406764,0.5,92.0
Watermelon Burst Hydrating Eye Patches,Ciaté London,eye-treatment-dark-circle-treatment,25.0,"Glycerin, Sodium Polyacrylate, 12Hexanediol, Carbomer, Hydroxyacetophenone, Tartaric Acid, Butylene Glycol, Propanediol, Aluminum Glycinate, Hamamelis Virginiana Extract, Disodium EDTA, Centella Asiatica Extract, Titanium Dioxide, Citrullus Lanatus Fruit Extract, Carrageenan, Hydrolyzed Collagen, Niacinamide, Tocopheryl Acetate",9,3695,0.0,0.0,https://www.sephora.com/product/watermelon-burst-hydrating-eye-patches-P451165?icid2=products%20grid:p451165,0.5181621621621623,48.24744418944293
Hydra Life Cooling Hydration Sorbet Eye Gel,Dior,eye-treatment-dark-circle-treatment,55.0,"Glycerin, Sodium Polyacrylate, 12Hexanediol, Carbomer, Hydroxyacetophenone, Tartaric Acid, Butylene Glycol, Propanediol, Aluminum Glycinate, Hamamelis Virginiana Extract, Disodium EDTA, Centella Asiatica Extract, Titanium Dioxide, Citrullus Lanatus Fruit Extract, Carrageenan, Hydrolyzed Collagen, Niacinamide, Tocopheryl Acetate",20,3004,0.5,0.0,https://www.sephora.com/product/hydra-life-cooling-hydration-sorbet-eye-gel-P429676?icid2=products%20grid:p429676,0.5,110.0
DayWear Eye Cooling Anti-Oxidant Moisture GelCreme,Estée Lauder,eye-treatment-dark-circle-treatment,40.0,"Glycerin, Sodium Polyacrylate, 12Hexanediol, Carbomer, Hydroxyacetophenone, Tartaric Acid, Butylene Glycol, Propanediol, Aluminum Glycinate, Hamamelis Virginiana Extract, Disodium EDTA, Centella Asiatica Extract, Titanium Dioxide, Citrullus Lanatus Fruit Extract, Carrageenan, Hydrolyzed Collagen, Niacinamide, Tocopheryl Acetate",7,1114,0.5,0.0,https://www.sephora.com/product/daywear-eye-cooling-anti-oxidant-moisture-gelcreme-P427640?icid2=products%20grid:p427640,0.5,80.0
Starry Eye Balm,Kopari,eye-treatment-dark-circle-treatment,28.0,"Glycerin, Sodium Polyacrylate, 12Hexanediol, Carbomer, Hydroxyacetophenone, Tartaric Acid, Butylene Glycol, Propanediol, Aluminum Glycinate, Hamamelis Virginiana Extract, Disodium EDTA, Centella Asiatica Extract, Titanium Dioxide, Citrullus Lanatus Fruit Extract, Carrageenan, Hydrolyzed Collagen, Niacinamide, Tocopheryl Acetate",55,6649,0.0,0.0,https://www.sephora.com/product/starry-eye-balm-P442561?icid2=products%20grid:p442561,0.5181621621621623,54.03713749217607
Kakadu C™ Eye Soufflé,DERMAdoctor,eye-treatment-dark-circle-treatment,68.0,"Glycerin, Sodium Polyacrylate, 12Hexanediol, Carbomer, Hydroxyacetophenone, Tartaric Acid, Butylene Glycol, Propanediol, Aluminum Glycinate, Hamamelis Virginiana Extract, Disodium EDTA, Centella Asiatica Extract, Titanium Dioxide, Citrullus Lanatus Fruit Extract, Carrageenan, Hydrolyzed Collagen, Niacinamide, Tocopheryl Acetate",37,2949,0.5,0.0,https://www.sephora.com/product/kakadu-c-eye-souffle-P396403?icid2=products%20grid:p396403,0.5,136.0
Advanced Time Zone Age Reversing Line/Wrinkle Eye Creme,Estée Lauder,eye-treatment-dark-circle-treatment,64.0,"Glycerin, Sodium Polyacrylate, 12Hexanediol, Carbomer, Hydroxyacetophenone, Tartaric Acid, Butylene Glycol, Propanediol, Aluminum Glycinate, Hamamelis Virginiana Extract, Disodium EDTA, Centella Asiatica Extract, Titanium Dioxide, Citrullus Lanatus Fruit Extract, Carrageenan, Hydrolyzed Collagen, Niacinamide, Tocopheryl Acetate",7,1216,0.5,0.0,https://www.sephora.com/product/advanced-time-zone-age-reversing-line-wrinkle-eye-creme-P380025?icid2=products%20grid:p380025,0.5,128.0
Redness Recovery+ Antioxidant Eye Treatment,Skinfix,eye-treatment-dark-circle-treatment,48.0,"Caprylic, C1018 Triglycerides, Glycerin, Caprylyl Caprylate, Propanediol, C1216 Alcohols, Jojoba Oil, Octyldodecanol, Glyceryl Stearate Citrate, Palmitic Acid, Isosorbide Dicaprylate, Hydrogenated Lecithin, Ceramide NP, Tetrapeptide14, Ceramide AP, Ceramide EOP, Sodium Hyaluronate, Pantolactone, Palmitoyl Tripeptide5, Hydrolyzed Hyaluronic Acid, Boswellia Serrata Extract, Tocopherol, Aspalathus Linearis Extract, Panthenol, Squalene, Saccharomyces Cerevisiae Extract, Hydrolyzed Lupine Protein, Colloidal Oatmeal, Aloe Barbadensis Leaf Juice, Dunaliella Salina Extract, Phytosphingosine, Cholesterol, Mel Extract, Ethylhexylglycerin, Rosmarinus Officinalis Leaf Extract, Helianthus Annuus Extract, Medicago Sativa Seed Extract, Phytosteryl Macadamiate, Trisodium Ethylenediamine Disuccinate, Oryza Sativa Bran Extract, Phytosteryl Canola Glycerides, Camellia Sinensis Leaf Extract, Phytosterols, Sodium Lauroyl Lactylate, Myristyl Myristate, Dilinoleic Acid, Hydrogenated Vegetable Oil, Carbomer, Butylene Glycol, Phenoxyethanol, Sodium Benzoate, Citric Acid, Xanthan Gum, Potassium Sorbate, CI 75810",7,1214,0.5,0.0,https://www.sephora.com/product/redness-recovery-antioxidant-eye-treatment-P442849?icid2=products%20grid:p442849,0.5,96.0
Super Multi-Corrective Eye-Opening Serum,Kiehl's Since 1851,eye-treatment-dark-circle-treatment,50.0,"Rhamnose, Glycerin, Alcohol Denat, Dimethicone, Hydroxyethylpiperazine Ethane Sulfonic Acid, Octyldodecanol, Sodium Hyaluronate, Mica, Phenoxyethanol, Ammonium Polyacryldimethyltauramide, CI 77891, Chlorphenesin, Acrylates, Triethanolamine, Xanthan Gum, PEG20 Methyl Glucose Sesquistearate, Disodium  EDTA, Adenosine, Salicyloyl Phytosphingosine",18,3639,0.5,0.0,https://www.sephora.com/product/super-multi-corrective-eye-opening-serum-P422259?icid2=products%20grid:p422259,0.5,100.0
Vitamin C Ester Brightening Eye Serum,Perricone MD,eye-treatment-dark-circle-treatment,60.0,"Cyclotetrasiloxane, Cyclopentasiloxane, Tetrahexyldecyl Ascorbate, Squalane, Tocopheryl Acetate, Bisabolol, Elaeis Guineensis Oil, Tocotrienols, Fragrance, Ethoxydiglycol, Tocopherol, Ascorbyl Palmitate, Dimethyl MEA",322,3605,0.5,0.0,https://www.sephora.com/product/vitamin-c-ester-eye-serum-P243236?icid2=products%20grid:p243236,0.5,120.0
WASO: Eye Opening Essence,Shiseido,eye-treatment-dark-circle-treatment,28.0,"Water, Triethylhexanoin, Methyl Methacrylate Crosspolymer, Butylene Glycol, Glycerin, Propanediol, Synthetic Wax, Dipeptide15, Trehalose, Phenoxyethanol, Ammonium Acryloyldimethyltaurate, Chlorphenesin, Fragrance, Hydroxyethyl Acrylate, Squalane, Polyvinyl Alcohol, Saccharide Isomerate, Chromium Hydroxide Green, Iron Oxides, Bht, Acrylates, Polysorbate 60, Silica, Potassium Hydroxide, Limonene, Serine, Menthol, Sorbitan Isostearate, Benzyl Benzoate, Eriobotrya Japonica Leaf Protoplasts, Citronellol, Citric Acid, Sodium Citrate, Linalool, Peg30 Phytosterol, Hydrogenated Lecithin, Trisodium Edta, Nasturtium Officinale Leaf",4,362,0.73,0.0,https://www.sephora.com/product/shiseido-waso-eye-opening-essence-P454789?icid2=products%20grid:p454789,0.73,38.35616438356165
Énergie de Vie The Illuminating & Anti-Fatigue Cooling Eye Gel,Lancôme,eye-treatment-dark-circle-treatment,42.0,WaterGlycerinAlcohol DenatNiacinamideMelissa Officinalis Flower,48,3737,0.5,0.0,https://www.sephora.com/product/energie-de-vie-illuminating-anti-fatigue-cooling-eye-gel-P419634?icid2=products%20grid:p419634,0.5,84.0
Powerful-Strength Line-Reducing Eye-Brightening Concentrate,Kiehl's Since 1851,eye-treatment-dark-circle-treatment,44.0,Propylene GlycolCyclopentasiloxaneAscorbic AcidGlycerinCetyl Peg,18,2262,0.5,0.0,https://www.sephora.com/product/powerful-strength-line-reducing-eye-brightening-concentrate-P427625?icid2=products%20grid:p427625,0.5,88.0
Renewed Hope in A Jar Eye Cream,philosophy,eye-treatment-dark-circle-treatment,51.0,"Glycerin, Isononyl Isononanoate, Caprylic, Tribehenin Peg20 Esters, Polyglyceryl2 Diisostearate, Cyclopentasiloxane, Propanediol, Cyclohexasiloxane, Phenoxyethanol, Sodium Polyacrylate, Acrylates Crosspolymer, Butylene Glycol, Mica, Acrylates, Tocopheryl Acetate, Sorbitol, Titanium Dioxide, Evodia Rutaecarpa Fruit Extract, Ethylhexyl Palmitate, Urea, Glucosamine Hcl, Algae Extract, Ascophyllum Nodosum Extract, Asparagopsis Armata Extract, Saccharomyces Cerevisiae Extract, Adenosine, Sodium Hydroxide, Isostearic Acid, Chrysanthellum Indicum Extract, Yeast Extract, Silica Dimethyl Silylate, Tin Oxide, Potassium Sorbate, Caprylyl Glycol, Hyaluronic Acid, Silanetriol, Citric Acid, Ethylhexylglycerin, Sodium Hyaluronate, Sorbic Acid, Hexylene Glycol",83,3176,0.5,0.0,https://www.sephora.com/product/renewed-hope-in-jar-eye-P392233?icid2=products%20grid:p392233,0.5,102.0
ELEVATE Firming & Lifting Contouring Eye Cream,Algenist,eye-treatment-dark-circle-treatment,72.0,"Glycerin, Isostearyl Neopentanoate, Butylene Glycol, Butyrospermum Parkii Butter, Dimethicone, Sorbitan Stearate, Pentylene Glycol, Cetearyl Alcohol, Cetyl Alcohol, DiC1215 Alkyl Fumarate, Glyceryl Stearate, Neopentyl Glycol Diheptanoate, PEG100 Stearate, Algae Exopolysaccharides, Palmitoyl Tripeptide1, Palmitoyl Tetrapeptide7, Arginine, Hydrolyzed Rice Protein, Hydrolyzed Lupine Protein, Acetyl Dipeptide1 Cetyl Ester, Albizia Julibrissin Bark Extract, Sigesbeckia Orientalis Extract, Gold, Caffeine, Medicago Sativa Extract, Chamomilla Recutita Extract, Adenosine, Silica, Citrullus Lanatus Fruit Extract, Lens Esculenta Fruit Extract, Pyrus Malus Fruit Extract, Acrylates, Aminomethyl Propanol, Synthetic Fluorphlogopite, Polymethylsilsesquioxane, Sodium Stearoyl Glutamate, Sorbitan Laurate, Hydroxyethylcellulose, Carbomer, Siloxanetriol Alginate, Acetyl Hydroxyproline, Polysorbate 20, Sodium PCA, Sorbic Acid, Sodium Lactate, Disodium EDTA, Tin Oxide, Ethylhexylglycerin, Sodium Benzoate, Chlorphenesin, Caprylyl Glycol, Phenoxyethanol, Titanium Dioxide",23,986,0.5,0.0,https://www.sephora.com/product/elevate-firming-lifting-contouring-eye-cream-P410809?icid2=products%20grid:p410809,0.5,144.0
Wrinkle Revenge Eye Balm,DERMAdoctor,eye-treatment-dark-circle-treatment,50.0,"Glycerin, Isostearyl Neopentanoate, Butylene Glycol, Butyrospermum Parkii Butter, Dimethicone, Sorbitan Stearate, Pentylene Glycol, Cetearyl Alcohol, Cetyl Alcohol, DiC1215 Alkyl Fumarate, Glyceryl Stearate, Neopentyl Glycol Diheptanoate, PEG100 Stearate, Algae Exopolysaccharides, Palmitoyl Tripeptide1, Palmitoyl Tetrapeptide7, Arginine, Hydrolyzed Rice Protein, Hydrolyzed Lupine Protein, Acetyl Dipeptide1 Cetyl Ester, Albizia Julibrissin Bark Extract, Sigesbeckia Orientalis Extract, Gold, Caffeine, Medicago Sativa Extract, Chamomilla Recutita Extract, Adenosine, Silica, Citrullus Lanatus Fruit Extract, Lens Esculenta Fruit Extract, Pyrus Malus Fruit Extract, Acrylates, Aminomethyl Propanol, Synthetic Fluorphlogopite, Polymethylsilsesquioxane, Sodium Stearoyl Glutamate, Sorbitan Laurate, Hydroxyethylcellulose, Carbomer, Siloxanetriol Alginate, Acetyl Hydroxyproline, Polysorbate 20, Sodium PCA, Sorbic Acid, Sodium Lactate, Disodium EDTA, Tin Oxide, Ethylhexylglycerin, Sodium Benzoate, Chlorphenesin, Caprylyl Glycol, Phenoxyethanol, Titanium Dioxide",379,6430,0.5,0.0,https://www.sephora.com/product/wrinkle-revenge-eye-balm-P102504?icid2=products%20grid:p102504,0.5,100.0
Belle de Jour Angel Eyes White Lotus Care,KENZOKI,eye-treatment-dark-circle-treatment,71.0,"Glycerin, Isostearyl Neopentanoate, Butylene Glycol, Butyrospermum Parkii Butter, Dimethicone, Sorbitan Stearate, Pentylene Glycol, Cetearyl Alcohol, Cetyl Alcohol, DiC1215 Alkyl Fumarate, Glyceryl Stearate, Neopentyl Glycol Diheptanoate, PEG100 Stearate, Algae Exopolysaccharides, Palmitoyl Tripeptide1, Palmitoyl Tetrapeptide7, Arginine, Hydrolyzed Rice Protein, Hydrolyzed Lupine Protein, Acetyl Dipeptide1 Cetyl Ester, Albizia Julibrissin Bark Extract, Sigesbeckia Orientalis Extract, Gold, Caffeine, Medicago Sativa Extract, Chamomilla Recutita Extract, Adenosine, Silica, Citrullus Lanatus Fruit Extract, Lens Esculenta Fruit Extract, Pyrus Malus Fruit Extract, Acrylates, Aminomethyl Propanol, Synthetic Fluorphlogopite, Polymethylsilsesquioxane, Sodium Stearoyl Glutamate, Sorbitan Laurate, Hydroxyethylcellulose, Carbomer, Siloxanetriol Alginate, Acetyl Hydroxyproline, Polysorbate 20, Sodium PCA, Sorbic Acid, Sodium Lactate, Disodium EDTA, Tin Oxide, Ethylhexylglycerin, Sodium Benzoate, Chlorphenesin, Caprylyl Glycol, Phenoxyethanol, Titanium Dioxide",7,395,0.5,0.0,https://www.sephora.com/product/belle-de-jour-angel-eyes-white-lotus-care-P399728?icid2=products%20grid:p399728,0.5,142.0
GloPRO® EYE MicroTip™ Attachment Head,BeautyBio,eye-treatment-dark-circle-treatment,35.0,"Glycerin, Isostearyl Neopentanoate, Butylene Glycol, Butyrospermum Parkii Butter, Dimethicone, Sorbitan Stearate, Pentylene Glycol, Cetearyl Alcohol, Cetyl Alcohol, DiC1215 Alkyl Fumarate, Glyceryl Stearate, Neopentyl Glycol Diheptanoate, PEG100 Stearate, Algae Exopolysaccharides, Palmitoyl Tripeptide1, Palmitoyl Tetrapeptide7, Arginine, Hydrolyzed Rice Protein, Hydrolyzed Lupine Protein, Acetyl Dipeptide1 Cetyl Ester, Albizia Julibrissin Bark Extract, Sigesbeckia Orientalis Extract, Gold, Caffeine, Medicago Sativa Extract, Chamomilla Recutita Extract, Adenosine, Silica, Citrullus Lanatus Fruit Extract, Lens Esculenta Fruit Extract, Pyrus Malus Fruit Extract, Acrylates, Aminomethyl Propanol, Synthetic Fluorphlogopite, Polymethylsilsesquioxane, Sodium Stearoyl Glutamate, Sorbitan Laurate, Hydroxyethylcellulose, Carbomer, Siloxanetriol Alginate, Acetyl Hydroxyproline, Polysorbate 20, Sodium PCA, Sorbic Acid, Sodium Lactate, Disodium EDTA, Tin Oxide, Ethylhexylglycerin, Sodium Benzoate, Chlorphenesin, Caprylyl Glycol, Phenoxyethanol, Titanium Dioxide",3,2901,0.0,0.0,https://www.sephora.com/product/glopro-eye-microtip-attachment-head-P438638?icid2=products%20grid:p438638,0.5181621621621623,67.5464218652201
Eye Contour Gel,Clarins,eye-treatment-dark-circle-treatment,43.0,"Rosa Damascena Flower Water, Citrus Aurantium Amara Flower Water, Butylene Glycol, Glycerin, Carbomer, Tromethamine, Caffeine, Phenoxyethanol, Ethylhexylglycerin, PEG-8, Aloe Barbadensis Leaf Juice, PEG-32, Citric Acid, Benzyl Acohol, Centaurea Cyanus Flower Extract, Sodium Benzoate, Ginkgo Biloba Leaf Extract, Potassium Sorbate, Methylisothiazolinone, Chamomilla Recutita Flower Extract, Dehydroacetic Acid, CI 42090",98,2849,0.7,0.0,https://www.sephora.com/product/eye-contour-gel-P94820?icid2=products%20grid:p94820,0.7,61.42857142857143
Enhancing Eye Lift Serum,Clarins,eye-treatment-dark-circle-treatment,66.0,"Glycerin, Propa Nediol, Betaine, Butylene Glycol, Acrylates, Tromethamine, Caffeine, Panthenol, Avena Sativa Kernel Extract, Caprylyl Glycol, Disodium Edta, Ethylhexylglycerin, Ppg26Buteth 26, Peg40 Hydrogenated Castor Oil, Mica, Polymethyl Methacrylate, Escin, Zingiber Zerumbet Extract, Ci 77891, Sodium Acrylates Copolymer, Parfum, Hydrogenated Polyisobutene, Alcohol, Phospholipids, Phenoxyethanol, Polyglyceryl10 Stearate, Sodium Benzoate, Helianthus Annuus Seed Oil, Biosaccharide Gum4, Baccharis Genistelloides Extract, Thermus Thermophillus Fer Ment, Xylitol, Diospyros Kaki Fruit Extract, Alchemilla Vulgaris Extract, Lapsa Na Communis Flower, Paullinia Cupana Seed Extract, Potassium Sorbate, Camellia Sinensis Leaf Extract, Sodium Lauryl Sulfate",10,1517,0.5,0.0,https://www.sephora.com/product/enhanching-eye-lift-serum-P408229?icid2=products%20grid:p408229,0.5,132.0
Radiance Antioxidant Eye Cream,Eve Lom,eye-treatment-dark-circle-treatment,75.0,"Cetearyl Alcohol, Myristyl Myristate, Propanediol, Cetyl Ricinoleate, Camelina Sativa Seed Oil, Glycerin, Dimethicone, Isopropyl Isostearate, Phytosteryl, Cetearyl Glucoside, Xylitylglucoside, Phenoxyethanol, Anhydroxylitol, Hydroxyethyl Acrylate, Tocopherol, Ectoin, Galactoarabinan, Inulin Lauryl Carbamate, Panthenol, Squalane, Lysolecithin, Sclerotium Gum, Panax Ginseng Root Extract, Xylitol, Pullulan, Xanthan Gum, Disodium EDTA, Ethylhexylglycerin, Steareth20, Polysorbate 60, Gynostemma Pentaphyllum Leaf Extract, Sodium Hyaluronate, Dunaliella Salina Extract, Sorbitan Isostearate, 2Bromo2Nitropropane1, 3Diol, Silica, Sodium Hydroxide, Citric Acid, Palmitoyl Tripeptide5, Sodium Benzoate, Potassium Sorbate, NHydroxysuccinimide, Sodium Citrate, Pantolactone, Chrysin, Palmitoyl Tripeptide1, Palmitoyl Tetrapeptide7",3,1002,0.5,0.0,https://www.sephora.com/product/radiance-antioxidant-eye-cream-P440320?icid2=products%20grid:p440320,0.5,150.0
A Perfect World™ SPF 20 Age-Defense Eye Cream with White Tea,Origins,eye-treatment-dark-circle-treatment,41.0,"Isocetyl Stearoyl Stearate, Butylene Glycol, C1215 Alkyl Benzoate, Cetyl Alcohol, Butyrospermum Parkii, Laureth4, Dimethicone, Trehalose, Polyethylene, Peg100 Stearate, Cetyl Esters, Camellia Sinensis Leaf Extract, Sigesbeckia Orientalis Extract, Vaccinium Macrocarpon Fruit Extract, Vaccinium Angustifolium Fruit Extract, Solanum Tuberosum Pulp Extract, Opuntia Tuna Extract, Lycium Chinense Fruit Extract, Eriobotrya Japonica Leaf Extract, Molasses Extract\Saccharum Officinarum\Extrait De Mélasse, Betula Alba Bark Extract, Passiflora Incarnata Flower Extract, Lythrum Salicaria Extract, Saccharomyces Lysate Extract, Phytosphingosine, Aminopropyl Ascorbyl Phosphate, Leontopodium Alpinum Extract, Algae Extract, Sodium Hyaluronate, Yeast Extract\Faex\Extrait De Levure, Boswellia Serrata Extract, Astrocaryum Murumuru Seed Butter, Ergothioneine, Oryzanol, Hydroxyethyl Acrylate, Lauric Acid, Glycerin, Squalane, Tocopheryl Acetate, Isostearic Acid, Caprylyl Glycol, Polyhydroxystearic Acid, Polysorbate 60, Sodium Pca, Urea, Sodium Phytate, Aluminum Hydroxide, Tromethamine, Hexylene Glycol, Polyquaternium51, Lecithin, Bht, Phenoxyethanol, Mica, Iron Oxides",51,4721,0.5,0.0,https://www.sephora.com/product/a-perfect-world-spf-20-age-defense-eye-cream-with-white-tea-P417308?icid2=products%20grid:p417308,0.5,82.0
Line Release Under Eye Repair Cream,Kate Somerville,eye-treatment-dark-circle-treatment,125.0,"Isocetyl Stearoyl Stearate, Butylene Glycol, C1215 Alkyl Benzoate, Cetyl Alcohol, Butyrospermum Parkii, Laureth4, Dimethicone, Trehalose, Polyethylene, Peg100 Stearate, Cetyl Esters, Camellia Sinensis Leaf Extract, Sigesbeckia Orientalis Extract, Vaccinium Macrocarpon Fruit Extract, Vaccinium Angustifolium Fruit Extract, Solanum Tuberosum Pulp Extract, Opuntia Tuna Extract, Lycium Chinense Fruit Extract, Eriobotrya Japonica Leaf Extract, Molasses Extract\Saccharum Officinarum\Extrait De Mélasse, Betula Alba Bark Extract, Passiflora Incarnata Flower Extract, Lythrum Salicaria Extract, Saccharomyces Lysate Extract, Phytosphingosine, Aminopropyl Ascorbyl Phosphate, Leontopodium Alpinum Extract, Algae Extract, Sodium Hyaluronate, Yeast Extract\Faex\Extrait De Levure, Boswellia Serrata Extract, Astrocaryum Murumuru Seed Butter, Ergothioneine, Oryzanol, Hydroxyethyl Acrylate, Lauric Acid, Glycerin, Squalane, Tocopheryl Acetate, Isostearic Acid, Caprylyl Glycol, Polyhydroxystearic Acid, Polysorbate 60, Sodium Pca, Urea, Sodium Phytate, Aluminum Hydroxide, Tromethamine, Hexylene Glycol, Polyquaternium51, Lecithin, Bht, Phenoxyethanol, Mica, Iron Oxides",68,3463,0.5,0.0,https://www.sephora.com/product/line-release-under-eye-repair-cream-P232920?icid2=products%20grid:p232920,0.5,250.0
All Natural Retinol Infused Eye Mask,KNC Beauty,eye-treatment-dark-circle-treatment,5.0,"Hyaluronic Acid, Gold, Collagen, Licorice Root Extract, Aloe, Vitamin A, Rosemary Extract",12,2021,0.0,0.0,https://www.sephora.com/product/all-natural-retinol-infused-eye-mask-P442738?icid2=products%20grid:p442738,0.5181621621621623,9.649488837888585
PRE:EMPT SERIES™ Brightening Eye Cream,Perricone MD,eye-treatment-dark-circle-treatment,55.0,"Caprylic, Cetyl Alcohol, Hexylene Glycol, Stearyl Alcohol, Glycerin, Polysorbate 20, Dimethyl MEA, Tetrahexyldecyl Ascorbate, Butyrospermum Parkii Butter, Tetrahydrobisdemethoxydiferuloylmethane, Persea Gratissima Oil, Sodium Hyaluronate, Caffeine, Olea Europaea Leaf Extract, Lepidium Sativum Sprout Extract, Tetrahydrodiferuloylmethane, Tetrahydrodemethoxydiferuloylmethane, Epigallocatechin Gallatyl Glucoside, NHydroxysuccinimide, Acetyl Tyrosine, Lecithin, Carbomer, Citric Acid, Glyceryl Stearate, PEG100 Stearate, PEG12 Glyceryl Dimyristate, Caprylyl Glycol, Steareth20, Phenoxyethanol, Iron Oxides, Silica, Titanium Dioxide",66,4103,0.5,0.0,https://www.sephora.com/product/pre-empt-series-brightening-eye-cream-P408539?icid2=products%20grid:p408539,0.5,110.0
High Performance Continuous Moisture Eye Cream,Anthony,eye-treatment-dark-circle-treatment,40.0,"Glycerin, Caprylic, C1215 Alkyl Benzoate, Glyceryl Stearate, Propanediol, Peg100 Stearate, Cetearyl Alcohol, Butyrospermum Parkii Butter, Dimethicone, Ethylene, Ppg15 Stearyl Ether, Squalane, Jojoba Esters, Simmondsia Chinensis Seed Oil, Hydrogenated Ethylhexyl Olivate, Caprylic, Hydrogenated Olive Oil Unsaponifiables, Algae Extract, Pullulan, Myristyl Myristate, Arachidyl Alcohol, Caffeine, Aloe Barbadensis Leaf Juice Powder, Panthenol, Arachidyl Glucoside, Arnica Montana Flower Extract, Cucumis Sativus Fruit Extract, Daucus Carota Sativa Root Extract, Zingiber Officinale Root Extract, Sodium Hyaluronate, Chrysin, Palmitoyl Oligopeptide, Palmitoyl Tetrapeptide7, NHydroxysuccinimide, Saccharide Isomerate, Ethylhexylglycerin, Bisabolol, Polysorbate 60, Behenyl Alcohol, C1314 Isoparaffin, Polyacrylamide, Laureth7, Steareth20, Resveratrol, Tocopheryl Acetate, Ascorbyl Palmitate, Retinyl Palmitate, Xanthan Gum, Glycosaminoglycans, Caprylyl Glycol, Aminomethyl Propanol, Tetrasodium Edta, Phenoxyethanol, Benzoic Acid, Sorbic Acid, Chlorphenesin, Benzyl Alcohol",36,2909,0.75,0.0,https://www.sephora.com/product/high-performance-continuous-moisture-eye-cream-P72706?icid2=products%20grid:p72706,0.75,53.33333333333334
Liquid Gold Firming Eye Cream,Alpha-H,eye-treatment-dark-circle-treatment,99.0,"Caprylic, Cetearyl Alcohol, Hydrogenated Polydecene, Stearic Acid, Glycerin, Dicapryl Carbonate, Mannitol, Polysilicone11, Ceteareth20, Niacinamide, Polymethylsilsesquioxane, Phenoxyethanol, Panthenol, Persea Gratissima Oil, Silk amino acids, Butylene Glycol, Hibiscus Sabdariffa Flower Extract, Cucumis Sativus Seed Extract, Caprylyl Glycol, Laureth12, Allantoin, Morus Alba Bark Extract, Sodium gluconate, Citric Acid, Pyruvic Acid, Alcohol Denat, Sodium Benzoate, Potassium Sorbate, Sodium Citrate, Ethylhexylglycerin, Microcitrus Australasica Fruit Extract, Dextrin, Disodium Phosphate, Ferulic Acid, Waltheria Indica Leaf Extract, Sodium Phosphate, Acetyl Tetrapeptide5, Diamond powder, Sorbic Acid, Acetyl Hexapeptide51, Acetyl Hexapeptide8, Acetyl Octapeptide3",9,565,0.51,0.0,https://www.sephora.com/product/liquid-gold-firming-eye-cream-P442537?icid2=products%20grid:p442537,0.51,194.11764705882354
Essential Energy Eye Definer,Shiseido,eye-treatment-dark-circle-treatment,42.0,"Dimethicone, Glycerin, Sd Alcohol 40B, Butylene Glycol, Dipropylene Glycol, Peg10 Dimethicone, Polymethylsilsesquioxane, Diphenylsiloxy Phenyl Trimethicone, Disteardimonium Hectorite, Trehalose, Titanium Dioxide, Pentaerythrityl Tetraethylhexanoate, Sodium Chloride, Peg150, Isostearic Acid, Phenoxyethanol, Mica, Disodium Edta, Tocopheryl Acetate, Sodium Citrate, Fragrance, Alcohol, Trimethylsiloxysilicate, Tin Oxide, Caffeine, Aluminum Hydroxide, Polysilicone2, Citric Acid, Hydrogen Dimethicone, Hexyl Cinnamal, Iron Oxides, Tocopherol, Limonene, Linalool, Sodium Metabisulfite, Talc, Citronellol, Angelica Keiskei Leaf, Sanguisorba Officinalis Root Extract, Crataegus Monogyna Flower Extract, Geraniol, Sodium Acetylated Hyaluronate, Vaccinium Macrocarpon Seed Oil, Cinnamomum Cassia Bark Extract, Citrus Unshiu Peel Extract, Zingiber Aromaticus Extract, Rubus Idaeus Fruit Extract, Coix LacrymaJobi MaYuen Seed Extract, Helianthus Annuus Seed Oil, Rosmarinus Officinalis Leaf Extract",3,720,0.55,0.0,https://www.sephora.com/product/essential-energy-eye-definer-P433622?icid2=products%20grid:p433622,0.55,76.36363636363636
Peptide Trio Eye Cream,boscia,eye-treatment-dark-circle-treatment,40.0,"Diisopropyl Dimer Dilinoleate, Glycerin, Glyceryl Stearate, Polyglyceryl2 Diisostearate, Butyrospermum Parkii Butter, Squalane, Hydrogenated Polydecene, Cetyl Alcohol, Polyglyceryl6 Palmitate, C1215 Alkyl Benzoate, Palmitoyl Hexapeptide12, Palmitoyl Tripeptide1, Palmitoyl Tetrapeptide7, Ginkgo Biloba Leaf Extract, Camellia Sinensis Leaf Extract, Sodium Hyaluronate, Prunus Amygdalus Dulcis Oil, Persea Gratissima Oil, Sesamum Indicum Seed Oil, Panax Ginseng Root Extract, Simmondsia Chinensis Seed Extract, Epilobium Angustifolium Flower, Ceramide NG, Tribehenin, Ammonium Acryloyldimethyltaurate, 12Hexanediol, Caprylyl Glycol, Hydroxyacetophenone, Butylene Glycol, Ozokerite, Carbomer, Xanthan Gum, Sodium Hydroxide, Cetearyl Alcohol, Polysorbate 20",10,1770,0.51,0.0,https://www.sephora.com/product/peptide-trio-eye-cream-P446917?icid2=products%20grid:p446917,0.51,78.43137254901961
Vita Mineral™ Active 7 Eye Gel ,REN Clean Skincare,eye-treatment-dark-circle-treatment,36.0,"Diisopropyl Dimer Dilinoleate, Glycerin, Glyceryl Stearate, Polyglyceryl2 Diisostearate, Butyrospermum Parkii Butter, Squalane, Hydrogenated Polydecene, Cetyl Alcohol, Polyglyceryl6 Palmitate, C1215 Alkyl Benzoate, Palmitoyl Hexapeptide12, Palmitoyl Tripeptide1, Palmitoyl Tetrapeptide7, Ginkgo Biloba Leaf Extract, Camellia Sinensis Leaf Extract, Sodium Hyaluronate, Prunus Amygdalus Dulcis Oil, Persea Gratissima Oil, Sesamum Indicum Seed Oil, Panax Ginseng Root Extract, Simmondsia Chinensis Seed Extract, Epilobium Angustifolium Flower, Ceramide NG, Tribehenin, Ammonium Acryloyldimethyltaurate, 12Hexanediol, Caprylyl Glycol, Hydroxyacetophenone, Butylene Glycol, Ozokerite, Carbomer, Xanthan Gum, Sodium Hydroxide, Cetearyl Alcohol, Polysorbate 20",147,3409,0.5,0.0,https://www.sephora.com/product/vita-mineral-active-7-eye-gel-P174629?icid2=products%20grid:p174629,0.5,72.0
Time Retreat Eye Treatment,Eve Lom,eye-treatment-dark-circle-treatment,75.0,"Isostearyl Neopentanoate, C1215 Alkyl Benzoate, Glycerin, Hdi, Myristyl Myristate, Ascorbyl Tetraisopalmitate, Cetearyl Olivate, Sorbitan Olivate, Dipalmitoyl Hydroxyproline, Phenoxyethanol, Lecithin, Alcohol Denat, Pentylene Glycol, Avena Sativa Kernel Extract, Carbomer, Benzyl Alcohol, Hydroxyethyl Acrylate, Polysorbate 81, Squalane, Xanthan Gum, Sodium Hydroxide, Ethylhexylglycerin, Sodium Hyaluronate, Disodium Edta, Tocopherol, Alcohol, Retinol, Polysorbate 20, Silica, Polysorbate 60, Dehydroacetic Acid, Potassium Phosphate, Sorbitan Isostearate, Soy Isoflavones",14,1612,0.5,0.0,https://www.sephora.com/product/time-retreat-eye-treatment-P414077?icid2=products%20grid:p414077,0.5,150.0
Neuropeptide Firming & Illuminating Under-Eye Cream,Perricone MD,eye-treatment-dark-circle-treatment,170.0,"Butylene Glycol, Glycerin, Dimethicone, Cyclopentasiloxane, Stearic Acid, Niacinamide, 12Hexanediol, Cetearyl Alcohol, Sucrose Distearate, Cyclohexasiloxane, Caprylic, Behenic Acid, Polyglyceryl10 Myristate, Cetyl Ethylhexanoate, Simmondsia Chinensis Seed Oil, Macadamia Ternifolia Seed Oil, Argania Spinosa Kernel Oil, Titanium Dioxide, Dipeptide2, Palmitoyl Tetrapeptide7, Acetyl Tetrapeptide9, Ceramide NP, Phytosteryl Isostearate, Hydrogenated Lecithin, Paeonia Suffruticosa Root Extract, Scutellaria Baicalensis Root Extract, Hesperidin Methyl Chalcone, Allantoin, Tocopheryl Acetate, Lactobacillus, Xanthan Gum, Adenosine, Viscum Album Leaf Extract, Imperata Cylindrica Root Extract, Synthetic Fluorphlogopite, Mannitol, Carbomer, Sodium Hydroxide, Disodium EDTA, Behenyl Alcohol, Batyl Alcohol, Ammonium Acryloyldimethyltaurate, Glyceryl Stearate, Steareth20, Tin Oxide",6,1709,0.5,0.0,https://www.sephora.com/product/neuropeptide-eye-therapy-P211329?icid2=products%20grid:p211329,0.5,340.0
Divine Eyes,L'Occitane,eye-treatment-dark-circle-treatment,80.0,"Glycerin, Rosa Centifolia Flower Caprylic, C1422 Alcohols, Dimethicone, Glyceryl Stearate, Oenothera Biennis Oil, Butyrospermum Parkii Butter, Helichrysum Italicum Flower Oil, Myrtus Communis Oil, Helichrysum Italicum Extract, Camelina Sativa Seed Oil, Borago Officinalis Seed Oil, Echium Plantagineum Seed Oil, Fraxinus Excelsior Bark Extract, Polygonum Fagopyrum Seed Extract, Helianthus Annuus Seed Oil, Rosmarinus Officinalis Leaf Extract, Mel, Hydrogenated Vegetable Oil, Sucrose Palmitate, C1220 Alkyl Glucoside, Glyceryl Linoleate, Carbomer, Peg100 Stearate, Sodium Phytate, Ethylhexylglycerin, Phenoxyethanol, Chlorphenesin, Sodium Benzoate, Potassium Sorbate, Tocopheryl Acetate, Alcohol, Tocopherol, Limonene",18,1704,0.5,0.0,https://www.sephora.com/product/divine-eyes-P396251?icid2=products%20grid:p396251,0.5,160.0
Baggage Claim Rose Gold Eye Masks,Wander Beauty,eye-treatment-dark-circle-treatment,25.0,"Glycerin, Rosa Centifolia Flower Caprylic, C1422 Alcohols, Dimethicone, Glyceryl Stearate, Oenothera Biennis Oil, Butyrospermum Parkii Butter, Helichrysum Italicum Flower Oil, Myrtus Communis Oil, Helichrysum Italicum Extract, Camelina Sativa Seed Oil, Borago Officinalis Seed Oil, Echium Plantagineum Seed Oil, Fraxinus Excelsior Bark Extract, Polygonum Fagopyrum Seed Extract, Helianthus Annuus Seed Oil, Rosmarinus Officinalis Leaf Extract, Mel, Hydrogenated Vegetable Oil, Sucrose Palmitate, C1220 Alkyl Glucoside, Glyceryl Linoleate, Carbomer, Peg100 Stearate, Sodium Phytate, Ethylhexylglycerin, Phenoxyethanol, Chlorphenesin, Sodium Benzoate, Potassium Sorbate, Tocopheryl Acetate, Alcohol, Tocopherol, Limonene",3,15950,0.0,0.0,https://www.sephora.com/product/baggage-claim-rose-gold-eye-masks-P437960?icid2=products%20grid:p437960,0.5181621621621623,48.24744418944293
Wild Seed Firming Eye Cream,Primera,eye-treatment-dark-circle-treatment,64.0,"Squalane, Propanediol, Polyglyceryl3 Methylglucose Distearate, Dimethicone, Diisostearylmalate, Glyceryl Stearate, Hydrogenated Castor Oil Isostearate, Cetearyl Alcohol, Phytosteryl Isostearyl Dimerdilinoleate, Behenyl Alcohol, Glycerin, 12Hexanediol, Butylene Glycol, Polyacrylate13, Polyisobutene, Fragrance, Disodium Edta, Ethylhexylglycerin, Adenosine, Polysorbate 20, Sorbitan Isostearate, Sodium Polyacrylate, Dextrin, Theobromacacao Extract, Butyrospermum Parkii Butter, Glycine Soja Sprout Extract, Glycine Soja Seed Extract, Hydrogenated Soybean Oil, Tocopherol",2,609,0.84,0.0,https://www.sephora.com/product/primera-wild-seed-firming-eye-cream-P447192?icid2=products%20grid:p447192,0.84,76.19047619047619
Immortelle Precious Eye Balm,L'Occitane,eye-treatment-dark-circle-treatment,45.0,"aqua, polymethyl methacrylate, caprylic, glycerin, myreth3 myristatedimethicone, hydroxyethyl acrylate, taurate copolymer, methylpropanediol, Sorbitol, Isononyl Isononanoate, Helichrysum Italicum Extract, Helianthus Annuus Seed Oil, Helichrysum Italicum Flower Oil, Rosa Centifolia Flower Oenothera Biennis Oil, Borago Officinalis Seed Oil, Butyrospermum Parkii Butter, Caffeine, Escin, Hyaluronic Acid, Corn Starch Modified, Phenoxyethanol, Chlorphenesin, Ethylhexylglycerin, Carbomer, Xanthan Gum, Polysorbate 60, Sorbitan Isostearate, Sodium, Hydroxide, Sucrose Palmitate, Disodium Edta, Silanetriol, Glyceryl Linoleate, Sodium Benzoate, Citric Acid, Tocopherol, Potassium Sorbate",1,571,0.5,0.0,https://www.sephora.com/product/l-occitane-immortelle-precious-eye-balm-P452803?icid2=products%20grid:p452803,0.5,90.0
Photo Dynamic Therapy Energizing Eye Renewal Cream,DERMAdoctor,eye-treatment-dark-circle-treatment,65.0,"Cyclopentasiloxane, Caprylic, Yeast Amino Acids, Butyl Methoxydibenzoylmethane, Butylene Glycol, Glycerin, Polysilicone11, Aminobutyric Acid, Barium Sulfate, Cetyl Alcohol, Stearic Acid, Propanediol, Euglena Gracilis Extract, Glyceryl Stearate, PEG100 Stearate, Tricalcium Phosphate, Dimethicone, Sodium Stearoyl Glutamate, Steareth20, Tocopheryl Acetate, Cyclohexasiloxane, Portulaca Oleracea Extract, Panax Ginseng Root Extract, Centella Asiatica Extract, Sorbitan Laurate, Caffeine, Xanthan Gum, Morinda Citrifolia Extract, Zizyphus Jujuba Seed Extract, Hydroxyethylcellulose, Acetyl Dipeptide1 Cetyl Ester, Phytoecdysteroids, Glaucium Flavum Leaf Extract, Disodium EDTA, Phenoxyethanol, Methylparaben, Ethylparaben, Propylparaben, Butylparaben, Diazolidinyl Urea",61,1610,0.5,0.0,https://www.sephora.com/product/photodynamic-therapy-energizing-eye-renewal-cream-P376241?icid2=products%20grid:p376241,0.5,130.0
Goat Milk De-Puffing Eye Balm,Kate Somerville,eye-treatment-dark-circle-treatment,38.0,"Propanediol, BisPEG18 Methyl Ether Dimethyl Silane, Glycerin, Sodium Stearate, DiPPG2 Myreth10 Adipate, Synthetic Fluorphlogopite, Goat Milk Powder, Lactose, Milk Protein, Manuka Honey Extract, Jojoba Oil PEG150 Esters, Aloe Barbadensis Leaf Extract, Medicago Sativa Seed Extract, Polianthes Tuberosa Callus Extract, Hydrolyzed Lupine Protein, Menthoxypropanediol, Phenoxyethanol, Ethylhexylglycerin, Lactic Acid",153,7946,0.3,0.0,https://www.sephora.com/product/goat-milk-de-puffing-eye-balm-P407401?icid2=products%20grid:p407401,0.3,126.66666666666669
Lotus Caress to Moisturize Eyes,KENZOKI,eye-treatment-dark-circle-treatment,35.0,"Glycerin, Pentylene Glycol, Cetearyl Isononanoate, Ethylene, Neopentyl Glycol Dicaprylate, Butylene Glycol, Nelumbo Nucifera Root  Phenoxyethanol, Hydroxyethyl Acrylate, Squalane, Methyl Gluceth20, Sorbitol, Acrylates, Poloxamer 407, Tocopheryl Acetate, Tromethamine, Fragrance, Algin, Polysorbate 60, Sodium Hyaluronate, Xanthan Gum, Saccharomyces Cerevisiae Extract, Polyvinyl Alcohol, Ophiopogon Japonicus Root Extract, Cellulose Gum, Fagus Sylvatica Bud Extract, Hexyl Cinnamal, Ethylhexylglycerin, Linalool, AlphaIsomethyl Ionone, Nelumbo Nucifera Flower Extract, BHT, Tocopherol",8,633,0.5,0.0,https://www.sephora.com/product/lotus-caress-to-moisturize-eyes-P399712?icid2=products%20grid:p399712,0.5,70.0
KateCeuticals™ Contouring Eye Serum,Kate Somerville,eye-treatment-dark-circle-treatment,125.0,"Cyclopentasiloxane, Dimethiconol, Ethylhexyl Cocoate, Glycerin, Pullulan, Phenoxyethanol, Carbomer, Sodium Hydroxide, Caprylyl Glycol, Algae Extract, Ethylhexylglycerin, Phenyl Trimethicone, Disodium EDTA, Adenosine, Sodium Hyaluronate, Dipalmitoyl Hydroxyproline, Glycine Soja Seed Extract, Maltodextrin, Acetyl Octapeptide3, Pentapeptide18, Sucrose Palmitate, Caprylic, Dimethicone, Rubus Fruticosus Leaf Extract, Glyceryl Linoleate, Commiphora Mukul Resin Extract, Lecithin, Ceramide NG, Palmitoyl Tripeptide5, Glycolipids, Tocopherol",2,1047,0.5,0.0,https://www.sephora.com/product/kateceuticals-contouring-eye-serum-P409915?icid2=products%20grid:p409915,0.5,250.0
Hypoallergenic Cica Sleeping Mask,LANEIGE,facial-treatment-masks,34.0,"Water, Propanediol, Cetyl Ethylhexanoate, Squalane, Hydrogenated Poly, Glycerin, Panthenol, Cetearyl Alcohol, Butyrospermum Parkii Butter, Glyceryl Stearate Citrate, 12Hexanediol, Polyglyceryl3 Methylglucose Distearate, Polyglyceryl10 Stearate, Hydroxyethyl Acrylate, Butylene Glycol, Acrylates, Glyceryl Caprylate, Ethylhexylglycerin, Disodium Edta, Asiaticoside, Madecassic Acid, Sorbitan Isostearate, Asiatic Acid, Melaleuca Alternifolia Leaf Oil, Aureobasidium Pullulans Ferment, Chamaecyparis Obtusa Leaf Extract, Cymbopogon Martini Oil, Tocopherol",394,23526,0.0,0.0,https://www.sephora.com/product/laneige-hypoallergenic-cica-sleeping-mask-P454313?icid2=products%20grid:p454313,2.437163120567376,13.950646024909789
Jet Lag Mask,Summer Fridays,facial-treatment-masks,48.0,"Caprylic, Castanea Sativa Seed Extract, Diheptyl Succinate, Capryloyl Glycerin, Pentylene Glycol, Butyrospermum Parkii Butter, Cetearyl Alcohol, Niacinamide, Hydroxyethyl Acrylate, Glycerin, Sorbitan Stearate, Glyceryl Stearate, PEG 100 Stearate, Phenoxyethanol, Ethylhexylglycerin, Physalis Angulata Extract, Ceramide NP, Ceramide AP, Ceramide EOP, Phytosphingosine, Cholesterol, Sodium Lauroyl Lactylate, Carbomer, Xanthan Gum, Sodium Hyaluronate, Aminopropyl Ascorbyl Phosphate, Tetrasodium Glutamate Diacetate, Arginine, Citric Acid, Tocopheryl Acetate, Mentha Arvensis Oil, Mentha Piperita Oil, Citrus Aurantium Dulcis Peel Oil, Limonene, Cucumis Sativus Fruit Extract",2000,101315,0.0,2.25,https://www.sephora.com/product/jet-lag-mask-P429952?icid2=products%20grid:p429952,2.25,21.33333333333333
Face Mask,SEPHORA COLLECTION,facial-treatment-masks,6.0,"Butylene Glycol, Glycerin, Betaine, 12Hexanediol, Hydroxyacetophenone, Xanthan Gum, Lecithin, Salix Alba Bark Extract, Kaolin, Parfum, Phenoxyethanol, Hydrolyzed Rice Bran Extract, Bakuchiol, Magnolia Officinalis Flower Extract, Camellia Sinensis Leaf Extract, Citric Acid, Sodium Benzoate, Limonene, Linalool, Potassium Sorbate, Quartz",1000,109894,0.0,0.0,https://www.sephora.com/product/face-mask-P429722?icid2=products%20grid:p429722,2.437163120567376,2.4618787102781985
Rare Earth Deep Pore Cleansing Masque,Kiehl's Since 1851,facial-treatment-masks,36.0,"Kaolin, Bentonite, Propanediol, Glycerin, CI 77891, Caprylic, Cetearyl Alcohol, Zea Mays Starch, Phenoxyethanol, Ceteareth20, Caprylyl Glycol, Xanthan Gum, Ethylhexylglycerin, Tocopherol, Lecithin, Aloe Barbadensis, Avena Sativa Flour, Allantoin",274,52528,4.2,0.0,https://www.sephora.com/product/rare-earth-deep-pore-cleansing-mask-P422002?icid2=products%20grid:p422002,4.2,8.571428571428571
Sheet Masks,Dr. Jart+,facial-treatment-masks,9.0,Niacinamide: Brightens the complexion,422,87713,0.0,0.0,https://www.sephora.com/product/sheet-masks-P429529?skuId=1723873&icid2=products%20grid:p429529,2.437163120567376,3.6928180654172977
Pitera Facial Treatment Mask,SK-II,facial-treatment-masks,95.0,"Saccharomycopsis Ferment Filtrate, Butylene Glycol, Xanthan Gum, Sodium Salicylate, Methylparaben, Disodium EDTA Pitera",374,48305,0.0,0.0,https://www.sephora.com/product/facial-treatment-mask-P375852?skuId=1448463&icid2=products%20grid:p375852,2.437163120567376,38.979746246071464
Salicylic Acid 2% Masque,The Ordinary,facial-treatment-masks,12.0,"Kaolin, Squalane, Glycerin, Dimethyl Isosorbide, Silica Cetyl Silylate, Salicylic Acid, Sodium Polyacrylate, Pentylene Glycol, Charcoal Powder, 4tButylcyclohexanol, Sclerotium Gum, Acacia Senegal Gum, Xanthan Gum, Phytic Acid, Polysorbate 20, Trisodium Ethylenediamine Disuccinate, Chlorphenesin, Phenoxyethanol",64,21149,1.7,0.0,https://www.sephora.com/product/the-ordinary-salicylic-acid-2-masque-P448530?icid2=products%20grid:p448530,1.7,7.0588235294117645
Resurfacing BHA Glow Mask,Tata Harper,facial-treatment-masks,65.0,"Aloe Barbadensis Leaf Juice, Salix Alba Bark Extract, Sclerotium Gum, Lactobacillus Ferment, Maltooligosyl Glucoside, Lactobacillus, Leuconostoc Ferment Filtrate, Beta Vulgaris, Kaolin, Hydrogenated Starch Hydrolysate, Hydrolyzed Corn Starch, Aroma, CI77491, Sodium Phytate, Benzyl Alcohol, Citral, Citronellol, Eugenol, Geraniol, Limonene, Linalool Ingredients from organic farming Clinical grade essential oils blend",541,42725,0.0,1.0,https://www.sephora.com/product/resurfacing-mask-P379707?icid2=products%20grid:p379707,1.0,65.0
Honey Potion Renewing Antioxidant Hydration Mask,Farmacy,facial-treatment-masks,56.0,"Glycerin, Diglycerin, Polyglyceryl10 Stearate, Echinacea Purpurea Root Extract, Honey Extract, Propolis Extract, Royal Jelly Extract, Panthenol, Vanillyl Butyl Ether, Allantoin, Zingiber Officinale Root Extract, Aroma, Hippophae Rhamnoides Oil, Phenoxyethanol, Water Natural Flavor",1000,91415,0.0,4.1,https://www.sephora.com/product/honey-potion-renewing-antioxidant-hydration-mask-with-echinacea-greenenvy-P410873?icid2=products%20grid:p410873,4.1,13.658536585365855
Mask Stick,SEPHORA COLLECTION,facial-treatment-masks,8.0,"Aqua, Glycerin, Kaolin, Propylene Glycol, Sodium Stearate, CI 77891, CI 77491, Parfum, Sodium Citrate, Xanthan Gum, Disteardimonium Hectorite, Gellan Gum, Phenoxyethanol, Stearic Acid, Biosaccharide Gum1, Sodium Hydroxide, Citrullus Lanatus Fruit Extract",136,22963,0.0,0.0,https://www.sephora.com/product/mask-stick-P445447?icid2=products%20grid:p445447,2.437163120567376,3.282504947037598
Violet-C Radiance Mask,Tatcha,facial-treatment-masks,68.0,Hadasei3,500,67204,1.7,0.0,https://www.sephora.com/product/violet-c-radiance-mask-P420699?icid2=products%20grid:p420699,1.7,40.0
Rose Face Mask,Fresh,facial-treatment-masks,62.0,"Butylene Glycol, Glycerin, Pentylene Glycol, PEG60 Hydrogenated Castor Oil, Rosa Centifolia Flower, Rosa Damascena Flower Rosa Damascena Extract, Cucumis Sativus Fruit Extract, Anthemis Nobilis Flower Oil, Camellia Sinensis Leaf Extract, Porphyridium Cruentum Extract, Rosa Damascena Flower Oil, Aloe Barbadensis Leaf Extract, Aspalathus Linearis Leaf Extract, Faex, Tocopherol, Carbomer, Tetrasodium EDTA, Sodium Hydroxide, Maris Aqua, Caprylic, Glyceryl Acrylate, Sodium Hyaluronate, Caramel, Maltodextrin, Citric Acid, Sodium Benzoate, Potassium Sorbate, Phenoxyethanol, Citronellol, Geraniol",2000,109308,0.0,3.3,https://www.sephora.com/product/rose-face-mask-P12336?icid2=products%20grid:p12336,3.3,18.78787878787879
Clear Improvement® Active Charcoal Mask to Clear Pores,Origins,facial-treatment-masks,13.0,"Myrtus Communis Leaf Kaolin, Bentonite, Butylene Glycol, Montmorillonite, Polysorbate 20, Peg100 Stearate, Charcoal Powder, Xanthan Gum, Lecithin, Peg150 Distearate, Propylene Glycol Stearate, Sorbitan Laurate, Glycerin, Propylene Glycol Laurate, Simethicone, Caprylyl Glycol, Ethylhexylglycerin, Hexylene Glycol, Trisodium Edta, Dehydroacetic Acid, Phenoxyethanol",4000,170161,0.0,1.0,https://www.sephora.com/product/clear-improvement-active-charcoal-mask-to-clear-pores-P297524?icid2=products%20grid:p297524,1.0,13.0
Drink Up™ Intensive Overnight Hydrating Mask with Avocado & Swiss Glacier Water,Origins,facial-treatment-masks,26.0,"Glycerin, Cetyl Alcohol, Glyceryl Polymethacrylate, Niacinamide, Hydroxyethyl Urea, Peg75, Dimethicone, Persea Gratissima Oil, Ppg15 Stearyl Ether, Peg8, Glycereth26, Sorbitan Stearate, Citrus Aurantium Amara Leaf, Citrus Aurantium Dulcis Peel Oil, Ricinus Communis Seed Oil, Osmanthus Fragrans Flower Extract, Rosa Damascena Extract, Ribes Nigrum Bud Extract, Cinnamomum Camphora Leaf Extract, Benzaldehyde, Hexenyl Acetate, GammaDecalactone, Ionone, Ethyl Acetate, Alcohol, Linalool, Limonene, Isopropyl Isostearate, Peg100 Stearate, Citrus Aurantium Dulcis Peel Wax, Prunus Armeniaca Kernel Oil, Mangifera Indica Seed Butter, Sucrose, Hypnea Musciformis Extract, Avena Sativa Kernel Extract, Triticum Vulgare Extract, Cladosiphon Okamuranus Extract, Cetearyl Alcohol, Caffeine, Oryza Sativa Extract, Gelidiella Acerosa Extract, Butylene Glycol, Aloe Barbadensis Leaf Extract, Pantethine, Olea Europaea Fruit Extract, Cocos Nucifera Oil, Punica Granatum Sterols, Sorbitol, Caprylyl Glycol, Tocopheryl Acetate, Oryzanol, Trehalose, Bisabolol, Cetyl Ethylhexanoate, Sodium Hyaluronate, Carbomer, Hexylene Glycol, Potassium Hydroxide, Dextrin, Disodium Edta, Potassium Sorbate, Phenoxyethanol Essential Oil Sucrose",1000,13639,0.0,2.5,https://www.sephora.com/product/drink-up-intensive-overnight-hydrating-mask-with-avocado-swiss-glacier-water-P440925?icid2=products%20grid:p440925,2.5,10.4
Cold Plunge Pore Mask,OLEHENRIKSEN,facial-treatment-masks,38.0,"Kaolin, Glycerin, Disodium Lauryl Sulfosuccinate, Bentonite, Cetearyl Alcohol, Lactic Acid, Lauramidopropyl Betaine, Sodium C1416 Olefin Sulfonate, Menthoxypropanediol, Persea Gratissima Oil, Phenoxyethanol, Potassium Hydroxide, Salicylic Acid, Mentha Piperita Oil, Sodium Chloride, Ethylhexylglycerin, Propanediol, Sodium Phytate, Xanthan Gum, Epilobium Fleischeri Extract, Saussurea Involucrata Extract, Citric Acid, Potassium Sorbate, Macrocystis Pyrifera Extract, Eucalyptus Globulus Leaf Extract, Chondrus Crispus Extract, Camellia Sinensis Leaf Extract, Tocopherol, Chromium Hydroxide Green, Titanium Dioxide",1000,52022,3.0,0.0,https://www.sephora.com/product/cold-plunge-pore-mask-P431848?icid2=products%20grid:p431848,3.0,12.666666666666664
Watermelon + AHA Glow Sleeping Mask Mini,Glow Recipe,facial-treatment-masks,22.0,"Sodium Hyaluronate, Glycerin, Caulerpa Lentillifera Extract, Simethicone, Citrullus Lanatus Fruit, Silica, Propanediol, Glycolic Acid, Lactic Acid, Cucurbita Pepo Fruit Extract, Punica Granatum Fruit Extract, Musa Sapientum Fruit Extract, Paeonia Suffruticosa Root Extract, Glycyrrhiza Glabra Root Extract, Brassica Oleracea Capitata Leaf Extract, Ipomoea Batatas Root Extract, Betaine, Beta Glucan, Hydroxyethylcellulose, Xanthan Gum, Alcohol, Fragrance",185,28078,0.0,1.0,https://www.sephora.com/product/watermelon-glow-sleeping-mask-mini-P428659?icid2=products%20grid:p428659,1.0,22.0
Lover Rubber Masks,Dr. Jart+,facial-treatment-masks,12.0,"Sodium Hyaluronate, Glycerin, Caulerpa Lentillifera Extract, Simethicone, Citrullus Lanatus Fruit, Silica, Propanediol, Glycolic Acid, Lactic Acid, Cucurbita Pepo Fruit Extract, Punica Granatum Fruit Extract, Musa Sapientum Fruit Extract, Paeonia Suffruticosa Root Extract, Glycyrrhiza Glabra Root Extract, Brassica Oleracea Capitata Leaf Extract, Ipomoea Batatas Root Extract, Betaine, Beta Glucan, Hydroxyethylcellulose, Xanthan Gum, Alcohol, Fragrance",212,46920,1.5,0.0,https://www.sephora.com/product/lover-rubber-masks-P429528?icid2=products%20grid:p429528,1.5,8.0
Pumpkin Enzyme Mask Enzymatic Dermal Resurfacer,Peter Thomas Roth,facial-treatment-masks,60.0,"Cucurbita Pepo, Alumina, Glycerin, Triethanolamine, Carbomer, Lactobacillus, Sodium Lactate, Ascorbic Acid, Tocopheryl Acetate, Retinyl Palmitate, BHT, Sodium Hyaluronate, Leuconostoc, Helianthus Annuus Seed Oil, Citric Acid, Disodium EDTA, Benzoic Acid, Sorbic Acid, Potassium Sorbate, Sodium Benzoate, Chlorphenesin, Phenoxyethanol, Benzyl Alcohol, Cinnamal, Fragrance",568,34151,5.0,0.0,https://www.sephora.com/product/pumpkin-enzymatic-dermal-resurfacer-P387261?icid2=products%20grid:p387261,5.0,12.0
Instant Detox Mask,Caudalie,facial-treatment-masks,39.0,"Cucurbita Pepo, Alumina, Glycerin, Triethanolamine, Carbomer, Lactobacillus, Sodium Lactate, Ascorbic Acid, Tocopheryl Acetate, Retinyl Palmitate, BHT, Sodium Hyaluronate, Leuconostoc, Helianthus Annuus Seed Oil, Citric Acid, Disodium EDTA, Benzoic Acid, Sorbic Acid, Potassium Sorbate, Sodium Benzoate, Chlorphenesin, Phenoxyethanol, Benzyl Alcohol, Cinnamal, Fragrance",534,39386,2.5,0.0,https://www.sephora.com/product/instant-detox-mask-P395615?icid2=products%20grid:p395615,2.5,15.6
Luminizing Black Charcoal Mask,boscia,facial-treatment-masks,34.0,"Polyvinyl Alcohol, Hamamelis Virginiana  Glycereth26, Butylene Glycol, Glycerin, Pentylene Glycol, Montmorillonite, Polysorbate 20, Acrylates, Acrylates Copolymer, Lonicera Japonica Flower Extract, Xanthan Gum, Ascorbyl Glucoside, Lonicera Caprifolium Flower Extract, Diglycerin, Simmondsia Chinensis Seed Extract, Epilobium Angustifolium Flower, Pinus Pinaster Bark Extract, Rosmarinus Officinalis Leaf Oil, Eucalyptus Globulus Leaf Oil, Charcoal Powder, Iron Oxides",5000,155713,0.0,2.8,https://www.sephora.com/product/luminizing-black-mask-P266800?icid2=products%20grid:p266800,2.8,12.142857142857144
Black Tea Instant Perfecting Mask,Fresh,facial-treatment-masks,92.0,"Glycerin, Rice Ferment Filtrate, Caprylic, Pentylene Glycol, Sodium Polyacrylate, Betaine, Saccharomyces FermentFiltrate, Camellia Sinensis Leaf Extract, Avena Sativa Kernel Extract, Vitis Vinifera Seed Oil, Litchi Chinensis Seed Extract, Rubus Fruticosus LeafExtract, Rosa Damascena Flower Oil, Sodium Hyaluronate, Adenosine, Tocopheryl Acetate, Tocopherol, Ethylhexyl Palmitate, Poloxamer 407, Butylene Glycol, Parfum, Hydrogenated Lecithin, Menthoxypropanediol, Maltodextrin, Silica, CI77891, Trihydroxystearin, Hydroxyethylcellulose, DisodiumEDTA, Sodium Citrate, Caprylyl Glycol, Citric Acid, Caramel, Hexylene Glycol, Potassium Sorbate, BHT, Biotin, Phenoxyethanol, Linalool",873,60359,0.0,3.3,https://www.sephora.com/product/black-tea-instant-perfecting-mask-P217513?icid2=products%20grid:p217513,3.3,27.87878787878788
The Lifting and Firming Mask,La Mer,facial-treatment-masks,250.0,"Declustered Water \Aqua\Eau DeStructuree, Declustered Water \Aqua\Eau DeStructuree, Dimethicone, Hdi, Cyclopentasiloxane, Hydrogenated Polyisobutene, Hydrogenated Vegetable Oil, Caprylic, Polysilicone11, Peg100 Stearate, Peg8 Dimethicone, Peg10 Dimethicone, Algae Extract, Sesamum Indicum Seed Oil, Medicago Sativa Seed Powder, Helianthus Annuus Seedcake, Prunus Amygdalus Dulcis Seed Meal, Eucalyptus Globulus Leaf Oil, Sodium Gluconate, Copper Gluconate, Calcium Gluconate, Magnesium Gluconate, Zinc Gluconate, Tocopheryl Succinate, Niacin, Sesamum Indicum Seed Powder, Vitis Vinifera Seed Extract, Citrus Aurantifolia Peel Extract, Sigesbeckia Orientalis Extract, Crithmum Maritimum Extract, Eryngium Maritimum Extract, Polygonum Cuspidatum Root Extract, Silybum Marianum Extract, Bupleurum Falcatum root extract, humulus lupulus Extract, Citrus Reticulata Peel Extract, Mimosa Tenuiflora Bark Extract, Narcissus Tazetta Bulb Extract, Chlorella Vulgaris Extract, Saccharomyces Lysate Extract, Prunus Mume Fruit Extract, Whey Protein\Lactis Protein\Proteine Du PetitLait, Gelidium Cartilagineum Extract, Glycerin, Coenzyme A, Micrococcus Lysate, Laminaria Digitata Extract, Rosma rinus Officinalis Extract, Laminaria Ochroleuca Extract, Punica Granatum Fruit Juice, Sorbitol, Corallina Officinalis Extract, Molasses Extract\Saccharum Officinarum\Extrait De Melasse, Glycine Soja Seed Extract, Tourmaline, Caffeine, Linolenic Acid, Hydrogenated Lecithin, Gold, Hydrolyzed Wheat Protein, Glycosaminoglycans, Palmitoyl Oligopeptide, Ammonium Acryloyldimethyltaurate, Bifida Ferment Lysate, Alcaligenes Polysaccharides, Butylene Glycol, Tetraacetylphytosphingosine, Dipotassium Glycyrrhizate, Lecithin, Acetyl Glucosamine, Sodium Hyaluronate, Laureth23, Acetyl Hexapeptide8, Linoleic Acid, Dipalmitoyl Hydroxyproline, Propylene Glycol Diethylhexanoate, Yeast Extract\Faex\Extrait De Levure, Caprylic, Laureth4, Tocopheryl Acetate, Diethylhexyl Syringylidenemalonate, Pentylene Glycol, Peg8, Potassium Sorbate, Yeast Polysaccharides, Hydroxypropyl Cyclodextrin, Nordihydroguaiaretic Acid, Cyclodextrin, Maltodextrin, Sucrose, Glyceryl Polymethacrylate, Fragrance, Polymethylsilsesquioxane, Silica, Ethylbisiminomethylguaiacol Manganese Chloride, Disodium Edta, Phenoxyethanol, Linalool, Hydroxycitronellal, Citronellol, Geraniol, Limonene, Green 5",32,12741,0.0,1.7,https://www.sephora.com/product/the-lifting-firming-mask-P416538?icid2=products%20grid:p416538,1.7,147.05882352941177
FAB Pharma Arnica Relief & Rescue Mask,First Aid Beauty,facial-treatment-masks,32.0,"Aqua, C1215 Alkyl Benzoate, Glycerin, Butyrospermum Parkii Butter, Glyceryl Stearate, Behenyl Alcohol, Theobroma Cacao Seed Butter, Glyceryl Citrate, Cannabis Sativa Seed Oil, Cocos Nucifera Oil, Aloe Barbadensis Leaf Juice, Cetearyl Olivate, Allantoin, Phenoxyethanol, Caprylyl Glycol, Sorbitan Olivate, Sodium Polyacrylate, Pentylene Glycol, Butylene Glycol, Hydrogenated Polydecene, Xanthan Gum, Tanacetum Annuum Leaf Oil, Melia Azadirachta Leaf Extract, Trideceth6, Tocopheryl Acetate, Melia Azadirachta Flower Extract, Coccinia Indica Fruit Extract, Solanum Melongena Fruit Extract, Aloe Barbadensis Flower Extract, Colloidal Oatmeal, Calendula Officinalis Flower Extract, Camellia Sinensis Leaf Extract, Glycyrrhiza Glabra Root Extract, Chrysanthemum Parthenium Extract, Arnica Montana Flower Extract, Centella Asiatica Extract, Ruscus Aculeatus Root Extract, Hydroxyphenyl Propamidobenzoic Acid, Ocimum Sanctum Leaf Extract, Curcuma Longa Root Extract, Corallina Officinalis Extract, Ascorbyl Palmitate, Citric Acid, Leuconostoc, Potassium Sorbate, Sodium Benzoate, Ethylhexylglycerin",79,9000,3.4,0.0,https://www.sephora.com/product/first-aid-beauty-fab-pharma-arnica-relief-rescue-mask-P453103?icid2=products%20grid:p453103,3.4,9.411764705882351
Original Skin™ Retexturizing Mask with Rose Clay,Origins,facial-treatment-masks,26.0,"Aqua, C1215 Alkyl Benzoate, Glycerin, Butyrospermum Parkii Butter, Glyceryl Stearate, Behenyl Alcohol, Theobroma Cacao Seed Butter, Glyceryl Citrate, Cannabis Sativa Seed Oil, Cocos Nucifera Oil, Aloe Barbadensis Leaf Juice, Cetearyl Olivate, Allantoin, Phenoxyethanol, Caprylyl Glycol, Sorbitan Olivate, Sodium Polyacrylate, Pentylene Glycol, Butylene Glycol, Hydrogenated Polydecene, Xanthan Gum, Tanacetum Annuum Leaf Oil, Melia Azadirachta Leaf Extract, Trideceth6, Tocopheryl Acetate, Melia Azadirachta Flower Extract, Coccinia Indica Fruit Extract, Solanum Melongena Fruit Extract, Aloe Barbadensis Flower Extract, Colloidal Oatmeal, Calendula Officinalis Flower Extract, Camellia Sinensis Leaf Extract, Glycyrrhiza Glabra Root Extract, Chrysanthemum Parthenium Extract, Arnica Montana Flower Extract, Centella Asiatica Extract, Ruscus Aculeatus Root Extract, Hydroxyphenyl Propamidobenzoic Acid, Ocimum Sanctum Leaf Extract, Curcuma Longa Root Extract, Corallina Officinalis Extract, Ascorbyl Palmitate, Citric Acid, Leuconostoc, Potassium Sorbate, Sodium Benzoate, Ethylhexylglycerin",1000,76953,0.0,2.5,https://www.sephora.com/product/original-skin-retexturizing-mask-with-rose-clay-P397890?icid2=products%20grid:p397890,2.5,10.4
Sleeping Mask - Coconut Water,SEPHORA COLLECTION,facial-treatment-masks,4.0,"Butylene Glycol, Glycerin, Betaine, Phenoxyethanol, Caprylic, Dimethicone, Acrylates, PEG40 Hydrogenated Castor Oil, Isononyl Isononanoate, Ethylhexylglycerin, Sodium Hydroxide, Fragrance, PEG30 Dipolyhydroxystearate, Trideceth6, Cocos Nucifera Fruit Juice, Sodium Hyaluronate, Citric Acid, Potassium Sorbate, Sodium Benzoate",13,0,0.0,0.0,https://www.sephora.com/product/sleeping-mask-coconut-water-P433534?icid2=products%20grid:p433534,2.437163120567376,1.641252473518799
Purity Made Simple Pore Extractor Mask,philosophy,facial-treatment-masks,35.0,"Kaolin, Solum Diatomeae, Propanediol, Bentonite, Decyl Glucoside, Alchol Denat, Lauryl Glucoside, Propylene Glycol, Polysilicone11, Pvp, Xanthan Gum, Sailicylic Acid, Sodium Pca, Sodium Citrate, Citric Acid, Fragrance, Chlorphenesin, Linalool, Disodium Edta, Limonene, Laureth12, Phenoxyethanol, Geraniol, Vanillyl Butyl Ether, Ethylhexylglycerin, Titanium Dioxide",441,33406,0.0,2.5,https://www.sephora.com/product/purity-made-simple-pore-extractor-mask-P417621?icid2=products%20grid:p417621,2.5,14.0
PHAT Glow Facial™ Mask,OLEHENRIKSEN,facial-treatment-masks,50.0,"Kaolin, Solum Diatomeae, Propanediol, Bentonite, Decyl Glucoside, Alchol Denat, Lauryl Glucoside, Propylene Glycol, Polysilicone11, Pvp, Xanthan Gum, Sailicylic Acid, Sodium Pca, Sodium Citrate, Citric Acid, Fragrance, Chlorphenesin, Linalool, Disodium Edta, Limonene, Laureth12, Phenoxyethanol, Geraniol, Vanillyl Butyl Ether, Ethylhexylglycerin, Titanium Dioxide",1000,30095,1.7,0.0,https://www.sephora.com/product/phat-glow-facial-mask-P448207?icid2=products%20grid:p448207,1.7,29.411764705882355
Overtime Mask,Summer Fridays,facial-treatment-masks,44.0,"Kaolin, Solum Diatomeae, Propanediol, Bentonite, Decyl Glucoside, Alchol Denat, Lauryl Glucoside, Propylene Glycol, Polysilicone11, Pvp, Xanthan Gum, Sailicylic Acid, Sodium Pca, Sodium Citrate, Citric Acid, Fragrance, Chlorphenesin, Linalool, Disodium Edta, Limonene, Laureth12, Phenoxyethanol, Geraniol, Vanillyl Butyl Ether, Ethylhexylglycerin, Titanium Dioxide",348,44740,2.25,0.0,https://www.sephora.com/product/overtime-mask-P436387?icid2=products%20grid:p436387,2.25,19.555555555555557
Lotus Youth Preserve Rescue Mask,Fresh,facial-treatment-masks,62.0,"Glycerin, Propylene Glycol Dicaprylate, Pentylene Glycol, Cetearyl Alcohol, Lithothamnion Calcareum Powder, Caprylic, Cetearyl Isononanoate, Betaine, PolyacrylateCrosspolymer6, Steareth21, Laminaria Saccharina Extract, Cocos Nucifera Shell Powder, Nelumbo Nucifera Seed Powder, Citrus Limon Peel Oil, Cucumis Sativus Fruit Extract, Ficus Carica FruitExtract, Averrhoa Carambola Leaf Extract, Crithmum Maritimum Extract, Nelumbo Nucifera Flower Extract, Hibiscus Esculentus Fruit Extract, TocopherylAcetate, Ascorbyl Tetraisopalmitate, Tocopherol, Behenyl Alcohol, CetearylGlucoside, Dimethicone, Caprylyl Glycol, Butylene Glycol, Cetyl Alcohol, SodiumPolyacrylate Starch, Stearyl Alcohol, Disodium EDTA, Sodium Hyaluronate, BHT, Tetrasodium EDTA, Hydrogenated Vegetable Oil, Caramel, XanthanGum, Sorbic Acid, Phenoxyethanol, Limonene, Citral",381,23924,0.0,3.3,https://www.sephora.com/product/lotus-youth-preserve-rescue-mask-P426080?icid2=products%20grid:p426080,3.3,18.78787878787879
The Golden Mask,SEPHORA COLLECTION,facial-treatment-masks,6.0,"Aqua, Butylene Glycol, Glycerin, Betaine, Caulerpa Lentillifera Extract, 12Hexanediol, Hydroxyacetophenone, PEG40 Hydrogenated Castor Oil, Parfum, Xanthan Gum, Sodium Carbomer, Sodium Hyaluronate, Citrus Reticulata Peel Extract, Phenoxyethanol, Mel Extract, Aphanothece Sacrum Polysaccharide, Sclerotium Gum, Potassium Sorbate, Sorbic Acid",18,4333,0.0,0.0,https://www.sephora.com/product/the-golden-mask-P450137?icid2=products%20grid:p450137,2.437163120567376,2.4618787102781985
Shake & Shot™ Rubber Masks,Dr. Jart+,facial-treatment-masks,12.0,"Niacinamide, Niacinamide, Calcium Pantothenate, Sodium Ascorbyl Phosphate, Tocopheryl Acetate, Pyridoxine HCl, Sodium Starch Octenylsuccinate, Maltodextrin, Silica, Hippophae Rhamnoides Fruit Extract, Glycerin, Butylene Glycol, Phenoxyethanol, Citrus Paradisi, Fruit Extract, 12Hexanediol, Butylene Glycol, PVP, Fullerenes, Dipropylene Glycol, PEG60 Hydrogenated Castor Oil, Phenoxyethanol, Ethylhexylglycerin, Citrus Aurantium Bergamia Fruit Oil, Butylene Glycol, Coptis Japonica Extract, Cyanocobalamin",681,64404,0.0,0.0,https://www.sephora.com/product/shake-shot-rubber-masks-P428658?icid2=products%20grid:p428658,2.437163120567376,4.923757420556396
Super Volcanic Clusters Pore Clearing Clay Mask,innisfree,facial-treatment-masks,15.0,"Water, Titanium Dioxide, Butylene Glycol, Silica, Glycerin, Trehalose, Volcanic Ash, Polyvinyl Alcohol, Bentonite, Kaolin, Caprylic, Glyceryl Stearate, Stearic Acid, Cetearylalcohol, Pvp, 12Hexanediol, Peg100 Stearate, Polysorbate60, Iron Oxides, Hydrogenated Vegetableoil, Xanthan Gum, Juglans Regia Shell Powder, Sorbitan Stearate, Zea Mays Starch, Polyacrylate13, Polysorbate 20, Iron Oxides, Mannitol, Microcrystalline Cellulose, Lactic Acid, Lactic Acid, Polyisobutene, Iron Oxides, Menthoxypropanediol, Tetrasodium Pyrophosphate, Disodium Edta, Ethylhexylglycerin, Sorbitan Isostearate, Aluminum Hydroxide, Triethoxycaprylylsilane, Tocopherol",134,14303,3.38,0.0,https://www.sephora.com/product/super-volcanic-clusters-pore-clearing-clay-mask-P449853?icid2=products%20grid:p449853,3.38,4.437869822485207
Turmeric 2-in-1 Brightening & Exfoliating Mask,KORA Organics,facial-treatment-masks,48.0,From essential oils,276,28750,3.38,0.0,https://www.sephora.com/product/turmeric-brightening-exfoliating-mask-P433627?icid2=products%20grid:p433627,3.38,14.201183431952662
Evercalm™ Ultra Comforting Rescue Mask,REN Clean Skincare,facial-treatment-masks,48.0,Fragrance,412,23031,1.7,0.0,https://www.sephora.com/product/evercalm-ultra-comforting-rescue-mask-P415620?icid2=products%20grid:p415620,1.7,28.235294117647058
The Rose Gold Mask,SEPHORA COLLECTION,facial-treatment-masks,6.0,"Aqua, Butylene Glycol, Lecithin, Glycerin, 12Hexanediol, Hydroxyacetophenone, PEG40 Hydrogenated Castor Oil, Sodium Polyacrylate, Phenoxyethanol, Parfum, Xanthan Gum, Allium Chinense Bulb Extract, Sodium Hyaluronate, Glycosyl, Trehalose, Hydrogenated Starch Hydrolysate, Hydrolyzed Rice Bran Extract, Quartz",13,3872,0.0,0.0,https://www.sephora.com/product/the-rose-gold-mask-P450138?icid2=products%20grid:p450138,2.437163120567376,2.4618787102781985
Limited Edition Resurfacing BHA Glow Mask,Tata Harper,facial-treatment-masks,150.0,"Aloe Barbadensis Leaf Juice, Salix Alba Bark Extract, Sclerotium Gum, Lactobacillus Ferment, Maltooligosyl Glucoside, Lactobacillus, Leuconostoc Ferment Filtrate, Beta Vulgaris, Kaolin, Hydrogenated Starch Hydrolysate, Hydrolyzed Corn Starch, Aroma, CI77491, Sodium Phytate, Benzyl Alcohol, Citral, Citronellol, Eugenol, Geraniol, Limonene, Linalool",2,0,0.0,0.0,https://www.sephora.com/product/limited-edition-resurfacing-bha-glow-mask-P451298?icid2=products%20grid:p451298,2.437163120567376,61.54696775695496
The Blue Mask,SEPHORA COLLECTION,facial-treatment-masks,6.0,"Aqua, Butylene Glycol, Lecithin, Rice Ferment Filtrate, PEG40 Hydrogenated Castor Oil, 12Hexanediol, Hydroxyacetophenone, Sodium Polyacrylate, Phenoxyethanol, Parfum, Glycosyl Trehalose, Xanthan Gum, Hydrogenated Starch Hydrolysate, Sodium Hyaluronate, Sapphire Powder, Menthol, Menthyl Lactate",12,2672,0.0,0.0,https://www.sephora.com/product/the-blue-mask-P450136?icid2=products%20grid:p450136,2.437163120567376,2.4618787102781985
Glycol Lactic Radiance Renewal Mask,REN Clean Skincare,facial-treatment-masks,58.0,"Aqua, Butylene Glycol, Lecithin, Rice Ferment Filtrate, PEG40 Hydrogenated Castor Oil, 12Hexanediol, Hydroxyacetophenone, Sodium Polyacrylate, Phenoxyethanol, Parfum, Glycosyl Trehalose, Xanthan Gum, Hydrogenated Starch Hydrolysate, Sodium Hyaluronate, Sapphire Powder, Menthol, Menthyl Lactate",1000,43979,0.0,1.7,https://www.sephora.com/product/glycol-lactic-radiance-renewal-mask-P203616?icid2=products%20grid:p203616,1.7,34.117647058823536
Face Mask - Aloe Vera - Replenishing,SEPHORA COLLECTION,facial-treatment-masks,6.0,"Butylene Glycol, Aloe Barbadensis Leaf Juice, Glycerin, Betaine, 12Hexanediol, Hydroxyacetophenone, Saccharide Isomerate, Xanthan Gum, Parfum, Aloe Barbadensis Leaf Extract, Phalaenopsis Amabilis Extract, Phenoxyethanol, Citric Acid, Sodium Citrate, Potassium Sorbate, Sodium Benzoate",17,0,0.0,0.0,https://www.sephora.com/product/face-mask-aloe-vera-P432068?icid2=products%20grid:p432068,2.437163120567376,2.4618787102781985
MultiVitamin Power Recovery Mask,Dermalogica,facial-treatment-masks,59.0,"Palmitoyl Oligopeptide, Palmitoyl Tetrapeptide7, Chondrus Crispus Extract, Arginine, Camellia Sinensis Leaf Extract, Chamomilla Recutita Flower Extract, Avena Sativa Kernel Extract, Hydrolyzed Soy Protein, Phospholipids, Retinyl Palmitate, Ascorbyl Palmitate, Linoleic Acid, BetaCarotene, Lactic Acid, Olea Europaea Fruit Oil, Hydrogenated Olive Oil, Dimethicone, Vitis Vinifera Seed Extract, Citrus Medica Limonum Peel Extract, Glycyrrhiza Glabra Root Extract, Symphytum Officinale Root Extract, Arctium Majus Root Extract, Anthemis Nobilis Flower Oil, Sodium PCA, Allantoin Decylene Glycol, Menthoxypropanediol, Potassium Cetyl Phosphate, Sodium Polyacrylate, Ammonium Glycyrrhizate, PPG15 Stearyl Ether Benzoate, Polysorbate 20, Propylene Glycol, Carbomer, Schlerotium Gum, Disodium EDTA, Aminomethyl Propanol, Phenoxyethanol, Annatto",103,9190,2.5,0.0,https://www.sephora.com/product/multivitamin-power-recovery-masque-P423130?icid2=products%20grid:p423130,2.5,23.6
YOUTHMUD® Glow Stimulating & Exfoliating Treatment Mask,GLAMGLOW,facial-treatment-masks,59.0,"Palmitoyl Oligopeptide, Palmitoyl Tetrapeptide7, Chondrus Crispus Extract, Arginine, Camellia Sinensis Leaf Extract, Chamomilla Recutita Flower Extract, Avena Sativa Kernel Extract, Hydrolyzed Soy Protein, Phospholipids, Retinyl Palmitate, Ascorbyl Palmitate, Linoleic Acid, BetaCarotene, Lactic Acid, Olea Europaea Fruit Oil, Hydrogenated Olive Oil, Dimethicone, Vitis Vinifera Seed Extract, Citrus Medica Limonum Peel Extract, Glycyrrhiza Glabra Root Extract, Symphytum Officinale Root Extract, Arctium Majus Root Extract, Anthemis Nobilis Flower Oil, Sodium PCA, Allantoin Decylene Glycol, Menthoxypropanediol, Potassium Cetyl Phosphate, Sodium Polyacrylate, Ammonium Glycyrrhizate, PPG15 Stearyl Ether Benzoate, Polysorbate 20, Propylene Glycol, Carbomer, Schlerotium Gum, Disodium EDTA, Aminomethyl Propanol, Phenoxyethanol, Annatto",2000,3235,0.0,1.7,https://www.sephora.com/product/youthmud-tinglexfoliate-treatment-mask-P448190?icid2=products%20grid:p448190,1.7,34.70588235294117
Hydration Lover Rubber Mask,Dr. Jart+,facial-treatment-masks,12.0,"Palmitoyl Oligopeptide, Palmitoyl Tetrapeptide7, Chondrus Crispus Extract, Arginine, Camellia Sinensis Leaf Extract, Chamomilla Recutita Flower Extract, Avena Sativa Kernel Extract, Hydrolyzed Soy Protein, Phospholipids, Retinyl Palmitate, Ascorbyl Palmitate, Linoleic Acid, BetaCarotene, Lactic Acid, Olea Europaea Fruit Oil, Hydrogenated Olive Oil, Dimethicone, Vitis Vinifera Seed Extract, Citrus Medica Limonum Peel Extract, Glycyrrhiza Glabra Root Extract, Symphytum Officinale Root Extract, Arctium Majus Root Extract, Anthemis Nobilis Flower Oil, Sodium PCA, Allantoin Decylene Glycol, Menthoxypropanediol, Potassium Cetyl Phosphate, Sodium Polyacrylate, Ammonium Glycyrrhizate, PPG15 Stearyl Ether Benzoate, Polysorbate 20, Propylene Glycol, Carbomer, Schlerotium Gum, Disodium EDTA, Aminomethyl Propanol, Phenoxyethanol, Annatto",116,12140,1.5,0.0,https://www.sephora.com/product/hydration-lover-rubber-mask-P418172?icid2=products%20grid:p418172,1.5,8.0
Clay Mask,SEPHORA COLLECTION,facial-treatment-masks,8.0,"Kaolin, Talc, Steareth2, Shea Butter, Fuller's Earth, Hydrogenated Polyisobutene, Butylene Glycol, Stearic Acid, CI 77891, Glycerin, Cetearyl Alcohol, Steareth21, Ethylhexyl Stearate, Luffa Cylindrica Fruit Powder, Phenoxyethanol, PPG15 Stearyl Ether, Benzophenone4, Xanthan Gum, Disodium EDTA, Enantia Chlorantha Bark Extract, Fragrance, Ethylhexylglycerin, Benzyl Salicylate, Camellia Sinensis Leaf Extract, Citric Acid, CI 77492, Sodium Benzoate, Potassium Sorbate, Oleanolic Acid, Denatonium Benzoate, CI 42090, BHT, CI 19140, Tocopherol",963,65570,1.18,0.0,https://www.sephora.com/product/clay-mask-P420145?icid2=products%20grid:p420145,1.18,6.779661016949151
 Hello Calm™ Relaxing & Hydrating Face Mask with Hemp Seed Oil,Origins,facial-treatment-masks,28.0,Essential Oil,246,23963,2.5,0.0,https://www.sephora.com/product/hello-calm-relaxing-hydrating-face-mask-with-cannabis-sativa-seed-oil-P436909?icid2=products%20grid:p436909,2.5,11.2
Out of Trouble™ 10 Minute Mask to Rescue Problem Skin,Origins,facial-treatment-masks,26.0,Essential Oil,882,63143,0.0,2.5,https://www.sephora.com/product/out-of-trouble-10-minute-mask-to-rescue-problem-skin-P297551?icid2=products%20grid:p297551,2.5,10.4
Face Mask - Lychee - Moisturizing,SEPHORA COLLECTION,facial-treatment-masks,6.0,"Butylene Glycol, Glycerin, Betaine, 12Hexanediol, Hydroxyacetophenone, Saccharide Isomerate, Xanthan Gum, 3OEthyl Ascorbic Acid, Propanediol, Glycosyl Trehalose, Fragrance, Phosphatidylcholine, Litchi Chinensis Fruit Extract, Phenoxyethanol, Polysorbate 80, Citric Acid, Sodium Citrate, Ascorbyl Palmitate, Litchi Chinensis Seed Extract, Prunus Persica Flower Extract, Tocopheryl Acetate",42,9947,0.0,0.0,https://www.sephora.com/product/face-mask-lychee-moisturizing-P440017?icid2=products%20grid:p440017,2.437163120567376,2.4618787102781985
Black Tea Instant Perfecting Mask Mini,Fresh,facial-treatment-masks,35.0,"Glycerin, Rice Ferment Filtrate, Caprylic, Pentylene Glycol, Sodium Polyacrylate, Betaine, Saccharomyces FermentFiltrate, Camellia Sinensis Leaf Extract, Avena Sativa Kernel Extract, Vitis Vinifera Seed Oil, Litchi Chinensis Seed Extract, Rubus Fruticosus LeafExtract, Rosa Damascena Flower Oil, Sodium Hyaluronate, Adenosine, Tocopheryl Acetate, Tocopherol, Ethylhexyl Palmitate, Poloxamer 407, Butylene Glycol, Parfum, Hydrogenated Lecithin, Menthoxypropanediol, Maltodextrin, Silica, CI77891, Trihydroxystearin, Hydroxyethylcellulose, DisodiumEDTA, Sodium Citrate, Caprylyl Glycol, Citric Acid, Caramel, Hexylene Glycol, Potassium Sorbate, BHT, Biotin, Phenoxyethanol, Linalool",16,2495,0.0,1.0,https://www.sephora.com/product/black-tea-instant-perfecting-mask-mini-P432256?icid2=products%20grid:p432256,1.0,35.0
The Famous Pink Mask,Erno Laszlo,facial-treatment-masks,88.0,"Magnesium Carbonate, Algin, Silica, Calcium Sulphate, Pentasodium Triphosphate, CI 77491, CI 77492, CI 77499, CI 77947",115,8338,0.0,5.0,https://www.sephora.com/product/hydra-therapy-skin-vitality-treatment-masks-P392627?icid2=products%20grid:p392627,5.0,17.6
SUPERMASK - The Charcoal Mask,SEPHORA COLLECTION,facial-treatment-masks,6.0,"Glycerin, Hydroxyethyl Urea, Alcohol Denat, 12Hexanediol, Phenoxyethanol, Butylene Glycol, Epilobium Fleischeri Extract, Coceth7, Hydrolyzed Jojoba Esters, PPG1PEG9 Lauryl Glycol Ether, Betaine, Hydroxyethyl Acrylate, PEG40 Hydrogenated Castor Oil, Arginine, Carbomer, Ethylhexylglycerin, Fragrance, Disodium EDTA, Citric Acid, Charcoal Powder, Polysorbate 60, Sorbitan Isostearate, Potassium Sorbate, Tocopherol",73,9672,0.0,0.0,https://www.sephora.com/product/charcoal-mask-P432421?icid2=products%20grid:p432421,2.437163120567376,2.4618787102781985
Rescue Mask,Eve Lom,facial-treatment-masks,85.0,"Kaolin, Glycerin, Alcohol Denat, Honey, Prunus Amygdalus Dulcis Seed Meal, Phenoxyethanol, Camphor, Magnesium Aluminum Silicate, Calcium Chloride, Magnesium Chloride, Sodium Chloride, Ethylhexylglycerin, Aluminum Chlorohydrate, Allantoin",49,10553,0.0,3.4,https://www.sephora.com/product/rescue-mask-P381441?icid2=products%20grid:p381441,3.4,25.0
Hydra Biome Probiotic Superdose Face Mask With Real Greek Yoghurt,KORRES,facial-treatment-masks,49.0,"Yogurt, Glycerin, Hexyldecyl Stearate, Diisostearyl Malate, Prunus Armeniaca Kernel Oil, Squalane, C1422 Alcohols, Isoamyl Laurate, Prunus Amygdalus Dulcis Oil, Arachidyl Alcohol, Pentylene Glycol, Butyrospermum Parkii Butter, Peg100 Stearate, Aloe Barbadensis Leaf Juice Powder, Algin, AlphaGlucan Oligosaccharide, Arachidyl Glucoside, Ascorbyl Palmitate, Behenyl Alcohol, Bisabolol, C1220 Alkyl Glucoside, Caprylyl Glycol, Chlorella Vulgaris Extract, Disodium Phosphate, Epigallocatechin Gallatyl Glucoside, Ethylhexylglycerin, Gallyl Glucoside, Glyceryl Polyacrylate, Helianthus Annuus Seed Oil, Hydrogenated Palm Glycerides, Hydrogenated Palm Kernel Glycerides, Hydrolyzed Sodium Hyaluronate, Hydroxyethyl Acrylate, Lactic Acid, Lactobacillus, Laminaria Digitata Extract, Lecithin, Lonicera Caprifolium Flower Extract, Lonicera Japonica Flower Extract, Maltodextrin, Maris Aqua, Ozonized Oryza Sativa Callus Culture Extract, Phenethyl Alcohol, Polymnia Sonchifolia Root Juice, Potassium Phosphate, Propyl Gallate, Pullulan, Saccharide Isomerate, Serine, Sodium Carboxymethyl BetaGlucan, Sodium Hyaluronate, Sodium Polyacrylate Starch, Tetrasodium Glutamate Diacetate, Tocopherol, Trehalose, Urea, Zingiber Officinale Root Extract, Benzyl Alcohol, Phenoxyethanol, Salicylic Acid, Sorbic Acid, Parfum",396,3935,3.38,0.0,https://www.sephora.com/product/hydra-biome-probiotic-greek-yogurt-mask-P449171?icid2=products%20grid:p449171,3.38,14.497041420118347
Mask-Imum Revival Hydra-Plumping Mask,Naturally Serious,facial-treatment-masks,42.0,"Yogurt, Glycerin, Hexyldecyl Stearate, Diisostearyl Malate, Prunus Armeniaca Kernel Oil, Squalane, C1422 Alcohols, Isoamyl Laurate, Prunus Amygdalus Dulcis Oil, Arachidyl Alcohol, Pentylene Glycol, Butyrospermum Parkii Butter, Peg100 Stearate, Aloe Barbadensis Leaf Juice Powder, Algin, AlphaGlucan Oligosaccharide, Arachidyl Glucoside, Ascorbyl Palmitate, Behenyl Alcohol, Bisabolol, C1220 Alkyl Glucoside, Caprylyl Glycol, Chlorella Vulgaris Extract, Disodium Phosphate, Epigallocatechin Gallatyl Glucoside, Ethylhexylglycerin, Gallyl Glucoside, Glyceryl Polyacrylate, Helianthus Annuus Seed Oil, Hydrogenated Palm Glycerides, Hydrogenated Palm Kernel Glycerides, Hydrolyzed Sodium Hyaluronate, Hydroxyethyl Acrylate, Lactic Acid, Lactobacillus, Laminaria Digitata Extract, Lecithin, Lonicera Caprifolium Flower Extract, Lonicera Japonica Flower Extract, Maltodextrin, Maris Aqua, Ozonized Oryza Sativa Callus Culture Extract, Phenethyl Alcohol, Polymnia Sonchifolia Root Juice, Potassium Phosphate, Propyl Gallate, Pullulan, Saccharide Isomerate, Serine, Sodium Carboxymethyl BetaGlucan, Sodium Hyaluronate, Sodium Polyacrylate Starch, Tetrasodium Glutamate Diacetate, Tocopherol, Trehalose, Urea, Zingiber Officinale Root Extract, Benzyl Alcohol, Phenoxyethanol, Salicylic Acid, Sorbic Acid, Parfum",59,2278,3.4,0.0,https://www.sephora.com/product/mask-imum-revival-hydra-plumping-mask-P433976?icid2=products%20grid:p433976,3.4,12.352941176470587
Hello FAB Ginger & Turmeric Vitamin C Jelly Mask,First Aid Beauty,facial-treatment-masks,32.0,"Butylene Glycol, Carbomer, Curcuma Longa Root Extract, Selaginella Lepidophylla Extract, Zingiber Officinale Root Extract, Ascorbyl Glucoside, Beta Vulgaris Root Extract, Glycyrrhiza Glabra Root Extract, Chrysanthemum Parthenium Extract, Camellia Sinensis Leaf Extract, Alteromonas Ferment Filtrate, Glycerin, Hydrolyzed Corn Starch, Allantoin, Sodium PCA, Zingiber Officinale Root Oil, Thymus Vulgaris Flower, Myrtus Communis Oil, Eugenia Caryophyllus Bud Oil, Eucalyptus Globulus Leaf Oil, Elettaria Cardamomum Seed Oil, Eugenia Caryophyllus Leaf Oil, Citrus Limon Peel Oil, Citrus Aurantifolia Oil, Biosaccharide Gum1, Lactic Acid, PAnisic Acid, Phenoxyethanol, Disodium EDTA, Lactobacillus Ferment, Sorbitan Oleate Decylglucoside Crosspolymer, Citric Acid, Sodium Hydroxide, Potassium Hydroxide, Terpineol Acetate, Linalyl Acetate, Geranyl Acetate, CI 75120",242,19254,4.0,0.0,https://www.sephora.com/product/hello-fab-ginger-turmeric-vitamin-c-jelly-mask-P424959?icid2=products%20grid:p424959,4.0,8.0
Clear Improvement™ Charcoal Honey Mask to Purify and Nourish,Origins,facial-treatment-masks,34.0,Essential Oil,869,17312,2.5,0.0,https://www.sephora.com/product/clear-improvement-tm-charcoal-honey-mask-to-purify-nourish-P433444?icid2=products%20grid:p433444,2.5,13.6
The Brilliance Brightening Mask,La Mer,facial-treatment-masks,250.0,"Declustered Water \Aqua\Eau DeStructuree, Declustered Water \Aqua\Eau DeStructuree, Methyl Gluceth20, Peg75, Butylene Glycol, Glycerin, BisPeg18 Methyl Ether Dimethyl Silane, Algae Extract, Sesamum Indicum Seed Oil, Medicago Sativa Seed Powder, Helianthus Annuus Seedcake, Prunus Amygdalus Dulcis Seed Meal, Eucalyptus Globulus Leaf Oil, Sodium Gluconate, Copper Gluconate, Calcium Gluconate, Magnesium Gluconate, Zinc Gluconate, Tocopheryl Succinate, Niacin, Sesamum Indicum Seed Powder, Ascophyllum Nodosum Extract, Corallina Officinalis Extract, Laminaria Saccharina Extract, Chlorella Vulgaris Extract, Laminaria Digitata Extract, Palmaria Palmata Extract, Pyrus Malus Fruit Extract, Hordeum Vulgare Extract\Extrait D'Orge, Triticum Vulgare Germ Extract, Morus Nigra Root Extract, Scutellaria Baicalensis Root Extract, Vitis Vinifera Seed Extract, Rosmarinus Officinalis Leaf Extract, Saccharomyces Lysate Extract, Citrus Reticulata Peel Extract, Asparagopsis Armata Extract, Sigesbeckia Orientalis Extract, Punica Granatum Fruit Juice, Citrullus Vulgaris Fruit Extract, Vitis Vinifera Fruit Extract, Tourmaline, Linolenic Acid, Lens Esculenta Fruit Extract, Polygonum Cuspidatum Root Extract, Oleth5, Glycereth26, Citrus Aurantifolia Peel Extract, Squalane, Humulus Lupulus Extract, Yeast Extract\Faex\Extrait De Levure, Acetyl Hexapeptide8, Tocopheryl Acetate, Caffeine, Hydrolyzed Rice Extract, Acetyl Glucosamine, Yeast Polysaccharides, Hydrolyzed Jojoba Esters, Sodium Rna, Oleth10 Phosphate, Camelina Sativa Seed Oil, Bifida Ferment Lysate, Sodium Hyaluronate, Sodium Pca, Tetraacetylphytosphingosine, Micrococcus Lysate, Sucrose, Carbomer, Caprylyl Glycol, Sorbitol, Dipotassium Glycyrrhizate, Tetrahexyldecyl Ascorbate, Sodium Hydroxide, Magnesium Ascorbyl Phosphate, Sodium Lactate, Xanthan Gum, Choleth24, Linoleic Acid, Hexylene Glycol, Ceteth24, Lecithin, Hydrogenated Lecithin, Ethylbisiminomethylguaiacol Manganese Chloride, Nordihydroguaiaretic Acid, Alcohol Denat, Fragrance, Disodium Edta, Bht, Hydroxycitronellal, Limonene, Linalool, Geraniol, Citronellol, Benzyl Salicylate, Benzyl Benzoate, Phenoxyethanol",19,6724,0.0,0.0,https://www.sephora.com/product/the-brilliance-brightening-mask-P418364?icid2=products%20grid:p418364,2.437163120567376,102.57827959492495
MOSCHINO + SEPHORA Toy Honey Mask,SEPHORA COLLECTION,facial-treatment-masks,8.0,"Declustered Water \Aqua\Eau DeStructuree, Declustered Water \Aqua\Eau DeStructuree, Methyl Gluceth20, Peg75, Butylene Glycol, Glycerin, BisPeg18 Methyl Ether Dimethyl Silane, Algae Extract, Sesamum Indicum Seed Oil, Medicago Sativa Seed Powder, Helianthus Annuus Seedcake, Prunus Amygdalus Dulcis Seed Meal, Eucalyptus Globulus Leaf Oil, Sodium Gluconate, Copper Gluconate, Calcium Gluconate, Magnesium Gluconate, Zinc Gluconate, Tocopheryl Succinate, Niacin, Sesamum Indicum Seed Powder, Ascophyllum Nodosum Extract, Corallina Officinalis Extract, Laminaria Saccharina Extract, Chlorella Vulgaris Extract, Laminaria Digitata Extract, Palmaria Palmata Extract, Pyrus Malus Fruit Extract, Hordeum Vulgare Extract\Extrait D'Orge, Triticum Vulgare Germ Extract, Morus Nigra Root Extract, Scutellaria Baicalensis Root Extract, Vitis Vinifera Seed Extract, Rosmarinus Officinalis Leaf Extract, Saccharomyces Lysate Extract, Citrus Reticulata Peel Extract, Asparagopsis Armata Extract, Sigesbeckia Orientalis Extract, Punica Granatum Fruit Juice, Citrullus Vulgaris Fruit Extract, Vitis Vinifera Fruit Extract, Tourmaline, Linolenic Acid, Lens Esculenta Fruit Extract, Polygonum Cuspidatum Root Extract, Oleth5, Glycereth26, Citrus Aurantifolia Peel Extract, Squalane, Humulus Lupulus Extract, Yeast Extract\Faex\Extrait De Levure, Acetyl Hexapeptide8, Tocopheryl Acetate, Caffeine, Hydrolyzed Rice Extract, Acetyl Glucosamine, Yeast Polysaccharides, Hydrolyzed Jojoba Esters, Sodium Rna, Oleth10 Phosphate, Camelina Sativa Seed Oil, Bifida Ferment Lysate, Sodium Hyaluronate, Sodium Pca, Tetraacetylphytosphingosine, Micrococcus Lysate, Sucrose, Carbomer, Caprylyl Glycol, Sorbitol, Dipotassium Glycyrrhizate, Tetrahexyldecyl Ascorbate, Sodium Hydroxide, Magnesium Ascorbyl Phosphate, Sodium Lactate, Xanthan Gum, Choleth24, Linoleic Acid, Hexylene Glycol, Ceteth24, Lecithin, Hydrogenated Lecithin, Ethylbisiminomethylguaiacol Manganese Chloride, Nordihydroguaiaretic Acid, Alcohol Denat, Fragrance, Disodium Edta, Bht, Hydroxycitronellal, Limonene, Linalool, Geraniol, Citronellol, Benzyl Salicylate, Benzyl Benzoate, Phenoxyethanol",19,5005,0.0,0.0,https://www.sephora.com/product/moschino-x-sephora-toy-honey-mask-P443775?icid2=products%20grid:p443775,2.437163120567376,3.282504947037598
Turmeric & Cranberry Seed Energizing Radiance Mask,Kiehl's Since 1851,facial-treatment-masks,45.0,"Kaolin, Sorbitol, Bentonite, Butylene Glycol, Silica, CI 77891, Vaccinium Macrocarpon Seed, Pentylene Glycol, 12Hexanediol, Simmondsia Chinensis Oil, Caprylyl Glycol, Xanthan Gum, Polysorbate 60, Polyacrylamide, CI 77492, Glycerin, C1314 Isoparaffin, Curcuma Longa Extract, Ascorbyl Glucoside, Trisodium Ethylenediamine Disuccinate, Laureth7, Eucalyptus Globulus Leaf Oil, Camellia Oleifera Leaf Extract, Mentha Piperita Extract, Menthol, Epilobium Angustifolium ExtractEpilobium Angustifolium Flower, Aminomethyl Propanol, Vaccinium Macrocarpon Seed Oil",115,18666,3.4,0.0,https://www.sephora.com/product/turmeric-cranberry-seed-energizing-radiance-mask-P422264?icid2=products%20grid:p422264,3.4,13.235294117647062
Calendula & Aloe Soothing Hydration Mask,Kiehl's Since 1851,facial-treatment-masks,45.0,"Glycerin, Aloe Barbadensis Leaf Juice, Butylene Glycol, Ppg26Buteth26, Peg40 Hydrogenated Castor Oil, Glyceryl Acrylate, Carbomer, Calendula Officinalis Flower, Phenoxyethanol, Limonene, Calendula Officinalis Flower Extract, Ethylhexylglycerin, Citrus Limon Peel Oil, Paeonia Suffruticosa Root Extract, Scutellaria Baicalensis Root Extract, Sodium Hydroxide, Citrus Aurantium Dulcis Peel Oil, Tocopheryl Acetate, Cassia Angustifolia Seed Polysaccharide, Pelargonium Graveolens Flower Oil, Anthemis Nobilis Flower Oil, Citral, Citric Acid, Potassium Sorbate, Artemisia Absinthium Extract, Sodium Benzoate, Tocopherol",50,11882,3.4,0.0,https://www.sephora.com/product/calendula-aloe-soothing-hydration-mask-P422014?icid2=products%20grid:p422014,3.4,13.235294117647062
The Lifting and Firming Mask Mini,La Mer,facial-treatment-masks,75.0,"Declustered Water \Aqua\Eau DeStructuree, Declustered Water \Aqua\Eau DeStructuree, Dimethicone, Hdi, Cyclopentasiloxane, Hydrogenated Polyisobutene, Hydrogenated Vegetable Oil, Caprylic, Polysilicone11, Peg100 Stearate, Peg8 Dimethicone, Peg10 Dimethicone, Algae Extract, Sesamum Indicum Seed Oil, Medicago Sativa Seed Powder, Helianthus Annuus Seedcake, Prunus Amygdalus Dulcis Seed Meal, Eucalyptus Globulus Leaf Oil, Sodium Gluconate, Copper Gluconate, Calcium Gluconate, Magnesium Gluconate, Zinc Gluconate, Tocopheryl Succinate, Niacin, Sesamum Indicum Seed Powder, Vitis Vinifera Seed Extract, Citrus Aurantifolia Peel Extract, Sigesbeckia Orientalis Extract, Crithmum Maritimum Extract, Eryngium Maritimum Extract, Polygonum Cuspidatum Root Extract, Silybum Marianum Extract, Bupleurum Falcatum root extract, humulus lupulus Extract, Citrus Reticulata Peel Extract, Mimosa Tenuiflora Bark Extract, Narcissus Tazetta Bulb Extract, Chlorella Vulgaris Extract, Saccharomyces Lysate Extract, Prunus Mume Fruit Extract, Whey Protein\Lactis Protein\Proteine Du PetitLait, Gelidium Cartilagineum Extract, Glycerin, Coenzyme A, Micrococcus Lysate, Laminaria Digitata Extract, Rosma rinus Officinalis Extract, Laminaria Ochroleuca Extract, Punica Granatum Fruit Juice, Sorbitol, Corallina Officinalis Extract, Molasses Extract\Saccharum Officinarum\Extrait De Melasse, Glycine Soja Seed Extract, Tourmaline, Caffeine, Linolenic Acid, Hydrogenated Lecithin, Gold, Hydrolyzed Wheat Protein, Glycosaminoglycans, Palmitoyl Oligopeptide, Ammonium Acryloyldimethyltaurate, Bifida Ferment Lysate, Alcaligenes Polysaccharides, Butylene Glycol, Tetraacetylphytosphingosine, Dipotassium Glycyrrhizate, Lecithin, Acetyl Glucosamine, Sodium Hyaluronate, Laureth23, Acetyl Hexapeptide8, Linoleic Acid, Dipalmitoyl Hydroxyproline, Propylene Glycol Diethylhexanoate, Yeast Extract\Faex\Extrait De Levure, Caprylic, Laureth4, Tocopheryl Acetate, Diethylhexyl Syringylidenemalonate, Pentylene Glycol, Peg8, Potassium Sorbate, Yeast Polysaccharides, Hydroxypropyl Cyclodextrin, Nordihydroguaiaretic Acid, Cyclodextrin, Maltodextrin, Sucrose, Glyceryl Polymethacrylate, Fragrance, Polymethylsilsesquioxane, Silica, Ethylbisiminomethylguaiacol Manganese Chloride, Disodium Edta, Phenoxyethanol, Linalool, Hydroxycitronellal, Citronellol, Geraniol, Limonene, Green 5",9,2361,0.0,0.5,https://www.sephora.com/product/the-lifting-firming-mask-mini-P428637?icid2=products%20grid:p428637,0.5,150.0
Goddess Clay Mask,Charlotte Tilbury,facial-treatment-masks,55.0,"Stearic Acid, Glycerin, Prunus Amygdalus Dulcis Oil, Kaolin, Titanium Dioxide, Glyceryl Stearate, Triethanolamine, Phenoxyethanol, Ethylhexylglycerin, Parfum, Chlorphenesin, Disodium Edta, Rosa Canina Fruit Oil, Peg8, Iron Oxides, Iron Oxides, Iron Oxides, Helianthus Annuus Seed Oil, Tocopherol, Ascorbyl Palmitate, Nicotiana Sylvestris Leaf Cell Culture, Ascorbic Acid, Citric Acid, Plumeria Rubra Flower Extract, Hexyl Cinnamal, Benzyl Benzoate, Linalool, Hydroxycitronellal, Cinnamyl Alcohol",32,6532,2.54,0.0,https://www.sephora.com/product/goddess-clay-mask-P433522?icid2=products%20grid:p433522,2.54,21.653543307086615
Squalane + Vitamin C Rose Mask,Biossance,facial-treatment-masks,48.0,"Stearic Acid, Glycerin, Prunus Amygdalus Dulcis Oil, Kaolin, Titanium Dioxide, Glyceryl Stearate, Triethanolamine, Phenoxyethanol, Ethylhexylglycerin, Parfum, Chlorphenesin, Disodium Edta, Rosa Canina Fruit Oil, Peg8, Iron Oxides, Iron Oxides, Iron Oxides, Helianthus Annuus Seed Oil, Tocopherol, Ascorbyl Palmitate, Nicotiana Sylvestris Leaf Cell Culture, Ascorbic Acid, Citric Acid, Plumeria Rubra Flower Extract, Hexyl Cinnamal, Benzyl Benzoate, Linalool, Hydroxycitronellal, Cinnamyl Alcohol",324,8822,1.69,0.0,https://www.sephora.com/product/squalane-vitamin-c-rose-flash-mask-P444618?icid2=products%20grid:p444618,1.69,28.402366863905325
ALIVE Prebiotic Balancing Mask,Algenist,facial-treatment-masks,38.0,"Glycerin, Water, Sodium Cocoyl Glycinate, Propanediol, Kaolin, Lactococcus Ferment Lysate, Bentonite, Magnesium Aluminum Silicate, Maltooligosyl Glucoside, Myristic Acid, Lactic Acid, Glyceryl Stearate, Algae Oligosaccharides, Chlorella Vulgaris Extract, Alteromonas Ferment Extract, Corallina Officinalis Extract, Curcuma Longa Root Extract, Melia Azadirachta Leaf Extract, Melia Azadirachta Flower Extract, Ocimum Basilicum Flower, Ocimum Sanctum Leaf Extract, Tocopherol, Hydrogenated Starch Hydrolysate, Cocamidopropyl Betaine, Sodium Methyl Oleoyl Taurate, Butylene Glycol, CocoGlucoside, Lauryl Glucoside, Styrene, Phytosteryl, Ethylhexylglycerin, Lauric Acid, Palmitic Acid, Cellulose Gum, Sucrose, Sodium Chloride, Mica, Sodium Benzoate, Phenoxyethanol, Titanium Dioxide, Iron Oxides, Manganese Violet, Chromium Hydroxide Green",57,6933,1.7,0.0,https://www.sephora.com/product/alive-prebiotic-balancing-mask-P442859?icid2=products%20grid:p442859,1.7,22.35294117647059
Avocado Nourishing Hydration Mask,Kiehl's Since 1851,facial-treatment-masks,45.0,"Glycerin, Water, Sodium Cocoyl Glycinate, Propanediol, Kaolin, Lactococcus Ferment Lysate, Bentonite, Magnesium Aluminum Silicate, Maltooligosyl Glucoside, Myristic Acid, Lactic Acid, Glyceryl Stearate, Algae Oligosaccharides, Chlorella Vulgaris Extract, Alteromonas Ferment Extract, Corallina Officinalis Extract, Curcuma Longa Root Extract, Melia Azadirachta Leaf Extract, Melia Azadirachta Flower Extract, Ocimum Basilicum Flower, Ocimum Sanctum Leaf Extract, Tocopherol, Hydrogenated Starch Hydrolysate, Cocamidopropyl Betaine, Sodium Methyl Oleoyl Taurate, Butylene Glycol, CocoGlucoside, Lauryl Glucoside, Styrene, Phytosteryl, Ethylhexylglycerin, Lauric Acid, Palmitic Acid, Cellulose Gum, Sucrose, Sodium Chloride, Mica, Sodium Benzoate, Phenoxyethanol, Titanium Dioxide, Iron Oxides, Manganese Violet, Chromium Hydroxide Green",210,6417,3.4,0.0,https://www.sephora.com/product/kiehls-avocado-nourishing-hydration-mask-P446422?icid2=products%20grid:p446422,3.4,13.235294117647062
Vitamin C Glow Face Mask,Fresh,facial-treatment-masks,62.0,"Glucose, Citrus Limon Fruit Extract, Citrus Clementina Fruit Extract, Citrus Sinensis Fruit Extract, Fructose, Glycerin, Sucrose, Citrus Medica Limonum Fruit Extract, Vaccinium Myrtillus Fruit Extract, Pyrus Cydonia Seed Extract, Saccharum Officinarum Extract, Glycine Soja Oil, Citrus Aurantium Dulcis Fruit Extract, Acer Saccharum Extract, Tocopheryl Acetate, Ascorbyl Tetraisopalmitate, Tocopherol, Xanthan Gum, Butylene Glycol, Sclerotium Gum, Tetrasodium EDTA, Sodium Citrate, Parfum, Panthenol, Caramel, Sodium Metabisulfite, Citric Acid, Potassium Sorbate, Magnesium Aspartate, Zinc Gluconate, Copper Gluconate, CI 75120, Phenoxyethanol, Limonene",510,36928,0.0,3.3,https://www.sephora.com/product/vitamin-nectar-vibrancy-boosting-face-mask-P410401?icid2=products%20grid:p410401,3.3,18.78787878787879
pores no more® Vacuum Cleaner® Pore Purifying Mask,Dr. Brandt Skincare,facial-treatment-masks,42.0,"Glucose, Citrus Limon Fruit Extract, Citrus Clementina Fruit Extract, Citrus Sinensis Fruit Extract, Fructose, Glycerin, Sucrose, Citrus Medica Limonum Fruit Extract, Vaccinium Myrtillus Fruit Extract, Pyrus Cydonia Seed Extract, Saccharum Officinarum Extract, Glycine Soja Oil, Citrus Aurantium Dulcis Fruit Extract, Acer Saccharum Extract, Tocopheryl Acetate, Ascorbyl Tetraisopalmitate, Tocopherol, Xanthan Gum, Butylene Glycol, Sclerotium Gum, Tetrasodium EDTA, Sodium Citrate, Parfum, Panthenol, Caramel, Sodium Metabisulfite, Citric Acid, Potassium Sorbate, Magnesium Aspartate, Zinc Gluconate, Copper Gluconate, CI 75120, Phenoxyethanol, Limonene",174,8876,1.0,0.0,https://www.sephora.com/product/pores-no-more-vacuum-cleaner-pore-purifying-mask-P429662?icid2=products%20grid:p429662,1.0,42.0
R + R Mask,Summer Fridays,facial-treatment-masks,52.0,"Carthamus Tinctorius Seed Oil, Sucrose, Silica, Sesamum Indicum Seed Oil, Argania Spinosa Kernel Oil, Caprylic, Hydrogenated Vegetable Oil, Tetrahexyldecyl Ascorbate, Rosa Damascene Flower Oil, Rosa Gallica Flower Powder, Tocopherol, Persea Gratissima Oil, Vitis Vinifera Seed Oil, Tocopheryl Acetate, Fragrance, Phenoxyethanol, Ethylhexylglycerin",359,34884,2.25,0.0,https://www.sephora.com/product/r-r-mask-P440504?icid2=products%20grid:p440504,2.25,23.11111111111111
SUPERMASK - The Freezing Mask,SEPHORA COLLECTION,facial-treatment-masks,6.0,"Glycerin, Caprylic, Butylene Glycol, 12Hexanediol, Aloe Barbadensis Leaf Juice, Ceratonia Siliqua Gum, Chondrus Crispus Extract, Caprylic, PEG60 Hydrogenated Castor Oil, CI 42090, Pseudoalteromonas Ferment Extract, Potassium Chloride, Polyacrylate13, CI 19140, Phenyl Trimethicone, Allantoin, Menthyl PCA, Sucrose, Polyisobutene, Fragrance, Eucalyptus Globulus Leaf Menthol, Polysorbate 20, Sorbitan Isostearate, Disodium EDTA, Isopropyl Alcohol, Citric Acid, Dipropylene Glycol, Caprylyl Glycol, Sodium Benzoate, Potassium Sorbate, Potassium Hydroxide",99,10673,0.0,0.0,https://www.sephora.com/product/supermask-freezing-mask-P442590?icid2=products%20grid:p442590,2.437163120567376,2.4618787102781985
Instant Masks,SEPHORA COLLECTION,facial-treatment-masks,7.0,"Fructose, PVP, Ethylhexyl Stearate, Glycerin, CI 77891, Xanthan Gum, Polyacrylamide, Phenoxyethanol, C1314 Isoparaffin, Menthyl Lactate, Laureth7, Ethylhexyl Methoxycinnamate, Disodium EDTA, Ethylhexylglycerin, Poloxamer 338, Fragrance, BHT, Ethylhexyl Salicylate, Butyl Methoxydibenzoylmethane, CI 77492, PPG51, Mentha Piperita Leaf Extract, Citric Acid, CI 42090, Sodium Benzoate, Potassium Sorbate, Sodium Citrate, Tocopherol",263,29783,0.0,0.0,https://www.sephora.com/product/instamasks-P442589?icid2=products%20grid:p442589,2.437163120567376,2.8721918286578982
SUPERMASK - The Bubble Mask,SEPHORA COLLECTION,facial-treatment-masks,6.0,"Fructose, PVP, Ethylhexyl Stearate, Glycerin, CI 77891, Xanthan Gum, Polyacrylamide, Phenoxyethanol, C1314 Isoparaffin, Menthyl Lactate, Laureth7, Ethylhexyl Methoxycinnamate, Disodium EDTA, Ethylhexylglycerin, Poloxamer 338, Fragrance, BHT, Ethylhexyl Salicylate, Butyl Methoxydibenzoylmethane, CI 77492, PPG51, Mentha Piperita Leaf Extract, Citric Acid, CI 42090, Sodium Benzoate, Potassium Sorbate, Sodium Citrate, Tocopherol",183,15360,0.0,0.0,https://www.sephora.com/product/bubble-mask-P432420?icid2=products%20grid:p432420,2.437163120567376,2.4618787102781985
Face Mask - Coconut - Nourishing,SEPHORA COLLECTION,facial-treatment-masks,6.0,"Butylene Glycol, Glycerin, Betaine, Mannitol, 12Hexanediol, Hydroxyacetophenone, Saccharide Isomerate, Xanthan Gum, Ammonium Glycyrrhizate, Chenopodium Quinoa Seed Extract, PEG40 Hydrogenated Castor Oil, Parfum, Caffeine, Zinc Gluconate, Cocos Nucifera Fruit Extract, Phenoxyethanol, Cocos Nucifera Oil, Citric Acid, Aesculus Hippocastanum Seed Extract, Sodium Citrate, Potassium Sorbate, Sodium Benzoate, Gardenia Tahitensis Flower, Tocopherol",17,0,0.0,0.0,https://www.sephora.com/product/face-mask-coconut-P432067?icid2=products%20grid:p432067,2.437163120567376,2.4618787102781985
Quench Intense Hydration Mask,Saturday Skin,facial-treatment-masks,6.0,"Butylene Glycol, Glycerin, Betaine, Mannitol, 12Hexanediol, Hydroxyacetophenone, Saccharide Isomerate, Xanthan Gum, Ammonium Glycyrrhizate, Chenopodium Quinoa Seed Extract, PEG40 Hydrogenated Castor Oil, Parfum, Caffeine, Zinc Gluconate, Cocos Nucifera Fruit Extract, Phenoxyethanol, Cocos Nucifera Oil, Citric Acid, Aesculus Hippocastanum Seed Extract, Sodium Citrate, Potassium Sorbate, Sodium Benzoate, Gardenia Tahitensis Flower, Tocopherol",768,9813,0.0,0.0,https://www.sephora.com/product/quench-intense-hydration-mask-P423683?icid2=products%20grid:p423683,2.437163120567376,2.4618787102781985
Redness Recovery+ Antioxidant Redness Treatment Overnight Mask,Skinfix,facial-treatment-masks,50.0,"Glycerin, Tridecyl Neopentanoate, Cetearyl Ethylhexanoate, Olus Oil, Propanediol, Glyceryl Stearate Citrate, Ammonium Acryloyldimethyltaurate, Vitis Vinifera Seed Oil, Isosorbide Disunflowerseedate, Isosorbide Dicaprylate, Tetrapeptide14, Echium Plantagineum Seed Oil, Aspalathus Linearis Extract, Hydrolyzed Hyaluronic Acid, Mel Extract, Boswellia Serrata Extract, Ceramide NP, Phytosphingosine, Ceramide AP, Cholesterol, Ceramide EOP, Colloidal Oatmeal, Rosa Damascena Flower Cucumis Sativus Fruit Simmondsia Chinensis Seed Wax, Olea Europaea Husk Oil, Helianthus Annuus Seed Oil, Camellia Sinensis Leaf Extract, Aloe Barbadensis Leaf Juice, Tocopherol, Trisodium Ethylenediamine Disuccinate, Butylene Glycol, Xanthan Gum, Ethylhexylglycerin, Sodium Lauroyl Lactylate, Carbomer, Phenoxyethanol, Potassium Sorbate, Sodium Benzoate, Citric Acid, ChlorophyllinCopper Complex",189,7328,1.7,0.0,https://www.sephora.com/product/redness-recovery-antioxidant-redness-treatment-overnight-mask-P442850?icid2=products%20grid:p442850,1.7,29.411764705882355
Bright Lover Rubber Mask,Dr. Jart+,facial-treatment-masks,12.0,"Glycerin, Tridecyl Neopentanoate, Cetearyl Ethylhexanoate, Olus Oil, Propanediol, Glyceryl Stearate Citrate, Ammonium Acryloyldimethyltaurate, Vitis Vinifera Seed Oil, Isosorbide Disunflowerseedate, Isosorbide Dicaprylate, Tetrapeptide14, Echium Plantagineum Seed Oil, Aspalathus Linearis Extract, Hydrolyzed Hyaluronic Acid, Mel Extract, Boswellia Serrata Extract, Ceramide NP, Phytosphingosine, Ceramide AP, Cholesterol, Ceramide EOP, Colloidal Oatmeal, Rosa Damascena Flower Cucumis Sativus Fruit Simmondsia Chinensis Seed Wax, Olea Europaea Husk Oil, Helianthus Annuus Seed Oil, Camellia Sinensis Leaf Extract, Aloe Barbadensis Leaf Juice, Tocopherol, Trisodium Ethylenediamine Disuccinate, Butylene Glycol, Xanthan Gum, Ethylhexylglycerin, Sodium Lauroyl Lactylate, Carbomer, Phenoxyethanol, Potassium Sorbate, Sodium Benzoate, Citric Acid, ChlorophyllinCopper Complex",88,14088,1.5,0.0,https://www.sephora.com/product/bright-lover-rubber-mask-P418171?icid2=products%20grid:p418171,1.5,8.0
Cucumber Gel Mask Extreme Detoxifying Hydrator,Peter Thomas Roth,facial-treatment-masks,55.0,"Butylene Glycol, Cucumis Sativus Fruit Extract, Ananas Sativus Fruit Extract, Vaccinium Myrtillus Fruit, Carica Papaya Fruit Extract, Acer Saccharum Extract, Saccharum Officinarum Extract, Aloe Barbadensis Leaf Juice, Chamomilla Recutita Flower Extract, Chamomilla Recutita Flower Oil, Citrus Limon Fruit Extract, Citrus Aurantium Dulcis Fruit Extract, Mangifera Indica Fruit Extract, Sodium Pca, Allantoin, Glycerin, Propylene Glycol, Disodium Edta, Sodium Hydroxide, Citric Acid, Carbomer, Triethanolamine, Polysorbate 20, Potassium Sorbate, Sodium Benzoate, Phenoxyethanol, Yellow 5, Blue 1",438,16414,5.0,0.0,https://www.sephora.com/product/cucumber-gel-mask-extreme-detoxifying-hydrator-P382204?icid2=products%20grid:p382204,5.0,11.0
Superfood Skin Reset Antioxidant Mask,Youth To The People,facial-treatment-masks,44.0,"Kaolin, Glycerin, Brassica Oleracea Leaf Extract, OrganiSpinacia Oleracea Leaf Extract, Camellia Sinensis Leaf ExtractChamomilla Recutita Flower Extract, Medicago Sativa Leaf Extract, Spirulina Platensis Seed Oil, Stearic Acid, GlyceryStearate, Tocopheryl Acetate, Ascorbic Acid, Panthenol Sodium Hyaluronate Crosspolymer, Algae Extract, Chlorophyll, Sodium Citrate, SodiuAscorbate, Lecithin, Natural Fragrance, Pentylene Glycol, Ethylhexylglycerin, PhenoxyethanolPotassium Sorbate",104,22115,2.0,0.0,https://www.sephora.com/product/spirulina-microalgae-kale-spinach-age-prevention-superfood-mask-P417939?icid2=products%20grid:p417939,2.0,22.0
Brighten Pineapple Enzyme + Gemstone Instant Glow Mask,Herbivore,facial-treatment-masks,48.0,"Aloe Barbadensis Leaf Juice, Hydroxyethyl Cellulose, Glycerin, Carica Papaya Fruit Extract, Pineapple Natural Melange, Citrus Aurantium var Amara, Carica Papaya Leaf Extract, Ananas Comosus Fruit Extract, Brazilian Micronized Tourmaline Gemstone Powder, Oryza Sativa Powder, Leucidal",129,26468,2.0,0.0,https://www.sephora.com/product/brighten-pineapple-enzyme-gemstone-instant-glow-mask-P400206?icid2=products%20grid:p400206,2.0,24.0
Hyaluronic Marine Hydrating Modeling Mask,Dr. Dennis Gross Skincare,facial-treatment-masks,48.0,"Glucose, Calcium Sulfate, Tetrasodium Pyrophosphate, Magnesium Oxide, Water",56,5648,0.0,0.0,https://www.sephora.com/product/hyaluronic-marine-infusion-modeling-mask-P411360?icid2=products%20grid:p411360,2.437163120567376,19.695029682225584
Treatment Lotion Hydrating Mask,La Mer,facial-treatment-masks,30.0,"Water\Aqua\Eau, Algae Extract, Glycerin, Methyl Gluceth20, BisPeg18 Methyl Ether Dimethyl Silane, Butylene Glycol, Hypnea Musciformis Extract, Sucrose, Propanediol, Sesamum Indicum Seed Oil, Medicago Sativa Seed Powder, Helianthus Annuus Seedcake, Prunus Amygdalus Dulcis Seed Meal, Eucalyptus Globulus Leaf Oil, Sodium Gluconate, Copper Gluconate, Calcium Gluconate, Magnesium Gluconate, Zinc Gluconate, Tocopheryl Succinate, Niacin, Sesamum Indicum Seed Powder, Citrus Aurantifolia Peel Extract, Glycine Soja Seed Extract, Acetyl Hexapeptide8, Acetyl Dipeptide1 Cetyl Ester, Sea Salt\Maris Sal\Sel Marin, Codium Tomentosum Extract, Gelidiella Acerosa Extract, Caffeine, Laminaria Saccharina Extract, Alcaligenes Polysaccharides, Dipotassium Glycyrrhizate, Glycereth26, Laminaria Digitata Extract, Plankton Extract, Glycosaminoglycans, Palmaria Palmata Extract, Peg8, Ethylhexylglycerin, Sodium Pca, Urea, Ppg5Ceteth20, Jojoba Wax Peg120 Esters, Polysorbate 20, Carbomer, Yeast Extract\Faex\Extrait De Levure, Sodium Hyaluronate, Xanthan Gum, Pentylene Glycol, Trehalose, Laureth3, Hydrolyzed Yeast Protein, Hydroxyethylcellulose, Caprylyl Glycol, Fragrance, Tourmaline, Hydroxypropyl Cyclodextrin, Glycine Soja Protein, Alcohol Denat, Sodium Hydroxide, Lecithin, Polyquaternium51, Disodium Edta, Citronellol, Geraniol, Hydroxycitronellal, Linalool, Limonene, Potassium Sorbate, Chlorphenesin, Phenoxyethanol",9,5182,0.0,0.0,https://www.sephora.com/product/treatment-lotion-hydrating-mask-P437980?icid2=products%20grid:p437980,2.437163120567376,12.309393551390992
Noni Glow Sleeping Mask,KORA Organics,facial-treatment-masks,48.0,"Water\Aqua\Eau, Algae Extract, Glycerin, Methyl Gluceth20, BisPeg18 Methyl Ether Dimethyl Silane, Butylene Glycol, Hypnea Musciformis Extract, Sucrose, Propanediol, Sesamum Indicum Seed Oil, Medicago Sativa Seed Powder, Helianthus Annuus Seedcake, Prunus Amygdalus Dulcis Seed Meal, Eucalyptus Globulus Leaf Oil, Sodium Gluconate, Copper Gluconate, Calcium Gluconate, Magnesium Gluconate, Zinc Gluconate, Tocopheryl Succinate, Niacin, Sesamum Indicum Seed Powder, Citrus Aurantifolia Peel Extract, Glycine Soja Seed Extract, Acetyl Hexapeptide8, Acetyl Dipeptide1 Cetyl Ester, Sea Salt\Maris Sal\Sel Marin, Codium Tomentosum Extract, Gelidiella Acerosa Extract, Caffeine, Laminaria Saccharina Extract, Alcaligenes Polysaccharides, Dipotassium Glycyrrhizate, Glycereth26, Laminaria Digitata Extract, Plankton Extract, Glycosaminoglycans, Palmaria Palmata Extract, Peg8, Ethylhexylglycerin, Sodium Pca, Urea, Ppg5Ceteth20, Jojoba Wax Peg120 Esters, Polysorbate 20, Carbomer, Yeast Extract\Faex\Extrait De Levure, Sodium Hyaluronate, Xanthan Gum, Pentylene Glycol, Trehalose, Laureth3, Hydrolyzed Yeast Protein, Hydroxyethylcellulose, Caprylyl Glycol, Fragrance, Tourmaline, Hydroxypropyl Cyclodextrin, Glycine Soja Protein, Alcohol Denat, Sodium Hydroxide, Lecithin, Polyquaternium51, Disodium Edta, Citronellol, Geraniol, Hydroxycitronellal, Linalool, Limonene, Potassium Sorbate, Chlorphenesin, Phenoxyethanol",43,6483,3.38,0.0,https://www.sephora.com/product/noni-glow-sleeping-mask-P440072?icid2=products%20grid:p440072,3.38,14.201183431952662
Hydrating Lip Mask,SEPHORA COLLECTION,facial-treatment-masks,3.0,"Butylene Glycol, Glycerin, Propanediol, 12Hexanediol, Olive Oil Glycereth8 Esters, Phenoxyethanol, Arginine, Carbomer, Xanthan Gum, Allantoin, Panthenol, Sodium Saccharin, Dipotassium Glycyrrhizate, Sodium Citrate, Sodium Hyaluronate, Ethylhexylglycerin, Polysorbate 20, Disodium EDTA, Parfum, Tocopheryl Acetate, Butyrospermum Parkii Butter Extract Extract, Leontopodium Alpinum Extract, CI 17200, Sodium Benzoate, Citric Acid, Tocopherol",177,12241,0.0,0.0,https://www.sephora.com/product/lip-mask-P429724?icid2=products%20grid:p429724,2.437163120567376,1.2309393551390992
Purifying Pore & Blackhead Detox Mask,Tata Harper,facial-treatment-masks,72.0,"Butylene Glycol, Glycerin, Propanediol, 12Hexanediol, Olive Oil Glycereth8 Esters, Phenoxyethanol, Arginine, Carbomer, Xanthan Gum, Allantoin, Panthenol, Sodium Saccharin, Dipotassium Glycyrrhizate, Sodium Citrate, Sodium Hyaluronate, Ethylhexylglycerin, Polysorbate 20, Disodium EDTA, Parfum, Tocopheryl Acetate, Butyrospermum Parkii Butter Extract Extract, Leontopodium Alpinum Extract, CI 17200, Sodium Benzoate, Citric Acid, Tocopherol",103,15552,1.0,0.0,https://www.sephora.com/product/purifying-mask-P408301?icid2=products%20grid:p408301,1.0,72.0
Spotlight Brightening Mask,Saturday Skin,facial-treatment-masks,6.0,"Butylene Glycol, Glycerin, Propanediol, 12Hexanediol, Olive Oil Glycereth8 Esters, Phenoxyethanol, Arginine, Carbomer, Xanthan Gum, Allantoin, Panthenol, Sodium Saccharin, Dipotassium Glycyrrhizate, Sodium Citrate, Sodium Hyaluronate, Ethylhexylglycerin, Polysorbate 20, Disodium EDTA, Parfum, Tocopheryl Acetate, Butyrospermum Parkii Butter Extract Extract, Leontopodium Alpinum Extract, CI 17200, Sodium Benzoate, Citric Acid, Tocopherol",191,21456,0.0,0.0,https://www.sephora.com/product/spotlight-brightening-mask-P423684?icid2=products%20grid:p423684,2.437163120567376,2.4618787102781985
Clear Skin Lover Rubber Mask,Dr. Jart+,facial-treatment-masks,12.0,"Methylpropanediol, Chondrus Crispus Extract, Glycerin, 12Hexanediol, Algin, Calcium Lactate, Butylene Glycol, Gelidium Cartilagineum Extract, Laminaria Japonica Extract, Enteromorpha Compressa Extract, Spirulina PlatensisExtract, Undaria Pinnatifida Extract, Dipotassium Glycyrrhizate, Panthenol, Allantoin, PEG60 Hydrogenated Castor Oil, Titanium Dioxide, Polymethylsilsesquioxane, Peat Potassium Sorbate, Acacia Senegal Gum, Hydroxypropyl Methylcellulose, Silica, Melaleuca Alternifolia Leaf Oil, Disodium EDTA, CeratoniaSiliqua Gum, Sucrose, Potassium Chloride, Xanthan Gum, Citric Acid, SodiumCitrate, Phenoxyethanol, Ethylhexylglycerin",179,18004,1.5,0.0,https://www.sephora.com/product/clear-skin-lover-rubber-mask-P418169?icid2=products%20grid:p418169,1.5,8.0
Irish Moor Mud Purifying Black Mask,Peter Thomas Roth,facial-treatment-masks,60.0,"Glycerin, Peat, Charcoal Powder, Polyacrylamide, Lava Powder, Sargassum Fusiforme Extract, Kaolin, Bentonite, Lactic Acid, C1314 Isoparaffin, Isohexadecane, Sodium Acrylate, Dimethicone, Xanthan Gum, Disodium Edta, Polysorbate 80, Laureth7, Sorbitan Oleate, Sodium Benzoate, Potassium Sorbate, Phenoxyethanol, Mica",502,21019,5.0,0.0,https://www.sephora.com/product/irish-moor-mud-purifying-black-mask-P392608?icid2=products%20grid:p392608,5.0,12.0
Face Mask - Pineapple - Pore Perfecting,SEPHORA COLLECTION,facial-treatment-masks,6.0,"Butylene Glycol, Glycerin, Betaine, 12Hexanediol, Hydroxyacetophenone, Xanthan Gum, Glycosyl Trehalose, Sodium Polyglutamate, Sodium Polyglutamate Crosspolymer, Phosphatidylcholine, Parfum, Phenoxyethanol, Polysorbate 80, Ananas Sativus Fruit Extract, Ascorbyl Palmitate, Ubiquinone, Tocopheryl Acetate, Potassium Sorbate, Sodium Benzoate, Citric Acid",15,0,0.0,0.0,https://www.sephora.com/product/face-mask-pineapple-P432069?icid2=products%20grid:p432069,2.437163120567376,2.4618787102781985
Youth Revolution Radiance Crème & Masque,AMOREPACIFIC,facial-treatment-masks,200.0,"Butylene Glycol, Glycerin, Betaine, 12Hexanediol, Hydroxyacetophenone, Xanthan Gum, Glycosyl Trehalose, Sodium Polyglutamate, Sodium Polyglutamate Crosspolymer, Phosphatidylcholine, Parfum, Phenoxyethanol, Polysorbate 80, Ananas Sativus Fruit Extract, Ascorbyl Palmitate, Ubiquinone, Tocopheryl Acetate, Potassium Sorbate, Sodium Benzoate, Citric Acid",22,903,1.7,0.0,https://www.sephora.com/product/youth-revolution-radiance-creme-masque-P441062?icid2=products%20grid:p441062,1.7,117.64705882352942
Firm Lover Rubber Mask,Dr. Jart+,facial-treatment-masks,12.0,"Methylpropanediol, Chondrus Crispus Extract, Glycerin, 12Hexanediol, Algin, Calcium Lactate, Butylene Glycol, Porphyra Yezoensis Extract, Gelidium Cartilagineum Extract, Dipotassium Glycyrrhizate, Panthenol, Allantoin, PEG60 Hydrogenated Castor Oil, Titanium Dioxide, Polymethylsilsesquioxane, EcliptaProstrata Extract, Melia Azadirachta Leaf Extract, Moringa Oleifera Seed Oil, Silica, Rosmarinus Officinalis Leaf Oil, Disodium EDTA, Ceratonia Siliqua Gum, Sucrose, Potassium Chloride, Xanthan Gum, Citric Acid, Sodium Citrate, Phenoxyethanol, Ethylhexylglycerin",48,9437,1.5,0.0,https://www.sephora.com/product/firm-lover-rubber-mask-P418170?icid2=products%20grid:p418170,1.5,8.0
Mini Pore Waterclay Mask,LANEIGE,facial-treatment-masks,25.0,"Sea Silt, Kaolin, Glycerin, Bentonite, Alcohol, Microcrystalline Cellulose, Mentha Piperita Extract, Pinus Sylvestris Bud Extract, Phytosphingosine, Glyceryl Caprylate, Lecithin, Ceteareth20, Cetyl Alcohol, Cellulose Gum, Stearyl Alcohol, Ethylhexylglycerin, Xanthan Gum, Titanium Dioxide, Pentylene Glycol, Hydrogenated Polydecene, Disodium EDTA, Phenoxyethanol, Iron Oxides",153,20503,2.3,0.0,https://www.sephora.com/product/mini-pore-waterclay-mask-P420660?icid2=products%20grid:p420660,2.3,10.869565217391305
BERRYGLOW™  Probiotic Recovery Face Mask,GLAMGLOW,facial-treatment-masks,49.0,"Butylene Glycol, Simmondsia Chinensis Seed Oil, Butyrospermum Parkii Butter, Glycerin, Pentaerythrityl Tetraethylhexanoate, Lactobacillus Ferment, Vaccinium Angustifolium Fruit Extract, Vaccinium Macrocarpon Fruit Extract, Lycium Chinense Fruit Extract, Hibiscus Sabdariffa Flower Extract, Beta Vulgaris Root Extract, Haberlea Rhodopensis Leaf Extract, Sodium Hyaluronate, Acetyl Glucosamine, Trehalose, Tocopherol, Yeast Extract, Tocopheryl Acetate, Ethylhexylglycerin, Xanthan Gum, Potassium Cetyl Phosphate, Sodium Hydroxide, PEG240, Glyceryl Stearate, PEG100 Stearate, Hydrogenated Palm Glycerides, Citric Acid, Ammonium Acryloyldimethyltaurate, Fragrance, Limonene, BHT, Phenoxyethanol, Potassium Sorbate, Ext Violet 2, Red 6, Red 33",81,12148,2.5,0.0,https://www.sephora.com/product/berryglow-probiotic-recovery-face-mask-P446105?icid2=products%20grid:p446105,2.5,19.6
Purifying Mud Mask: Clear & Mattify,SEPHORA COLLECTION,facial-treatment-masks,16.0,"Kaolin, Glycerin, Bentonite, Capryloyl Glycine, Citrus Aurantium Dulcis Peel Powder, C1018 Triglycerides, Fragrance, CI 77499, Butylene Glycol, Sodium Hydroxide, 12Hexanediol, Caprylyl Glycol, Zinc PCA, OCymen5Ol, Copper PCA, Pentylene Glycol, Magnesium Aspartate Zinc Gluconate Copper Gluconate",71,5314,0.0,0.0,https://www.sephora.com/product/purifying-mud-mask-clear-mattify-P442593?icid2=products%20grid:p442593,2.437163120567376,6.565009894075196
Rose Stem Cell Bio-Repair Gel Mask,Peter Thomas Roth,facial-treatment-masks,55.0,"Butylene Glycol, Propanediol, Peg40 Hydrogenated Castor Oil, Trideceth9, Triethanolmaine, Carbomer, Rosa Centifolia Leaf Cell Extract, Rosa Alba Leaf Cell Extract, Rosa Damascena Leaf Cell Extract, Rosa Canina Fruit Extract, Rosa Damascena Flower Oil, Rosa Canina Fruit Oil, Rose Centifolia Flower Commiphora Myrrha Leaf Cell Extract, Adenium Obesum Leaf Cell Extract, Leuconostoc, Glycerin, Allantoin, Aloe Barbadensis Leaf Juice, BHT, Sodium PCA, Propylene Glycol, Ethylhexylglycerin, PPG26 Buteth26, Ethylhexyl Salicylate, Butyl Methoxydibenzoylimethane, Ethylhexyl Methoxycinnamate, Disodium EDTA, Potassium Sorbate, Red 33",239,13856,5.0,0.0,https://www.sephora.com/product/rose-stem-cell-bio-repair-gel-mask-P386377?icid2=products%20grid:p386377,5.0,11.0
Shake & Shot™ Rubber Pore Minimizing Mask with Black Bean,Dr. Jart+,facial-treatment-masks,12.0,"Dipropylene Glycol, Tocopheryl Acetate, Chenopodium Quinoa Seed Oil, Glycine Soja Seed Extract, Seasmum Indicum Seed Extract, Oryza Sativa Extract, Morus Alba Fruit Extract, Rubus Fruitcosus Fruit Extract, Euterpe Oleracea Fruit Extract, PEG60 Hydrogenated Castor Oil, Ammonium Acryloydimethyltaurate, Xanthan Gum, Citrus Aurantium Bergamia Fruit Oil, Acacia Senegal Gum, Butylene Glycol, Peat Hydroxypropl Methylcellulose, Citric Acid, Glycerin, 12Hexanediol, Potassium Sorbate, Phenoxyethanol, Ethylhexylglycerin",42,7344,0.0,0.0,https://www.sephora.com/product/shake-shot-rubber-pore-minimizing-mask-with-black-bean-P440284?icid2=products%20grid:p440284,2.437163120567376,4.923757420556396
Crème Ancienne® Ultimate Nourishing Honey Mask,Fresh,facial-treatment-masks,153.0,"Mel, Propylene Glycol Dicaprylate, Stearalkonium Hectorite, PEG7 Glyceryl Cocoate, Limnanthes Alba Seed Oil, Jojoba Oil PEG150 Esters, Pentylene Glycol, Butyrospermum Parkii, Propylene Carbonate, Echinacea Purpurea Extract, Sucrose Laurate, Hippophae Rhamnoides Oil, Cera Alba, Rosa Damascena Flower Citrus Limon Peel Oil, Osmanthus Fragrans Flower Extract, Anthemis Nobilis Flower Oil, Rosmarinus Officinalis Leaf Extract, Tocopherol, Caprylic, Glycerin, Sodium Metabisulfite, Citric Acid, Limonene, Citronellol",87,13610,0.0,0.0,https://www.sephora.com/product/creme-ancienne-ultimate-nourishing-honey-mask-P381021?icid2=products%20grid:p381021,2.437163120567376,62.777907112094056
Detoxifying Silt Gelee Mask,Volition Beauty,facial-treatment-masks,60.0,"Silt, Kaolin, Carthamus Tinctorius Seed Oil, Panthenol, Butyrospermum Parkii Butter, Glyceryl Oleate, Jojoba Oil, Hydrolyzed Quinoa, Butyl Avocadate, Hydroxyethylcellulose, Mica, Zinc Oxide, Hydroxyapatite, Polysorbate 20, Phenoxyethanol, Hydroxyethylacrylate, Squalane, Polysorbate 60, Allantoin, Cananga Odorata Flower Oil, Salvia Officinalis Oil, Tsuga Canadensis Oil",182,9932,2.0,0.0,https://www.sephora.com/product/detoxifying-silt-gelee-mask-P421950?icid2=products%20grid:p421950,2.0,30.0
Capture Totale Dreamskin 1-Minute Mask,Dior,facial-treatment-masks,75.0,"Silt, Kaolin, Carthamus Tinctorius Seed Oil, Panthenol, Butyrospermum Parkii Butter, Glyceryl Oleate, Jojoba Oil, Hydrolyzed Quinoa, Butyl Avocadate, Hydroxyethylcellulose, Mica, Zinc Oxide, Hydroxyapatite, Polysorbate 20, Phenoxyethanol, Hydroxyethylacrylate, Squalane, Polysorbate 60, Allantoin, Cananga Odorata Flower Oil, Salvia Officinalis Oil, Tsuga Canadensis Oil",33,3759,0.0,0.0,https://www.sephora.com/product/capture-totale-dreamskin-1-minute-mask-P415618?icid2=products%20grid:p415618,2.437163120567376,30.77348387847748
Oxygen Facial Flash Recovery Mask,Dr. Brandt Skincare,facial-treatment-masks,70.0,"Silt, Kaolin, Carthamus Tinctorius Seed Oil, Panthenol, Butyrospermum Parkii Butter, Glyceryl Oleate, Jojoba Oil, Hydrolyzed Quinoa, Butyl Avocadate, Hydroxyethylcellulose, Mica, Zinc Oxide, Hydroxyapatite, Polysorbate 20, Phenoxyethanol, Hydroxyethylacrylate, Squalane, Polysorbate 60, Allantoin, Cananga Odorata Flower Oil, Salvia Officinalis Oil, Tsuga Canadensis Oil",134,11962,1.4,0.0,https://www.sephora.com/product/oxygen-facial-flash-recovery-mask-P395390?icid2=products%20grid:p395390,1.4,50.0
#GLITTERMASK GRAVITYMUD™ Firming Treatment Mask,GLAMGLOW,facial-treatment-masks,59.0,"Polyvinyl Alcohol, Polyethylene Terephthalate, Alcohol Denat, Butylene Glycol, Glycerin, Hamamelis Virginiana  Montmorillonite, Illite, Canadian Colloidal Clay, Dipotassium Glycyrrhizate, Althaea Officinalis Leaf Extract, Porphyridium Cruentum Extract, Chondrus Crispus, Ascophyllum Nodosum Powder, Sodium Hyaluronate, Lecithin, Pullulan, Soy Isoflavones, Ethylhexylglycerin, Peg12 Dimethicone, Polyurethane11, Polymethylsilsesquioxane, Polysorbate 20, Polysorbate 80, Xanthan Gum, Hydroxypropyl Methylcellulose, Tapioca Starch, Platinum Powder, Caprylyl Glycol, Pentylene Glycol, Alcohol, Citric Acid, Fragrance, Coumarin, Disodium Edta, Phenoxyethanol, Sorbic Acid, Potassium Sorbate, Aluminum Powder, Black 2, Iron Oxides",79,7211,0.0,0.0,https://www.sephora.com/product/glittermask-gravitymud-tm-firming-treatment-P425726?icid2=products%20grid:p425726,2.437163120567376,24.20847398440229
First Care Activating Mask,Sulwhasoo,facial-treatment-masks,60.0,"Polyvinyl Alcohol, Polyethylene Terephthalate, Alcohol Denat, Butylene Glycol, Glycerin, Hamamelis Virginiana  Montmorillonite, Illite, Canadian Colloidal Clay, Dipotassium Glycyrrhizate, Althaea Officinalis Leaf Extract, Porphyridium Cruentum Extract, Chondrus Crispus, Ascophyllum Nodosum Powder, Sodium Hyaluronate, Lecithin, Pullulan, Soy Isoflavones, Ethylhexylglycerin, Peg12 Dimethicone, Polyurethane11, Polymethylsilsesquioxane, Polysorbate 20, Polysorbate 80, Xanthan Gum, Hydroxypropyl Methylcellulose, Tapioca Starch, Platinum Powder, Caprylyl Glycol, Pentylene Glycol, Alcohol, Citric Acid, Fragrance, Coumarin, Disodium Edta, Phenoxyethanol, Sorbic Acid, Potassium Sorbate, Aluminum Powder, Black 2, Iron Oxides",2,342,0.0,0.0,https://www.sephora.com/product/first-care-activating-mask-P450631?icid2=products%20grid:p450631,2.437163120567376,24.618787102781983
Drink Up™ 10 Minute Hydrating Mask with Apricot & Swiss Glacier Water,Origins,facial-treatment-masks,26.0,"Caprylic, Prunus Armeniaca Kernel Oil, Squalane, Glycerin, Butylene Glycol, Isopropyl Isostearate, Peg100 Stearate, Glyceryl Stearate, Niacinamide, Hydroxyethyl Urea, Cetearyl Alcohol, Polysorbate 60, Citrus Aurantium Amara Leaf, Citrus Aurantium Dulcis Peel Oil, Ricinus Communis Seed Oil, Osmanthus Fragrans Flower Extract, Rosa Damascena Extract, Ribes Nigrum Bud Extract, Cinnamomum Camphora Leaf Extract, Benzaldehyde, Hexenyl Acetate, GammaDecalactone, Ionone, Ethyl Acetate, Alcohol, Linalool, Limonene, Oryza Sativa Bran Oil, Hypnea Musciformis Extract, Gelidiella Acerosa Extract, Sorbitol, Caffeine, Algae Extract, Caprylyl Glycol, Trehalose, Sodium Hyaluronate, Carbomer, Sodium Acrylates, Hexylene Glycol, Potassium Hydroxide, Sodium Dehydroacetate Phenoxyethanol Essential Oil",304,4696,0.0,2.5,https://www.sephora.com/product/drink-up-10-minute-hydrating-mask-with-apricot-swiss-glacier-water-P440927?icid2=products%20grid:p440927,2.5,10.4
Daintree AHA Brightening Mask,Dr Roebuck's,facial-treatment-masks,28.0,"Caprylic, Prunus Armeniaca Kernel Oil, Squalane, Glycerin, Butylene Glycol, Isopropyl Isostearate, Peg100 Stearate, Glyceryl Stearate, Niacinamide, Hydroxyethyl Urea, Cetearyl Alcohol, Polysorbate 60, Citrus Aurantium Amara Leaf, Citrus Aurantium Dulcis Peel Oil, Ricinus Communis Seed Oil, Osmanthus Fragrans Flower Extract, Rosa Damascena Extract, Ribes Nigrum Bud Extract, Cinnamomum Camphora Leaf Extract, Benzaldehyde, Hexenyl Acetate, GammaDecalactone, Ionone, Ethyl Acetate, Alcohol, Linalool, Limonene, Oryza Sativa Bran Oil, Hypnea Musciformis Extract, Gelidiella Acerosa Extract, Sorbitol, Caffeine, Algae Extract, Caprylyl Glycol, Trehalose, Sodium Hyaluronate, Carbomer, Sodium Acrylates, Hexylene Glycol, Potassium Hydroxide, Sodium Dehydroacetate Phenoxyethanol Essential Oil",15,2722,1.69,0.0,https://www.sephora.com/product/daintree-aha-brightening-mask-P430831?icid2=products%20grid:p430831,1.69,16.568047337278106
Luminizing Pink Charcoal Mask,boscia,facial-treatment-masks,34.0,"Polyvinyl Alcohol, Hamamelis Virginiana  Glycereth26, Butylene Glycol, Glycerin, Pentylene Glycol, Montmorillonite, Polysorbate 20, Acrylates, Acrylates Copolymer, Lonicera Japonica Flower Extract, Xanthan Gum, Ascorbyl Glucoside, Lonicera Caprifolium Flower Extract, Diglycerin, Simmondsia Chinensis Seed Extract, Epilobium Angustifolium Flower, Pinus Pinaster Bark Extract, Rosmarinus Officinalis Leaf Oil, Eucalyptus Globulus Leaf Oil, Charcoal Powder, Titanium Dioxide, Carmine",264,41414,2.8,0.0,https://www.sephora.com/product/luminizing-pink-mask-P424981?icid2=products%20grid:p424981,2.8,12.142857142857144
Cannabis Sativa Seed Oil Hydrating Face Mask,MILK MAKEUP,facial-treatment-masks,26.0,"Aloe Barbadensis Leaf Juice, Glycerin, Kaolin, Propylene Glycol, Sodium Stearate, Sorbitan Stearate, Disteardimonium Hectorite, Phenoxyethanol, Sodium Hydroxide, Cannabis Sativa Seed Oil, Gellan Gum, Ethylhexylglycerin, Stearic Acid, Tocopheryl Acetate, Helianthus Annuus Seed Oil, Butylene Glycol, Silybum Marianum Extract, Rosmarinus Officinalis Leaf Extract, Arnica Montana Flower Extract, Calendula Officinalis Flower Extract, Salvia Officinalis Leaf Extract, Sodium Benzoate, Potassium Sorbate, Chlorphenesin, Sorbic Acid, Benzoic Acid, Chromium Oxide Greens",73,16419,0.0,0.0,https://www.sephora.com/product/cannabis-hydrating-face-mask-P443305?icid2=products%20grid:p443305,2.437163120567376,10.668141077872193
Keep on Masking Face Mask Holder,SEPHORA COLLECTION,facial-treatment-masks,8.0,"Aloe Barbadensis Leaf Juice, Glycerin, Kaolin, Propylene Glycol, Sodium Stearate, Sorbitan Stearate, Disteardimonium Hectorite, Phenoxyethanol, Sodium Hydroxide, Cannabis Sativa Seed Oil, Gellan Gum, Ethylhexylglycerin, Stearic Acid, Tocopheryl Acetate, Helianthus Annuus Seed Oil, Butylene Glycol, Silybum Marianum Extract, Rosmarinus Officinalis Leaf Extract, Arnica Montana Flower Extract, Calendula Officinalis Flower Extract, Salvia Officinalis Leaf Extract, Sodium Benzoate, Potassium Sorbate, Chlorphenesin, Sorbic Acid, Benzoic Acid, Chromium Oxide Greens",25,2568,0.0,0.0,https://www.sephora.com/product/keep-on-masking-face-mask-holder-P444015?icid2=products%20grid:p444015,2.437163120567376,3.282504947037598
Shake & Shot™ Rubber Hydro Mask,Dr. Jart+,facial-treatment-masks,12.0,"Cetyl Ethylhexanoate, PEG8 Glyceryl Isostearate, Phenoxyethanol, Ethylhexylglycerin, Citrus Aurantium Bergamia Fruit Oil, Trihydroxystearin, Silica Dimethyl Silylate, Algin, Tetrapotassium Pyrophosphate, Calcium Sulfate",55,0,0.0,0.0,https://www.sephora.com/product/shake-shot-rubber-hydro-mask-P428654?icid2=products%20grid:p428654,2.437163120567376,4.923757420556396
Charcoal Pore Pudding Intensive Wash-Off Treatment,boscia,facial-treatment-masks,38.0,"Diglycerin, Glycerin, Corn Starch, Montmorillonite, Kaolin, Talc, Ethylhexylglycerin, Hydroxyacetophenone, Polysorbate 20, Acrylates Copolymer, Ammonium Acryloyldimethyltaurate, Kappaphycus Alvarezii Extract, Butylene Glycol, PVP, Pelargonium Graveolens Flower Oil, Simmondsia Chinensis Seed Extract, Sodium Hyaluronate, Sea Caprylic, Epilobium Angustifolium Flower, Charcoal Powder, Salicornia Herbacea Extract, Titanium Dioxide",818,42763,2.8,0.0,https://www.sephora.com/product/charcoal-pore-pudding-intensive-wash-off-treatment-P404425?icid2=products%20grid:p404425,2.8,13.571428571428573
GLAMGLOW X MY LITTLE PONY #GLITTERMASK GRAVITYMUD™ Firming Treatment Mask,GLAMGLOW,facial-treatment-masks,59.0,"Diglycerin, Glycerin, Corn Starch, Montmorillonite, Kaolin, Talc, Ethylhexylglycerin, Hydroxyacetophenone, Polysorbate 20, Acrylates Copolymer, Ammonium Acryloyldimethyltaurate, Kappaphycus Alvarezii Extract, Butylene Glycol, PVP, Pelargonium Graveolens Flower Oil, Simmondsia Chinensis Seed Extract, Sodium Hyaluronate, Sea Caprylic, Epilobium Angustifolium Flower, Charcoal Powder, Salicornia Herbacea Extract, Titanium Dioxide",214,32513,1.7,0.0,https://www.sephora.com/product/glittermask-gravitymud-firming-treatment-my-little-pony-P429511?icid2=products%20grid:p429511,1.7,34.70588235294117
Matcha Detoxifying Face Mask,MILK MAKEUP,facial-treatment-masks,26.0,"Glycerin, Kaolin, Propylene Glycol, Sodium Stearate, Disteardimonium Hectorite, Phenoxyethanol, Sodium Hydroxide, Gellan Gum, Ethylhexylglycerin, Cocamidopropyl Dimethylamine, Stearic Acid, Salicylic Acid, Opuntia FicusIndica Seed Oil, Helianthus Annuus Seed Oil, Saccharomyces, Hamamelis Virginiana  Vinegar, Hydrogenated Vegetable Oil, Prunus Amygdalus Dulcis Oil, Alcohol, Rosmarinus Officinalis Leaf Extract, Camellia Sinensis Leaf Powder, Lens Culinaris Fruit Extract, Potassium Sorbate, Sodium Benzoate, Tocopherol, Polygonum Multiflorum Root Extract, Chrysanthemum Morifolium Flower Extract, Titanium Dioxide, Chromium Oxide Greens",81,14146,0.0,0.0,https://www.sephora.com/product/matcha-detoxifying-face-mask-P440023?icid2=products%20grid:p440023,2.437163120567376,10.668141077872193
SUPERMASK - The Mud Mask,SEPHORA COLLECTION,facial-treatment-masks,6.0,"Illite, Montmorillonite, Propanediol, Kaolin, Cetyl Alcohol, Dimethicone, Citric Acid, Glycerin, Benzyl Glycol, Panthenol, Glyceryl Stearate, PEG100 Stearate, 12Hexanediol, Polyacrylamide, Phenoxyethanol, Dipotassium Glycyrrhizate, Ethylhexylglycerin, Allantoin, C1314 Isoparaffin, Saccharide Isomerate, Xanthan Gum, Fragrance, Disodium EDTA, Laureth7, Raspberry Ketone, Sodium Citrate, Tocopherol",58,6620,0.0,0.0,https://www.sephora.com/product/mud-mask-P432423?icid2=products%20grid:p432423,2.437163120567376,2.4618787102781985
MOISTURE BOUND Sleeping Recovery Mask,AMOREPACIFIC,facial-treatment-masks,60.0,"Phyllostachis Bambusoides Juice, Panax Ginseng Root Extract, Butylene Glycol, Alcohol, Glycerin, Dimethicone, Squalane, Cyclopentasiloxane, Glycereth26, Camellia Sinensis Leaf Extract, Cyclohexasiloxane, Hydrolyzed Camellia Sinensis Leaf, Hydrolyzed Phyllostachis Bambusoides, Nelumbo Nucifera Flower Extract, Opuntia Coccinellifera Fruit Extract, Glycine Soja Seed Extract, Magnesium Aspartate, Zinc Gluconate, Copper Gluconate, Calcium Gluconate, Zingiber Officinale Root Extract, Tricholoma Matsutake Extract, Daucus Carota Sativa Root Extract, Camellia Sinensis Flower Extract, Lactobacillus, Theanine, Epigallocatechin Gallate, Acetyl Glucosamine, Sodium Hyaluronate, Tocopherol, Kaempferol, Betaine, BetaGlucan, Niacinamide, Natto Gum, Peg60 Hydrogenated Castor Oil, Polysilicone11, Acrylates, Dimethiconol, Ammonium Acryloyldimethyltaurate, Hydroxyethylcellulose, Propanediol, Xanthan Gum, Dipotassium Glycyrrhizate, Stearyl Behenate, Polyglyceryl3 Methylglucose Distearate, Peg15 Pentaerythrityl Tetra, Caffeine, Mannitol, Phytantriol, Hydroxypropyl Bispalmitamide Mea, Poloxamer 407, Inulin Lauryl Carbamate, Polysorbate 20, Ethylhexylglycerin, Potassium Hydroxide, Disodium Edta, Phenoxyethanol, Fragrance",180,7854,3.38,0.0,https://www.sephora.com/product/moisture-bound-sleeping-recovery-mask-P296442?icid2=products%20grid:p296442,3.38,17.75147928994083
Skin Purifying Mask,Proactiv,facial-treatment-masks,38.0,"Kaolin, Glycereth26, Linoleic Acid, Cetearyl Alcohol, Magnesium Aluminum Silicate, Synthetic Wax, Ceteareth20, Sodium Lauroyl Sarcosinate, Linolenic Acid, Tocopherol, Tocopheryl Acetate, Melaleuca Alternifolia Leaf Oil, Cymbopogon Schoenanthus Extract, Geranium Maculatum Extract, Hydrated Silica, Ethoxydiglycol, Tetrasodium Edta, SodiumSulfate, Butylene Glycol, Phenoxyethanol, Fragrance, Titanium Dioxide, Zinc Oxide, Chromium Hydroxide Green",78,1635,3.0,0.0,https://www.sephora.com/product/skin-purifying-mask-P440062?icid2=products%20grid:p440062,3.0,12.666666666666664
Gel Mask Hydrating & Quenching,SEPHORA COLLECTION,facial-treatment-masks,20.0,"Dimethicone, Glycerin, Sodium Chloride, Dimethicone, Phenoxyethanol, PEG10 Dimethicone, Fragrance, Alcohol, Crithmum Maritimum Extract, Dipropylene Glycol, Zinc Gluconate, Magnesium Aspartate, Sodium Hyaluronate, Citric Acid, Sodium Citrate, Sodium Benzoate, Potassium Sorbate, Copper Gluconate, Tocopherol, CI 42090, CI 60730",114,9836,0.0,2.0,https://www.sephora.com/product/gel-mask-P418360?icid2=products%20grid:p418360,2.0,10.0
Call It A Night Activated Mask,FOREO,facial-treatment-masks,9.99,"Methylpropanediol, Glycerin, 12Hexanediol, Panthenol, Hydroxyacetophenone, Betaine, Carbomer, Arginine, Hydroxyethyl Acrylate, Butylene Glycol, Olea Europaea Fruit Oil, Hydroxyethylcellulose, Dipropylene Glycol, Fragrance, Sorbitan Isostearate, Polysorbate 60, Crataegus Oxyacantha Fruit Extract, Gelidium Cartilagineum Extract, Panax Ginseng Root Extract",10,2933,0.0,0.0,https://www.sephora.com/product/call-it-night-revitalizing-nourishing-ufo-tm-activated-mask-P433466?icid2=products%20grid:p433466,2.437163120567376,4.0990280526132015
Ginger Leaf & Hibiscus Firming Mask,Kiehl's Since 1851,facial-treatment-masks,54.0,"Methylpropanediol, Glycerin, 12Hexanediol, Panthenol, Hydroxyacetophenone, Betaine, Carbomer, Arginine, Hydroxyethyl Acrylate, Butylene Glycol, Olea Europaea Fruit Oil, Hydroxyethylcellulose, Dipropylene Glycol, Fragrance, Sorbitan Isostearate, Polysorbate 60, Crataegus Oxyacantha Fruit Extract, Gelidium Cartilagineum Extract, Panax Ginseng Root Extract",92,9003,3.4,0.0,https://www.sephora.com/product/ginger-leaf-hibiscus-firming-mask-P429520?icid2=products%20grid:p429520,3.4,15.882352941176471
After-Sun Mask - Watermelon,SEPHORA COLLECTION,facial-treatment-masks,5.0,"Glycerin, Dipropylene Glycol, Methylpropanediol, Glycereth26, Dipotassium Glycyrrhizate, PEG, Saccharide Isomerate, Hydroxyethyl Urea, PEG32, 12Hexanediol, Phenoxyethanol, Arginine, Carbomer, Inositol, Panthenol, Hydroxyethyl Acrylate, Coceth7, PPG1PEG9 Lauryl Glycol Ether, Xanthan Gum, Fragrance, Ethylhexylglycerin, PEG40 Hydrogenated Castor Oil, Disodium EDTA, Glyceryl Polyacrylate, Citrullus Lanatus Fruit Extract, Sodium Hyaluronate, Polysorbate 60, Sorbitan Isostearate, Citric Acid, Sodium Citrate, Potassium Sorbate, Sodium Benzoate, Tocopherol",166,16451,0.0,0.0,https://www.sephora.com/product/after-sun-mask-P429726?icid2=products%20grid:p429726,2.437163120567376,2.0515655918984987
Face Mask,Dr. Barbara Sturm,facial-treatment-masks,120.0,"Kaolin, Glycerin, Prunus Amygdalus Dulcis Oil, Lactobacillus, Decyl Oleate, Xanthan Gum, Tocopheryl Acetate, Aloe Barbadensis Leaf Juice, Phenoxyethanol, Acrylates, Butylene Glycol, Chamomilla Recutita Flower Extract, Sodium Hydroxide, Ethylhexylglycerin, Leuconostoc",8,967,1.69,0.0,https://www.sephora.com/product/dr-barbara-sturm-face-mask-P448711?icid2=products%20grid:p448711,1.69,71.00591715976331
Kaolin Mask,The INKEY List,facial-treatment-masks,6.99,"Kaolin, Glycerin, Caprylic, Cetearyl Alcohol, Cetearyl Olivate, Helianthus Annuus Seed Oil, Magnesium Aluminum Silicate, Phenoxyethanol, Sorbitan Olivate, Glyceryl Stearate SE, Stearic Acid, Benzyl Alcohol, Aloe Barbadensis Leaf Juice Powder, Sodium Stearoyl Glutamate, Centella Asiatica Leaf Extract, Ethylhexylglycerin, Tocopherol, Tocopheryl Acetate, Xanthan Gum, Chondrus Crispus Extract, Dehydroacetic Acid, Trisodium Ethylenediamine Disuccinate, Lithothamnium Calcarum Extract, Sodium Hydroxide, Potassium Sorbate, Sodium Benzoate",88,3646,1.7,0.0,https://www.sephora.com/product/kaolin-mask-P443837?icid2=products%20grid:p443837,1.7,4.111764705882353
Clearing Mask,Indie Lee,facial-treatment-masks,60.0,"Bentonite, Zinc Oxide, Colloidal Sulfur, Propanediol, Glycolic Acid, Salicylic Acid, Hyaluronic Acid, Camphor, Cetyl Alcohol, Glyceryl Stearate, Chondrus Crispus Extract, Anthemis Nobilis Flower Extract, Titanium Dioxide, Limonene, Ethylhexylglycerin, Potassium Sorbate",37,6077,1.7,0.0,https://www.sephora.com/product/clearing-mask-P433891?icid2=products%20grid:p433891,1.7,35.29411764705883
H2 Elemental Energy Firming Foam Mask,Perricone MD,facial-treatment-masks,50.0,"Glycerin, Sodium Cocoyl Isethionate, Bentonite, Cocamidopropyl Betaine, Saccharide Isomerate, Disiloxane, Decyl Glucoside, Betaine, Dunaliella Salina Extract, Phosphatidylcholine, Sodium Borohydride, Perfluorohexane, Perfluoromethylcyclopentane, Perfluorodecalin, Disodium Adenosine Triphosphate, Octyldodecyl PCA, Menthyl PCA, Algin, Carica Papaya Fruit Extract, PEG40 Hydrogenated Castor Oil, Coconut Acid, Sodium Chloride, 12Hexanediol, Caprylyl Glycol, PEG150 Pentaerythrityl Tetrastearate, Xanthan Gum, Acrylates, Sodium Isethionate, Butylene Glycol, PEG6 Caprylic, Potassium Hydroxide, Disodium EDTA, Sodium Hydroxide, Citric Acid, Sodium Citrate, Phenoxyethanol",20,2116,3.3,0.0,https://www.sephora.com/product/h2-elemental-energy-firming-foam-mask-P418315?icid2=products%20grid:p418315,3.3,15.151515151515152
Youth Junkie Activated Mask,FOREO,facial-treatment-masks,19.99,"Glycerin, Cetyl Ethylhexanoate, Butylene Glycol, Decyl Cocoate, Hydrolyzed Collagen, Butyrospermum Parkii Butter, Olea Europaea Fruit Oil, Simmondsia Chinensis Seed Oil, Tocopheryl Acetate, Tremella Fuciformis Sporocarp Extract, Carnosine, Palmitoyl Tripeptide5, Panthenol, Allantoin, Dipotassium Glycyrrhizate, Adenosine, Glycereth26, Hydroxyacetophenone, Cetearyl Alcohol, Glyceryl Stearate, PEG100 Stearate, Polysorbate 60, Tromethamine, Caprylic, Sorbitan Stearate, Acrylates, Carbomer, Caprylyl Glycol, Xanthan Gum, Ethylhexylglycerin, Fragrance",10,1989,0.0,0.0,https://www.sephora.com/product/youth-junkie-mask-P436346?icid2=products%20grid:p436346,2.437163120567376,8.202159236410196
Shake & Shot™ Rubber Purifying Mask with Spirulina,Dr. Jart+,facial-treatment-masks,12.0,"Dipropylene Glycol, Ascorbic Acid, Apium Graveolens Stem Extract, Brassica Oleracea Acephala Leaf Extract, Cichorium Intybus Leaf Extract, Laminaria Japonica Extract, Enteromorpha Compressa Extract, Spirulina Platensis Extract, Undaria Pinnatifida Extract, Gelidium Cartilagineum Extract, PEG60 Hydrogenated Castor Oil, Coptis Japonica Extract, Butylene Glycol, Citrus Aurantium Bergamia Fruit Oil, Gardenia Florida Fruit Extract, 12Hexanediol, Maltodextrin, Phenoxyethanol, Ethylhexylglycerin",14,5224,0.0,0.0,https://www.sephora.com/product/shake-shot-rubber-purifying-mask-with-spirulina-P440285?icid2=products%20grid:p440285,2.437163120567376,4.923757420556396
Clarifying AHA + BHA Mask,Tata Harper,facial-treatment-masks,72.0,"Dipropylene Glycol, Ascorbic Acid, Apium Graveolens Stem Extract, Brassica Oleracea Acephala Leaf Extract, Cichorium Intybus Leaf Extract, Laminaria Japonica Extract, Enteromorpha Compressa Extract, Spirulina Platensis Extract, Undaria Pinnatifida Extract, Gelidium Cartilagineum Extract, PEG60 Hydrogenated Castor Oil, Coptis Japonica Extract, Butylene Glycol, Citrus Aurantium Bergamia Fruit Oil, Gardenia Florida Fruit Extract, 12Hexanediol, Maltodextrin, Phenoxyethanol, Ethylhexylglycerin",228,12976,1.0,0.0,https://www.sephora.com/product/clarifying-mask-P420143?icid2=products%20grid:p420143,1.0,72.0
Extra-Firming Mask,Clarins,facial-treatment-masks,77.0,"Glycerin, Caprylic, Alcohol, Jojobaesters, Butyrospermum Parkii Butter, Polyglycerin3, Palmitoylglycine, Pentaerythrityl Tetraisostearate, Glyceryl Stearate Se, Phenoxyethanol Acrylates, Fragrance, Butyleneglycol, Ethylhexylglycerin, Sodium Polyacrylate, Tocopheryl Acetate, Sodiumhydroxide, Sodium Hyaluronate, Acacia Decurrens Flower Wax, Helianthusannuus Seed Wax, Musa Sapientum Fruit Extract, Thymuscitriodorus Flower, Malpighia Emarginata Seed Extract Furcellaria Lumbricalis Extract, Ci 17200, Potassium Sorbate, Ci 42090, Sea Salt",10,2904,2.5,0.0,https://www.sephora.com/product/extra-firming-mask-P410657?icid2=products%20grid:p410657,2.5,30.8
Hydra Life Glow Better Fresh Jelly Mask,Dior,facial-treatment-masks,69.0,"Glycerin, Caprylic, Alcohol, Jojobaesters, Butyrospermum Parkii Butter, Polyglycerin3, Palmitoylglycine, Pentaerythrityl Tetraisostearate, Glyceryl Stearate Se, Phenoxyethanol Acrylates, Fragrance, Butyleneglycol, Ethylhexylglycerin, Sodium Polyacrylate, Tocopheryl Acetate, Sodiumhydroxide, Sodium Hyaluronate, Acacia Decurrens Flower Wax, Helianthusannuus Seed Wax, Musa Sapientum Fruit Extract, Thymuscitriodorus Flower, Malpighia Emarginata Seed Extract Furcellaria Lumbricalis Extract, Ci 17200, Potassium Sorbate, Ci 42090, Sea Salt",68,10542,1.8,0.0,https://www.sephora.com/product/hydra-life-glow-better-fresh-jelly-mask-P417605?icid2=products%20grid:p417605,1.8,38.333333333333336
Pomegranate AHAs & Enzymes Resurfacing Mask,KORRES,facial-treatment-masks,34.0,"Glycerin, Jojoba Esters, Alcohol Denat, Glycolic Acid, Distarch Phosphate, Kaolin, Punica Granatum Seed Powder, Simmondsia Chinensis Seed Oil, Isononyl Isononanoate, Oryza Sativa Bran Oil, Pentylene Glycol, Cetearyl Alcohol, Glyceryl Stearate Citrate, Helianthus Annuus Seed Wax, Sodium Hydroxide, Salix Alba Bark Extract, Caprylyl Glycol, Citrus Aurantifolia Fruit Extract, Glyceryl Caprylate, Hamamelis Virginiana Leaf Extract, Lactic Acid, Lactobacillus, Leuconostoc, Panthenol, Parfum, Phenoxyethanol, Potassium Sorbate, Sodium Benzoate, Sodium Polyacrylate, Tetrasodium Glutamate Diacetate, Xanthan Gum",2000,9142,2.54,0.0,https://www.sephora.com/product/pomegranate-aha-enzymes-resurfacing-mask-P430949?icid2=products%20grid:p430949,2.54,13.385826771653544
Bright On Massage-Activated Vitamin C Mask,Farmacy,facial-treatment-masks,38.0,"Glycerin, Jojoba Esters, Alcohol Denat, Glycolic Acid, Distarch Phosphate, Kaolin, Punica Granatum Seed Powder, Simmondsia Chinensis Seed Oil, Isononyl Isononanoate, Oryza Sativa Bran Oil, Pentylene Glycol, Cetearyl Alcohol, Glyceryl Stearate Citrate, Helianthus Annuus Seed Wax, Sodium Hydroxide, Salix Alba Bark Extract, Caprylyl Glycol, Citrus Aurantifolia Fruit Extract, Glyceryl Caprylate, Hamamelis Virginiana Leaf Extract, Lactic Acid, Lactobacillus, Leuconostoc, Panthenol, Parfum, Phenoxyethanol, Potassium Sorbate, Sodium Benzoate, Sodium Polyacrylate, Tetrasodium Glutamate Diacetate, Xanthan Gum",302,24936,1.7,0.0,https://www.sephora.com/product/bright-on-massage-activated-vitamin-c-mask-with-echinacea-greenenvy-P432257?icid2=products%20grid:p432257,1.7,22.35294117647059
Super Collagen Mask,Mario Badescu,facial-treatment-masks,18.0,"Kaolin, Talc, Propylene Glycol, Avena Sativa Kernel Flour, Sorbitol, Zinc Oxide, Triticum Vulgare Starch, Collagen, Cellulose Gum, Carrageenan, Sodium Chloride, Fragrance, Methylparaben, Phenoxyethanol, CI 42090, CI 19140",13,5853,2.0,0.0,https://www.sephora.com/product/mario-badescu-super-collagen-mask-P440500?icid2=products%20grid:p440500,2.0,9.0
INSTAMUD™ 60 Second Pore-Refining Treatment Mask,GLAMGLOW,facial-treatment-masks,42.0,"Aloe Barbadensis Leaf Juice, Sodium C1416 Olefin Sulfonate, Bentonite, Glycerin, Kaolin, Hamamelis Virginiana  Caprylic, Ethyl Perfluorobutyl Ether, Sodium Cocoamphoacetate, Cocamidopropyl Betaine, Ethyl Perfluoroisobutyl Ether, Niacinamide, Sodium Hyaluronate, Avena Sativa Kernel Extract, Pyrus Malus Fruit Extract, Allantoin, Acetyl Glucosamine, Bisabolol, Dipotassium Glycyrrhizate, Ethylhexylglycerin, Menthol, Ppg26Buteth26, Cocamidopropyl Hydroxysultaine, Sodium Chloride, Xanthan Gum, Butyl Methoxydibenzoylmethane, Ethylhexyl Salicylate, Ethylhexyl Methoxycinnamate, Pentylene Glycol, Citric Acid, Propanediol, Peg40 Hydrogenated Castor Oil, BHT, Chlorphenesin, Phenoxyethanol, Potassium Sorbate, Titanium Dioxide, Ext Violet 2",426,24783,1.7,0.0,https://www.sephora.com/product/instamud-60-second-pore-refining-treatment-P432253?icid2=products%20grid:p432253,1.7,24.705882352941174
Shake & Shot™ Rubber Brightening Mask,Dr. Jart+,facial-treatment-masks,12.0,"Niacinamide, Niacinamide, Calcium Pantothenate, Sodium Ascorbyl Phosphate, Tocopheryl Acetate, Pyridoxine HCl, Sodium Starch Octenylsuccinate, Maltodextrin, Silica, Hippophae Rhamnoides Fruit Extract, Glycerin, Butylene Glycol, Phenoxyethanol, Citrus Paradisi, Fruit Extract, 12Hexanediol, Butylene Glycol, PVP, Fullerenes, Dipropylene Glycol, PEG60 Hydrogenated Castor Oil, Phenoxyethanol, Ethylhexylglycerin, Citrus Aurantium Bergamia Fruit Oil, Butylene Glycol, Coptis Japonica Extract, Cyanocobalamin",17,0,0.0,0.0,https://www.sephora.com/product/shake-shot-rubber-brightening-mask-P428655?icid2=products%20grid:p428655,2.437163120567376,4.923757420556396
Pore Cleaner Bubble Foam,belif,facial-treatment-masks,36.0,"Niacinamide, Niacinamide, Calcium Pantothenate, Sodium Ascorbyl Phosphate, Tocopheryl Acetate, Pyridoxine HCl, Sodium Starch Octenylsuccinate, Maltodextrin, Silica, Hippophae Rhamnoides Fruit Extract, Glycerin, Butylene Glycol, Phenoxyethanol, Citrus Paradisi, Fruit Extract, 12Hexanediol, Butylene Glycol, PVP, Fullerenes, Dipropylene Glycol, PEG60 Hydrogenated Castor Oil, Phenoxyethanol, Ethylhexylglycerin, Citrus Aurantium Bergamia Fruit Oil, Butylene Glycol, Coptis Japonica Extract, Cyanocobalamin",709,5495,3.38,0.0,https://www.sephora.com/product/pore-cleaner-bubble-foam-P431842?icid2=products%20grid:p431842,3.38,10.650887573964498
Pore Cleansing Clay Mask,Erno Laszlo,facial-treatment-masks,48.0,"Calamine, Kaolin, Glycerin, Glyceryl Stearate, Bentonite, Pentylene Glycol, Montmorillonite, Caprylic, Chondrus Crispus Extract, Polyacrylamide, Saccharum Officinarum Extract, C1314 Isoparaffin, Xanthan Gum, Caprylyl Glycol, Ethylhexylglycerin, Laureth7, Propylene Glycol, Butylene Glycol, Disodium Edta, Rosa Damascena Flower Fragrance, Red 4, Malic Acid, Citric Acid, Ascorbic Acid, Hibiscus Sabdariffa Flower Extract, Red 33, Tartaric Acid, Crataegus Monogyna Flower Extract, Sodium Benzoate, Origanum Vulgare Leaf Extract, Potassium Sorbate, 12Hexanediol, Salix Alba Bark Extract, Chamaecyparis Obtusa Leaf Extract, Viola Tricolor Extract, Octanediol, Portulaca Oleracea Extract, Scutellaria Baicalensis Root Extract, Lactobacillus, Cinnamomum Cassia Bark Extract",7,680,3.3,0.0,https://www.sephora.com/product/pore-cleansing-clay-mask-P446636?icid2=products%20grid:p446636,3.3,14.545454545454547
Dr. Andrew Weil For Origins™ Mega-Mushroom Relief & Resilience Soothing Face Mask,Origins,facial-treatment-masks,37.0,"Calamine, Kaolin, Glycerin, Glyceryl Stearate, Bentonite, Pentylene Glycol, Montmorillonite, Caprylic, Chondrus Crispus Extract, Polyacrylamide, Saccharum Officinarum Extract, C1314 Isoparaffin, Xanthan Gum, Caprylyl Glycol, Ethylhexylglycerin, Laureth7, Propylene Glycol, Butylene Glycol, Disodium Edta, Rosa Damascena Flower Fragrance, Red 4, Malic Acid, Citric Acid, Ascorbic Acid, Hibiscus Sabdariffa Flower Extract, Red 33, Tartaric Acid, Crataegus Monogyna Flower Extract, Sodium Benzoate, Origanum Vulgare Leaf Extract, Potassium Sorbate, 12Hexanediol, Salix Alba Bark Extract, Chamaecyparis Obtusa Leaf Extract, Viola Tricolor Extract, Octanediol, Portulaca Oleracea Extract, Scutellaria Baicalensis Root Extract, Lactobacillus, Cinnamomum Cassia Bark Extract",130,9189,2.5,0.0,https://www.sephora.com/product/dr-andrew-weil-for-origins-tm-mega-mushroom-relief-resilience-soothing-face-mask-P429246?icid2=products%20grid:p429246,2.5,14.8
PERFECT Clarifying Pore Corrector Mask,Algenist,facial-treatment-masks,55.0,"Kaolin, Glycerin, Ammonium Acryloyldimethyltaurate, Magnesium Aluminum Silicate, Polysorbate 20, Euterpe Oleracea Pulp Powder, Algae Exopolysaccharides, Aloe Barbadensis Leaf Juice Powder, Sulfur, Ahnfeltia Concinna Extract, Salix Alba Bark Extract, Salicylic Acid, Pseudoalteromonas Ferment Extract, Maltodextrin, Lens Esculenta Fruit Extract, Calcium Carbonate, Xanthan Gum, Menthyl Lactate, Quartz, Titanium Dioxide, Citric Acid, Sodium Citrate, Eucalyptus Globulus Leaf Oil, Ethylhexylglycerin, Caprylyl Glycol, Hexylene Glycol, Potassium Sorbate, Sodium Salicylate, Phenoxyethanol, Fragrance, Iron Oxides",53,5852,2.0,0.0,https://www.sephora.com/product/perfect-clarifying-pore-corrector-mask-P407645?icid2=products%20grid:p407645,2.0,27.5
Pore Refining Solutions Charcoal Mask,CLINIQUE,facial-treatment-masks,28.5,"Kaolin, Butylene Glycol, Bentonite, Montmorillonite, Polysorbate 20, Peg100 Stearate, Glycerin, Charcoal Powder, Laminaria Saccharina Extract, Caffeine, Lecithin, Sucrose, Propylene Glycol Laurate, Ethylhexylglycerin, Caprylyl Glycol, Propylene Glycol Stearate, Sodium Hyaluronate, Simethicone, Sorbitan Laurate, Peg150 Distearate, Hexylene Glycol, Xanthan Gum, Galactoarabinan, Trisodium Edta, Phenoxyethanol, Iron Oxides",118,16015,3.4,0.0,https://www.sephora.com/product/pore-refining-solutions-charcoal-mask-P395642?icid2=products%20grid:p395642,3.4,8.382352941176471
Moisturizing Mask,Caudalie,facial-treatment-masks,39.0,"Glycerin, Isononyl Isononanoate, Vitis Vinifera Seed Oil, Sorbitan Stearate, Peg100 Stearate, Glyceryl Stearate, Ceteth20, Hydroxyethyl Acrylate, Squalane, Cetyl Alcohol, Cetyl Palmitate, Dimethicone, Butylene Glycol, Ci 77891, Sodium Dehydroacetate, Caprylyl Glycol, Polysorbate 60, Parfum, Tocopherol, Carbomer, Sodium Phytate, Sodium Hydroxide, Scutellaria Baicalensis Root Extract, Acrylates, Sodium Carboxymethyl BetaGlucan, Sodium Hyaluronate, Hexyl Cinnamal, Linalool, Limonene, Benzyl Benzoate, Citronellol Plant origin",76,8832,2.5,0.0,https://www.sephora.com/product/moisturizing-mask-P395617?icid2=products%20grid:p395617,2.5,15.6
Super Volcanic Clusters Pore Clearing Clay Mousse Mask,innisfree,facial-treatment-masks,21.0,"Water, Silica, Titaniumdioxide, Kaolin, Propanediol, Dimethicone, Alcohol, Volcanic Ash, Glycerin, Polyvinyl Alcohol, Caprylic, Stearic Acid, Bentonite, Palmiticacid, Cetearyl Alcohol, 12Hexanediol, Arginine, Hydroxypropyl Starch Phosphate, Sorbitanstearate, Juglans Regia Shellpowder, Iron Oxides, Lactic Acid, Salicylicacid, Polysorbate 20, Lactic Acid, Xanthan Gum, Iron Oxides, Disodium Edta, Ethylhexylglycerin, Iron Oxides, Colloidal Sulfur, Myristic Acid, Arachidic Acid, Aluminum Hydroxide, Triethoxycaprylylsilane, Tocopherol Propellant: Nitrogen",443,6030,3.38,0.0,https://www.sephora.com/product/super-volcanic-clusters-pore-clearing-clay-mousse-mask-P448213?icid2=products%20grid:p448213,3.38,6.213017751479289
Super Volcanic Clusters Pore Clearing Clay Peel Off Mask,innisfree,facial-treatment-masks,15.0,"Water, Polyvinylalcohol, Alcohol, Butylene Glycol, Glycerin, Volcanic Ash, Pvp, Titanium Dioxide, Peg75, Hydroxypropyl Starchphosphate, Silica, Ammonium Acryloyldimethyltaurate, Peg60hydrogenated Castor Oil, Bentonite, Ironoxides, Xanthan Gum, Polysorbate20, Glyceryl Caprylate, Lactic Acid, Disodium Edta, Menthoxypropanediol, Aluminum Hydroxide, Triethoxycaprylylsilane",7,1372,3.38,0.0,https://www.sephora.com/product/super-volcanic-clusters-pore-clearing-clay-peel-off-mask-P449854?icid2=products%20grid:p449854,3.38,4.437869822485207
Deep Cleansing Mask,Omorovicza,facial-treatment-masks,120.0,"Hungarian Thermal Kaolin, Glycerin, Cetearyl Alcohol, Silt, Stearic Acid, Cetearyl Olivate, Zinc Oxide, Phenoxyethanol, Sorbitan Olivate, Mannitol, Malpighia Punicifolia Fruit Extract, Saccharomyces Ferment Extract, Tocopherol, Ethylhexylglycerin, Sodium Hydroxide, Fragrance, Yeast Extract, Phospholipids, Linalool, Limonene, Citronellol, Geraniol",43,5901,1.7,0.0,https://www.sephora.com/product/deep-cleansing-mask-P309214?icid2=products%20grid:p309214,1.7,70.58823529411767
Instant Detox Hawaiian Sea Water & White Clay Face Mask,Bobbi Brown,facial-treatment-masks,54.0,"Hungarian Thermal Kaolin, Glycerin, Cetearyl Alcohol, Silt, Stearic Acid, Cetearyl Olivate, Zinc Oxide, Phenoxyethanol, Sorbitan Olivate, Mannitol, Malpighia Punicifolia Fruit Extract, Saccharomyces Ferment Extract, Tocopherol, Ethylhexylglycerin, Sodium Hydroxide, Fragrance, Yeast Extract, Phospholipids, Linalool, Limonene, Citronellol, Geraniol",21,3892,2.5,0.0,https://www.sephora.com/product/instant-detox-hawaiian-sea-water-white-clay-mask-P404244?icid2=products%20grid:p404244,2.5,21.6
SUPERMASK - The Primer Mask,SEPHORA COLLECTION,facial-treatment-masks,6.0,"Glycerin, Ethylhexyl Stearate, Methylpropanediol, Caprylic, Niacinamide, Xylitylglucoside, PEG450, CI 77891, Anhydroxylitol, Cetearyl Alcohol, Glyceryl Stearate, Hydroxyacetophenone, Xylitol, Caprylic, Panthenol, Carbomer, Glucose, Allantoin, Tromethamine, Xanthan Gum, Polymethylsilsesquioxane, Butylene Glycol, Fragrance, Tocopheryl Acetate, Silica, Ethylhexylglycerin, Chondrus Crispus Extract, 12Hexanediol, Dipotassium Glycyrrhizate, Lonicera Japonica Flower Extract Flower, Disodium EDTA, Phenoxyethanol, Lonicera Caprifolium Flower Extract, Gossypium Herbaceum Extract, Mica, Althaea Rosea Flower Extract, CI 17200, Potassium Sorbate, Sodium Benzoate, Citric Acid",45,4762,0.0,0.0,https://www.sephora.com/product/primer-mask-P432422?icid2=products%20grid:p432422,2.437163120567376,2.4618787102781985
Acai Smoothie Mask - Anti-Pollution,SEPHORA COLLECTION,facial-treatment-masks,7.0,"Glycerin, Phenoxyethanol, C1018 Triglycerides, C1215 Alkyl Benzoate, Sodium Acrylates Crosspolymer2, Octyldodecanol, Glyceryl Polyacrylate, Glyceryl Stearate Citrate, Isononyl Isononanoate, Panthenol, Potassium Cetyl Phosphate, PPG1PEG9 Lauryl Glycol Ether, Propylene Glycol, Ethylhexyl Methoxycinnamate, Carbomer, Disodium EDTA, Euterpe Oleracea Fruit Oil, Paeonia Lactiflora Root Extract, Poloxamer 338, Ethylhexylglycerin, CI 73360, BHT, Fragrance, Ethylhexyl Salicylate, Butyl Methoxydibenzoylmethane, Sodium Hydroxide, Potassium Sorbate, Silica, Sodium Benzoate, PPG51, Citric Acid, CI 42090, CI 17200, Tocopherol",10,1289,0.0,0.0,https://www.sephora.com/product/acai-smoothie-mask-anti-pollution-P446817?icid2=products%20grid:p446817,2.437163120567376,2.8721918286578982
Kakadu C™ Amethyst Clay Detox Mask,DERMAdoctor,facial-treatment-masks,58.0,"Glycerin, Phenoxyethanol, C1018 Triglycerides, C1215 Alkyl Benzoate, Sodium Acrylates Crosspolymer2, Octyldodecanol, Glyceryl Polyacrylate, Glyceryl Stearate Citrate, Isononyl Isononanoate, Panthenol, Potassium Cetyl Phosphate, PPG1PEG9 Lauryl Glycol Ether, Propylene Glycol, Ethylhexyl Methoxycinnamate, Carbomer, Disodium EDTA, Euterpe Oleracea Fruit Oil, Paeonia Lactiflora Root Extract, Poloxamer 338, Ethylhexylglycerin, CI 73360, BHT, Fragrance, Ethylhexyl Salicylate, Butyl Methoxydibenzoylmethane, Sodium Hydroxide, Potassium Sorbate, Silica, Sodium Benzoate, PPG51, Citric Acid, CI 42090, CI 17200, Tocopherol",64,5476,1.7,0.0,https://www.sephora.com/product/kakadu-c-amethyst-clay-detox-mask-P393237?icid2=products%20grid:p393237,1.7,34.117647058823536
Clarifying Mask,Dr. Barbara Sturm,facial-treatment-masks,145.0,"Water, Kaolin, Alcohol Denat, Cetearyl Alcohol, Simmondsia Chinensis Seed Oil, Lactobacillus, Octyldodecanol, Titanium Dioxide, Brassica Campestris Sterols, Cetearyl Glucoside, Panthenol, Phenoxyethanol, Xanthan Gum, Zinc Pca, Allantoin, Magnesium Aluminum Silicate, Lens Esculenta Seed Extract, Echium Plantagineum Seed Oil, Sodium Cetearyl Sulfate, Alcohol, Ethylhexylglycerin, Caprylic, Helianthus Annuus Seed Oil Unsaponifiables, Disodium Edta, Sodium Hyaluronate, Hexylene Glycol, Polygonum Bistorta Root Extract, Arginine, Leuconostoc, Ascorbyl Palmitate, Cardiospermum Halicacabum Flower, Pantolactone, Caprylyl Glycol, Citric Acid, Ascorbic Acid, Tocopherol",4,490,1.69,0.0,https://www.sephora.com/product/dr-barbara-sturm-clarifying-mask-P448542?icid2=products%20grid:p448542,1.69,85.79881656804734
24K Gold Mask Pure Luxury Lift &  Firm Mask,Peter Thomas Roth,facial-treatment-masks,85.0,"Glycerin, Sodium Hyaluronate, Caffeine, Olivine Extract, Colloidal Gold, Pentylene Glycol, Carbomer, Sodium Hydroxide, Potassium Sorbate, Sodium Benzoate, Sodium Metabisulfite, Mica, Phenoxyethanol, Gold, Iron Oxides, Titanium Dioxide",166,11798,5.0,0.0,https://www.sephora.com/product/24k-gold-mask-pure-luxury-lift-firm-mask-P392607?icid2=products%20grid:p392607,5.0,17.0
Midnight Radiance Mask,Omorovicza,facial-treatment-masks,120.0,"Glycerin, Propanediol, Alcohol Denat, Yeast Extract, Sodium Levulinate, Sclerotium Gum, Carbomer, Chondrus Crispus Powder, Sodium Anisate, Ethylhexylglycerin, Kaolin, Benzyl Alcohol, Salix Nigra Bark Extract, Caprylyl, Salicylic Acid, Sodium Hydroxide, Parfum, Copper Gluconate, Sodium Hyaluronate, Phospholipids, Leuconostoc, Benzyl Salicylate, Linalool, Limonene, Pancratium Maritimum Extract, Geraniol, Citronellol, Helianthus Annuus Seed Oil",4,2385,1.7,0.0,https://www.sephora.com/product/midnight-radiance-mask-P426334?icid2=products%20grid:p426334,1.7,70.58823529411767
Hydrating Floral Mask,Tata Harper,facial-treatment-masks,95.0,"Glycerin, Propanediol, Alcohol Denat, Yeast Extract, Sodium Levulinate, Sclerotium Gum, Carbomer, Chondrus Crispus Powder, Sodium Anisate, Ethylhexylglycerin, Kaolin, Benzyl Alcohol, Salix Nigra Bark Extract, Caprylyl, Salicylic Acid, Sodium Hydroxide, Parfum, Copper Gluconate, Sodium Hyaluronate, Phospholipids, Leuconostoc, Benzyl Salicylate, Linalool, Limonene, Pancratium Maritimum Extract, Geraniol, Citronellol, Helianthus Annuus Seed Oil",15,2008,1.0,0.0,https://www.sephora.com/product/hydrating-floral-mask-P442748?icid2=products%20grid:p442748,1.0,95.0
H2Overdose Activated Mask ,FOREO,facial-treatment-masks,19.99,"Glycerin, Butylene Glycol, Dipropylene Glycol, Decyl Cocoate, Sodium Hyaluronate, Tremella Fuciformis Sporocarp Extract, Simmondsia Chinensis Seed Oil, Portulaca Oleracea Extract, Ceramide 3, Xylitylglucoside, Anhydroxylitol, Xylitol, Tocopheryl Acetate, Caprylic, Cetyl Ethylhexanoate, Diglycerin, Hydroxyacetophenone, Panthenol, Allantoin, Cetearyl Olivate, Sorbitan Olivate, Tromethamine, Caprylic, Acrylates, Carbomer, Caprylyl Glycol, Dipotassium Glycyrrhizate, Ethylhexylglycerin, Xanthan Gum, Fragrance, Glucose, Hydrogenated Lecithin",4,1829,0.0,0.0,https://www.sephora.com/product/h2overdose-mask-P436343?icid2=products%20grid:p436343,2.437163120567376,8.202159236410196
Amazonian Clay Mask,Proactiv,facial-treatment-masks,38.0,"Glycerin, Butylene Glycol, Dipropylene Glycol, Decyl Cocoate, Sodium Hyaluronate, Tremella Fuciformis Sporocarp Extract, Simmondsia Chinensis Seed Oil, Portulaca Oleracea Extract, Ceramide 3, Xylitylglucoside, Anhydroxylitol, Xylitol, Tocopheryl Acetate, Caprylic, Cetyl Ethylhexanoate, Diglycerin, Hydroxyacetophenone, Panthenol, Allantoin, Cetearyl Olivate, Sorbitan Olivate, Tromethamine, Caprylic, Acrylates, Carbomer, Caprylyl Glycol, Dipotassium Glycyrrhizate, Ethylhexylglycerin, Xanthan Gum, Fragrance, Glucose, Hydrogenated Lecithin",5,506,3.0,0.0,https://www.sephora.com/product/amazonian-clay-mask-P445838?icid2=products%20grid:p445838,3.0,12.666666666666664
Shake & Shot™ Rubber Soothing Mask,Dr. Jart+,facial-treatment-masks,12.0,"Dipropylene Glycol, Aloe Barbadensis Leaf Extract, Psidium Guajava Leaf Extract, Guaiazulene, Menadione, PEG60 Hydrogenated Castor Oil, Butylene Glycol, Citrus Aurantium Bergamia Fruit Oil, Gardenia Florida Fruit Extract, Coptis Japonica Extract, 12Hexanediol, Glycerin, Caprylic, Hydrogenated Lecithin, Polyglyceryl10, Diisostearate, Phenoxyethanol, Ethylhexylglycerin",27,0,0.0,0.0,https://www.sephora.com/product/shake-shot-rubber-soothing-mask-P428657?icid2=products%20grid:p428657,2.437163120567376,4.923757420556396
Make My Day Activated Mask,FOREO,facial-treatment-masks,9.99,"Acryloyldimethyl Taurate Copolymer, Hydroxyethylcellulose, Dipropylene Glycol, Fragrance, Sorbitan Isostearate, Polysorbate 60, Butylene Glycol, Gelidium Cartilagineum Extract, Brassica Oleracea Italica Sprout Extract, Sodium Hyaluronate, Hydrolyzed Hyaluronic Acid, Sodium Acetylated Hyaluronate",5,2668,0.0,0.0,https://www.sephora.com/product/make-my-day-hydrating-anti-pollution-ufo-tm-activated-mask-P433465?icid2=products%20grid:p433465,2.437163120567376,4.0990280526132015
Glow Addict Activated Mask,FOREO,facial-treatment-masks,19.99,"Glycerin, Butylene Glycol, Dipropylene Glycol, Caprylic, Pearl Extract, Niacinamide, Tocopheryl Acetate, Tremella Fuciformis Sporocarp Extract, Simmondsia Chinensis Seed Oil, Portulaca Oleracea Extract, Panthenol, Allantoin, Dipotassium Glycyrrhizate, Xylitylglucoside, Anhydroxylitol, Xylitol, 3OEthyl Ascorbic Acid, Glucose, Cetyl Ethylhexanoate, Diglycerin, Decyl Cocoate, Hydroxyacetophenone, Cetearyl Olivate, Sorbitan Olivate, Tromethamine, Caprylic, Carbomer, Acrylates, Caprylyl Glycol, Ethylhexylglycerin, Xanthan Gum, Parfum, 12Hexanediol",5,2147,0.0,0.0,https://www.sephora.com/product/glow-addict-mask-P436347?icid2=products%20grid:p436347,2.437163120567376,8.202159236410196
Vitamin Nectar Vitamin C Brightening Powder,Fresh,facial-treatment-masks,40.0,"Packette 2: Oryza Sativa Starch, Ascorbic Acid, Hydrated Silica",28,5525,0.24,0.0,https://www.sephora.com/product/vitamin-c-brightening-glow-powder-P433982?icid2=products%20grid:p433982,0.24,166.66666666666669
Shake & Shot™ Rubber Firming Mask,Dr. Jart+,facial-treatment-masks,12.0,"Dipropylene Glycol, Retinyl Palmitate, Tocopherol, Adenosine, Ceramide NP, Simmondsia Chinensis Seed Oil, Hamamelis Virginiana Leaf Extract, Salvia Officinalis Leaf Extract, Perfluorodecalin, Cyanocobalamin, Sucrose Palmitate, PEG60, Hydrogenated Castor Oil, Citrus Aurantium Bergamia Fruit Oil, Gardenia Florida Fruit Extract, Butylene Glycol, Glycerin, 12Hexanediol, Xanthan Gum, Sodium Benzoate, Potassium Sorbate, Phenoxyethanol, Ethylhexylglycerin",24,0,0.0,0.0,https://www.sephora.com/product/shake-shot-rubber-firming-mask-P428656?icid2=products%20grid:p428656,2.437163120567376,4.923757420556396
Multi-Masking™ Medley,boscia,facial-treatment-masks,18.0,"PPG20 Methyl Glucose Ether, Polyvinyl Alcohol, Glycerin, Polysorbate 20, Polysorbate 60, Sorbitol, Montmorillonite, Pentylene Glycol, Caprylyl Glycol, 12Hexanediol, Hydroxyacetophenone, Panthenol, Acrylates, Silica, Acrylates Copolymer, Potassium Hydroxide, Butylene Glycol, Dictyopteris Membranacea Extract, Simmondsia Chinensis Seed Extract, Camellia Sinensis Leaf Extract, Sodium Ascorbyl Phosphate, Caprylic, Epilobium Angustifolium Flower, Citrus Aurantium Amara Flower Oil, Eugenia Caryophyllus Leaf, Citric Acid, Rice Ferment Filtrate, Carbomer, Salicornia Herbacea Extract, Palmitoyl Tripeptide1, Palmitoyl Tetrapeptide7, Titanium Dioxide, Mica",209,17590,0.0,0.0,https://www.sephora.com/product/multi-masking-medley-P387135?icid2=products%20grid:p387135,2.437163120567376,7.3856361308345955
SUPERMASK - The Peeling Mask,SEPHORA COLLECTION,facial-treatment-masks,6.0,"Butylene Glycol, Glycereth26, 12Hexanediol, Niacinamide, Vaccinium Myrtillus Fruit Extract, Lactic Acid, Saccharum Officinarum Extract, Potassium Hydroxide, Citrus Aurantium Dulcis Fruit Extract, Citrus Limon Fruit Extract, Allantoin, Panthenol, Acer Saccharum Extract, Xanthan Gum, Polyglyceryl10 Laurate, Polyglyceryl10 Myristate, Ethylhexylglycerin, Parfum, Glycerin, Disodium EDTA, CI 19140, Tocopherol",24,2388,0.0,0.0,https://www.sephora.com/product/supermask-peeling-mask-P442592?icid2=products%20grid:p442592,2.437163120567376,2.4618787102781985
Watermelon Brightening Face Mask,MILK MAKEUP,facial-treatment-masks,26.0,"Glycerin, Kaolin, Propylene Glycol, Sodium Stearate, Disteardimonium Hectorite, Phenoxyethanol, Sodium Hydroxide, Gellan Gum, Ethylhexylglycerin, Stearic Acid, Ascorbyl Palmitate, Hydrolyzed Hyaluronic Acid, Tocopheryl Acetate, Opuntia FicusIndica Seed Oil, Cellulose Gum, Lepidium Sativum Sprout Extract, Sodium Polyacrylate, Butylene Glycol, Polysorbate 80, Alcohol, Lecithin, Citrullus Lanatus Fruit Extract, Lens Culinaris Fruit Extract, Sodium Lactate, Carbomer, Polysorbate 20, Potassium Sorbate, Sodium Benzoate, Soy Isoflavones, Palmitoyl Tripeptide1, Palmitoyl Tetrapeptide7, Titanium Dioxide, Iron Oxides",60,11714,1.0,0.0,https://www.sephora.com/product/watermelon-brightening-face-mask-P440279?icid2=products%20grid:p440279,1.0,26.0
Nose Strip,SEPHORA COLLECTION,facial-treatment-masks,3.0,"Alcohol Denat, Vinyl Caprolactam, Silica Dimethyl Silylate, Aqua, PEG12 Dimethicone, Charcoal Powder, CI 77891, Allantoin, Tocopheryl Acetate, Dipotassium Glycyrrhizate, CI 77499, Aloe Barbadensis Leaf Juice Powder, Hamamelis Virginiana Bark, Butylene Glycol, TButyl Alcohol, Camellia Sinensis Leaf Extract, Maltodextrin, Phenoxyethanol, Denatonium Benzoate",683,23307,0.0,0.0,https://www.sephora.com/product/nose-strip-P408905?icid2=products%20grid:p408905,2.437163120567376,1.2309393551390992
Skin Rescue Purifying Mask With Red Clay,First Aid Beauty,facial-treatment-masks,30.0,"Polyvinyl Alcohol, Glycerin, Illite, Lactobacillus Ferment, Glycereth26, Polysorbate 20, Ppg20 Methyl Glucose Ether, Rosmarinus Officinalis Leaf Oil, Camellia Sinensis Leaf Extract, Chrysanthemum Parthenium Extract, Glycyrrhiza Glabra Root Extract, Sodium Ascorbyl Phosphate, Allantoin, Bisabolol, Acrylates, Montmorillonite, Sodium Hydroxide, Mica, Phenoxyethanol, Iron Oxides",370,25672,3.0,0.0,https://www.sephora.com/product/skin-rescue-purifying-mask-with-red-clay-P384538?icid2=products%20grid:p384538,3.0,10.0
10-Seed Nourishing Modeling Mask,Primera,facial-treatment-masks,22.0,"Polyvinyl Alcohol, Glycerin, Illite, Lactobacillus Ferment, Glycereth26, Polysorbate 20, Ppg20 Methyl Glucose Ether, Rosmarinus Officinalis Leaf Oil, Camellia Sinensis Leaf Extract, Chrysanthemum Parthenium Extract, Glycyrrhiza Glabra Root Extract, Sodium Ascorbyl Phosphate, Allantoin, Bisabolol, Acrylates, Montmorillonite, Sodium Hydroxide, Mica, Phenoxyethanol, Iron Oxides",10,1148,1.7,0.0,https://www.sephora.com/product/primera-10-seed-nourishing-modeling-mask-P447181?icid2=products%20grid:p447181,1.7,12.941176470588234
Uluru Purifying Mask,Dr Roebuck's,facial-treatment-masks,28.0,"Polyvinyl Alcohol, Glycerin, Illite, Lactobacillus Ferment, Glycereth26, Polysorbate 20, Ppg20 Methyl Glucose Ether, Rosmarinus Officinalis Leaf Oil, Camellia Sinensis Leaf Extract, Chrysanthemum Parthenium Extract, Glycyrrhiza Glabra Root Extract, Sodium Ascorbyl Phosphate, Allantoin, Bisabolol, Acrylates, Montmorillonite, Sodium Hydroxide, Mica, Phenoxyethanol, Iron Oxides",26,3836,1.69,0.0,https://www.sephora.com/product/uluru-purifying-mask-P430829?icid2=products%20grid:p430829,1.69,16.568047337278106
Dragon Fruit Brightening Superfruit Mask,Origins,facial-treatment-masks,27.0,Sucrose,34,7143,3.4,0.0,https://www.sephora.com/product/dragon-fruit-brightening-superfruit-mask-P432666?icid2=products%20grid:p432666,3.4,7.9411764705882355
Chlorophyll Detox Mask,Perricone MD,facial-treatment-masks,69.0,Sucrose,426,9952,0.0,2.0,https://www.sephora.com/product/chloro-plasma-purifying-mask-P385219?icid2=products%20grid:p385219,2.0,34.5
Overnight Glow Mask,SEPHORA COLLECTION,facial-treatment-masks,16.0,"Aqua, Propylene Glycol, Butylene Glycol, Carbomer, Sorbitan Caprylate, Sodium Hydroxide, Vaccinium Myrtillus Fruit Extract, Parfum, Propanediol, Benzoic Acid, Saccharum Officinarum Extract, Sodium Hyaluronate, Diethylhexyl Syringylidenemalonate, Citrus Aurantium Dulcis Fruit Extract, Citrus Limon Fruit Extract, Acer Saccharum Extract, Caprylic, CI 42090 CI 19140",4,1281,0.0,0.0,https://www.sephora.com/product/sephora-collection-overnight-glow-mask-P455218?icid2=products%20grid:p455218,2.437163120567376,6.565009894075196
Face Mask Sachet Box,Dr. Barbara Sturm,facial-treatment-masks,145.0,"Kaolin, Glycerin, Prunus Amygdalus Dulcis Oil, Lactobacillus, Decyl Oleate, Xanthan Gum, Tocopheryl Acetate, Aloe Barbadensis Leaf Juice, Phenoxyethanol, Acrylates, Butylene Glycol, Chamomilla Recutita Flower Extract, Sodium Hydroxide, Ethylhexylglycerin, Leuconostoc",0,315,2.31,0.0,https://www.sephora.com/product/dr-barbara-sturm-face-mask-sachet-box-P448712?icid2=products%20grid:p448712,2.31,62.770562770562776
Mud Mask Purifying & Mattifying ,SEPHORA COLLECTION,facial-treatment-masks,20.0,"Kaolin, Glycerin, Citrus Aurantium Dulcis Peel Powder, Capryloyl Glycine, Magnesium Aluminum Silicate, Glyceryl Undecylenate, CI 77499, Phenoxyethanol, Hydrogenated Palm Kernel Glycerides, Fragrance, Sodium Hydroxide, Hydrogenated Palm Glycerides, Magnesium Aspartate, Zinc Gluconate, Copper Gluconate",1000,45859,0.0,2.03,https://www.sephora.com/product/mud-mask-purifying-mattifying-P395163?icid2=products%20grid:p395163,2.03,9.852216748768473
Water Gel Mask Hydrate + Refresh,SEPHORA COLLECTION,facial-treatment-masks,16.0,"Glycerin, C1018 Triglycerides, C1519 Alkane, Butylene Glycol, Propanediol, Carbomer, Perfume, Hydroxyacetophenone, Acrylates, Caprylyl Glycol, Sodium Hydroxide, Helianthus Annuus Seed Oil, Sodium Hyaluronate, Tocopherol, Laminaria Saccharina Extract, Sodium Phytate, Arginine, CI 42090, CI 17200",23,4955,0.0,0.0,https://www.sephora.com/product/water-gel-mask-hydrate-refresh-P443801?icid2=products%20grid:p443801,2.437163120567376,6.565009894075196
Hemp Mousse Mask - Anti-Blemish,SEPHORA COLLECTION,facial-treatment-masks,7.0,"Glycerin, Cannabis Sativa Seed Oil, Talc, Sodium Acrylates Crosspolymer2, Tapioca Starch, C1018 Triglycerides, C1215 Alkyl Benzoate, Phenoxyethanol, Niacinamide, Fragrance, Octyldodecanol, Glyceryl Stearate Citrate, Isononyl Isononanoate, Panthenol, Potassium Cetyl Phosphate, PPG1PEG9 Lauryl Glycol Ether, Propylene Glycol, Ethylhexyl Methoxycinnamate, Carbomer, Disodium EDTA, Poloxamer 338, Ethylhexylglycerin, BHT, CI 77492, Ethylhexyl Salicylate, Butyl Methoxydibenzoylmethane, Sodium Hydroxide, Polymethylsilsesquioxane, Silica, Potassium Sorbate, Sodium Benzoate, PPG51, Citric Acid, CI 15985, CI 19140, CI 42090, Sodium Citrate, Xanthan Gum, Tocopherol",17,0,0.0,0.0,https://www.sephora.com/product/hemp-mousse-mask-anti-blemish-P446822?icid2=products%20grid:p446822,2.437163120567376,2.8721918286578982
Hydra Life Pores Away Pink Clay Mask,Dior,facial-treatment-masks,69.0,Natural Pink Clay: Mattifies,31,4999,1.7,0.0,https://www.sephora.com/product/hydra-life-pores-away-pink-clay-mask-P417606?icid2=products%20grid:p417606,1.7,40.588235294117645
Shimmer Freak Activated Mask,FOREO,facial-treatment-masks,19.99,"Methylpropanediol, Niacinamide, Rosa Centifolia Flower Caffeine, Vaccinium Macrocarpon Fruit Extract, Allantoin, Panthenol, Synthetic Fluorphlogopite, 12Hexanediol, Sodium Polyacrylate, Hydroxyacetophenone, Chlorphenesin, Butylene Glycol, Parfum, Titanium Dioxide",5,906,0.0,0.0,https://www.sephora.com/product/shimmer-freak-mask-P436344?icid2=products%20grid:p436344,2.437163120567376,8.202159236410196
Banana Cream Mask - Nourshing,SEPHORA COLLECTION,facial-treatment-masks,7.0,"Glycerin, Butyrospermum Parkii Butter, Glyceryl Stearate, Cetearyl Alcohol, PEG100 Stearate, Fructose, Pullulan, Phenoxyethanol, Ceteareth20, Sodium Acrylates Crosspolymer2, Disodium EDTA, Xanthan Gum, Ethylhexyl Methoxycinnamate, Caramel, Ethylhexylglycerin, Bisabolol, Poloxamer 338, Parfum, BHT, Tocopherol, Ethylhexyl Salicylate, Butyl Methoxydibenzoylmethane, Musa Sapientum Fruit Extract, PPG51, Farnesol, Silica, Glycine Soja Oil, CI 19140, CI 15985",9,0,0.0,0.0,https://www.sephora.com/product/banana-cream-mask-nourshing-P446818?icid2=products%20grid:p446818,2.437163120567376,2.8721918286578982
WASO: Purifying Peel Off Mask,Shiseido,facial-treatment-masks,32.0,"Polyvinyl Alcohol, Alcohol Denat, Butylene Glycol, Glycerin, Peg75, Trehalose, Ppg15Buteth20, Mica, Phenoxyethanol, Iron Oxides, Peg60 Hydrogenated Castor Oil, Succinoglycan, Cellulose Gum, Sodium Citrate, Titanium Dioxide, Silica, Carbomer, Sodium Metaphosphate, Xanthan Gum, Saccharide Isomerate, Fragrance, Dipotassium Glycyrrhizate, Alcohol, Tin Oxide, Citric Acid, Sodium Metabisulfite, Serine, Limonene, Hexyl Cinnamal, Butylphenyl Methylpropional, Benzyl Benzoate, Linalool, Eriobotrya Japonica Leaf Protoplasts, Paeonia Suffruticosa Root Extract, Perilla Ocymoides Leaf Extract, Peg30 Phytosterol, Hydrogenated Lecithin, Trisodium Edta, Bht",195,1977,3.7,0.0,https://www.sephora.com/product/waso-purifying-peel-off-P445461?icid2=products%20grid:p445461,3.7,8.648648648648647
Clarimatte™ Invisible Pores Detox Mask,REN Clean Skincare,facial-treatment-masks,42.0,"Polyvinyl Alcohol, Alcohol Denat, Butylene Glycol, Glycerin, Peg75, Trehalose, Ppg15Buteth20, Mica, Phenoxyethanol, Iron Oxides, Peg60 Hydrogenated Castor Oil, Succinoglycan, Cellulose Gum, Sodium Citrate, Titanium Dioxide, Silica, Carbomer, Sodium Metaphosphate, Xanthan Gum, Saccharide Isomerate, Fragrance, Dipotassium Glycyrrhizate, Alcohol, Tin Oxide, Citric Acid, Sodium Metabisulfite, Serine, Limonene, Hexyl Cinnamal, Butylphenyl Methylpropional, Benzyl Benzoate, Linalool, Eriobotrya Japonica Leaf Protoplasts, Paeonia Suffruticosa Root Extract, Perilla Ocymoides Leaf Extract, Peg30 Phytosterol, Hydrogenated Lecithin, Trisodium Edta, Bht",127,8652,1.7,0.0,https://www.sephora.com/product/pore-minimising-detox-mask-P174633?icid2=products%20grid:p174633,1.7,24.705882352941174
Hungarian Thermal Water Mineral-Rich Atomic Heat Mask,Peter Thomas Roth,facial-treatment-masks,60.0,"Magnesium Sulfate, Butyrospermum Parkii Butter, Butylene Glycol, Dimethicone, Shea Butter Glycerides, Caprylic, Ceteareth20, Kaolin, Zeolite, Helianthus Annuus Seed Oil, Prunus Armeniaca Kernel Oil, Prunus Persica Kernel Oil, Rosa Moschata Seed Oil, Prunus Amygdalus Dulcis Oil, Simmondsia Chinensis Seed Oil, Glycine Soja Oil, Honey, Elaeis Guineensis Butter, Punica Granatum Fruit Juice, Fagus Sylvatica Bud Extract, Sambucus Nigra Fruit Extract, Rosmarinus Officinalis Leaf Extract, Tocopherol, Glycerin, Illite, Squalane, Hydrogenated Vegetable Oil, Lecithin, Ethylhexyl Palmitate, Dipropylene Glycol, Dimethicone, Polysilicone11, Lauryl PEG9 Polydimethylsiloxyethyl Dimethicone, Ethoxydiglycol, Propylene Glycol, Sodium Citrate, Benzyl Alcohol, Benzoic Acid, Sodium Benzoate, Potassium Sorbate, Phenoxyethanol",143,6582,5.1,0.0,https://www.sephora.com/product/hungarian-thermal-water-mineral-rich-atomic-heat-mask-P427429?icid2=products%20grid:p427429,5.1,11.764705882352944
Matte Maniac Activated Mask,FOREO,facial-treatment-masks,19.99,"Butylene Glycol, Methylpropanediol, Hamamelis Virginiana Extract, Charcoal Powder, Chrysanthemum Morifolium Flower Extract, Centella Asiatica Extract, Saussurea Involucrata Extract, Allantoin, Panthenol, Fragrance, 12Hexanediol, Sodium Polyacrylate, Hydroxyacetophenone, Chlorphenesin",8,974,0.0,0.0,https://www.sephora.com/product/matte-maniac-mask-P436345?icid2=products%20grid:p436345,2.437163120567376,8.202159236410196
Moisture Mask ,Eve Lom,facial-treatment-masks,90.0,"Glycerin, Cyclopentasiloxane, Dimethicone, Dimethicone, C912 Alkane, Glyceryl Polyacrylate, Acrylates Copolymer, Propanediol, Phenoxyethanol, Polyglyceryl3 Oleate, Sodium Hydroxide, CocoCaprylate, Sodium PCA, Tocopherol, Urea, Ethylhexylglycerin, Polymethylsilsesquioxane, Sodium Hyaluronate, Potassium Sorbate, Trehalose, Lecithin, Avena Strigosa Seed Extract, Leuconostoc, Polyquaternium51, 12Hexanediol, Hydroxypropyl Bispalmitamide MEA, Phytic Acid",26,3695,3.4,0.0,https://www.sephora.com/product/moisture-mask-P381431?icid2=products%20grid:p381431,3.4,26.470588235294123
Green Barley Refining Exfoliating Mask,innisfree,facial-treatment-masks,15.0,"Cellulose, Alcohol, Dipropylene Glycol, Butylene Glycol, Glycerin, Betaine, Saccharomyces, Peg60 Hydrogenated Castor Oil, Phenoxyethanol, Carbomer, Potassium Hydroxide, Fragrance, Ethylhexylglycerin, Propanediol, Hordeum Vulgare Seed Extract, Oryza Sativa Extract, Disodium Edta, Salicylic Acid, Glycolic Acid, Camellia Japonica Leaf Extract, Camellia Sinensis Leaf Extract, Citrus Unshiu Peel Extract, Opuntia Coccinellifera Fruit Extract, Orchid Extract",3,1487,4.05,0.0,https://www.sephora.com/product/green-barley-refining-exfoliating-mask-P449864?icid2=products%20grid:p449864,4.05,3.703703703703704
Charcoal Nose Strip,SEPHORA COLLECTION,facial-treatment-masks,3.0,"PVP, VP, Alcohol Denat, Fragrance, CI 77499, Glycerin, Charcoal Powder, Caprylic, Epilobium Fleischeri Extract, Pistacia Lentiscus Gum, Hydrogenated Lecithin, Phenethyl Alcohol, Dipotassium Glycyrrhizate, Citric Acid, Ethylhexylglycerin, Potassium Sorbate",44,2246,0.0,0.0,https://www.sephora.com/product/charcoal-nose-strip-P442567?icid2=products%20grid:p442567,2.437163120567376,1.2309393551390992
Liquid Gold Ultimate Perfecting Mask,Alpha-H,facial-treatment-masks,75.0,"Glycolic Acid, Caprylic, Lactic Acid, Cetearyl Alcohol, Glyceryl Stearate, Peg100 Stearate, Glycerin, Potassium Hydroxide, C1215 Alkyl Benzoate, Squalane, Ceteareth20, Mannitol, Stearic Acid, Undecane, Hydrolyzed Yeast Protein, Phenoxyethanol, Cyclopentasiloxane, Butylene Glycol, Panthenol, Tridecane, Butyrospermum Parkii Butter Butter, Mangifera Indica Seed Butter, Simmondsia Chinensis Seed Oil, Tocopheryl Acetate, Vitis Vinifera Seed Oil, Parfum, Pentylene Glycol, Allantoin, Sodium Gluconate, Sodium Pca, Wheat Amino Acids, Dimethicone Crosspolymer, Sodium Hyaluronate, Disodium Edta, Sodium Benzoate, Tasmannia Lanceolata Fruit Extract, Gluconolactone, Citric Acid, Sodium Citrate, Aloe Barbadensis Extract Extract, Hydroxyproline, Sodium Carrageenan, Dextrin, Ferulic Acid, Waltheria Indica Leaf Extract, Maris Sal, Benzyl Salicylate, Citronellol, Coumarin, Hexyl Cinnamal, Butylphenyl Methylpropional, Limonene, Linalool, AlphaIsomethyl Ionone",7,619,1.69,0.0,https://www.sephora.com/product/liquid-gold-ultimate-perfecting-mask-P442547?icid2=products%20grid:p442547,1.69,44.378698224852066
Peppermint Gum Mask - Toning,SEPHORA COLLECTION,facial-treatment-masks,7.0,"Fructose, PVP, Ethylhexyl Stearate, Glycerin, CI 77891, Xanthan Gum, Polyacrylamide, Phenoxyethanol, C1314 Isoparaffin, Menthyl Lactate, Laureth7, Ethylhexyl Methoxycinnamate, Disodium EDTA, Ethylhexylglycerin, Poloxamer 338, Fragrance, BHT, Ethylhexyl Salicylate, Butyl Methoxydibenzoylmethane, CI 77492, PPG51, Mentha Piperita Leaf Extract, Citric Acid, CI 42090, Sodium Benzoate, Potassium Sorbate, Sodium Citrate, Tocopherol",8,0,0.0,0.0,https://www.sephora.com/product/peppermint-gum-mask-toning-P446830?icid2=products%20grid:p446830,2.437163120567376,2.8721918286578982
Water Drench® Hyaluronic Micro-Bubbling Cloud Mask,Peter Thomas Roth,facial-treatment-masks,52.0,"Cocamidopropyl Betaine, Cetyl Alcohol, Methyl Perfluorobutyl Ether, Methylperfluoroisobutyl Ether, Caprylic, Glycerin, Glyceryl Stearate, Peg100 Stearate, Propanediol, Sodium Chloride, Sodium Polyacrylate, Ceramide Np, Gossypium Herbaceum Seed Extract, Althaea Officinalis Root Extract, Sodium Hyaluronate, Potassium Cocoyl Glycinate, Xanthan Gum, Perfluorohe Xane, Potassium Cocoate, Cocamidopropyl Dimethylamine, Sodium Glycolate, Perfluoroperhydrophenanthrene, Perfluorodecalin, Sodium Hydroxide, Perfluorodimethylcyclohexane, Mica, Propylene Glycol, Saccharide Isomerate, Butylene Glycol, Citric Acid, Sodium Citrate, Potassium Sorbate, Sodium Benzoate, Sorbic Acid, Ethylhexylglycerin, Phenoxyethanol, Blue 1",7,1675,4.0,0.0,https://www.sephora.com/product/water-drench-hyaluronic-micro-bubbling-cloud-mask-P440048?icid2=products%20grid:p440048,4.0,13.0
Oat Muesli Mask - Soothing,SEPHORA COLLECTION,facial-treatment-masks,7.0,"Glycerin, Caprylic, Cetearyl Alcohol, Linum usitatissimum seed flour, Dicaprylyl Carbonate, Cetearyl Glucoside, Phenoxyethanol, Sodium Polyacrylate Starch, Hydroxyethyl Acrylate, Squalane, 12Hexanediol, Caprylyl Glycol, Fragrance, Xanthan Gum, Polysorbate 60, Citric Acid, Sorbitan Isostearate, Avena Sativa Kernel Extract, Tocopherol, Sodium Hydroxide",11,0,0.0,0.0,https://www.sephora.com/product/oat-muesli-mask-soothing-P446828?icid2=products%20grid:p446828,2.437163120567376,2.8721918286578982
Purifying Mask,Caudalie,facial-treatment-masks,39.0,"Glycerin, Isononyl Isononanoate, Vitis Vinifera Seed Oil, Sorbitan Stearate, Peg100 Stearate, Glyceryl Stearate, Ceteth20, Hydroxyethyl Acrylate, Squalane, Cetyl Alcohol, Cetyl Palmitate, Dimethicone, Butylene Glycol, Ci 77891, Sodium Dehydroacetate, Caprylyl Glycol, Polysorbate 60, Parfum, Tocopherol, Carbomer, Sodium Phytate, Sodium Hydroxide, Scutellaria Baicalensis Root Extract, Acrylates, Sodium Carboxymethyl BetaGlucan, Sodium Hyaluronate, Hexyl Cinnamal, Linalool, Limonene, Benzyl Benzoate, Citronellol Plant Origin",67,8170,2.5,0.0,https://www.sephora.com/product/purifying-mask-P395616?icid2=products%20grid:p395616,2.5,15.6
Grapefruit Peeling Mask - Skin Perfection,SEPHORA COLLECTION,facial-treatment-masks,7.0,"Glycerin, Isononyl Isononanoate, Vitis Vinifera Seed Oil, Sorbitan Stearate, Peg100 Stearate, Glyceryl Stearate, Ceteth20, Hydroxyethyl Acrylate, Squalane, Cetyl Alcohol, Cetyl Palmitate, Dimethicone, Butylene Glycol, Ci 77891, Sodium Dehydroacetate, Caprylyl Glycol, Polysorbate 60, Parfum, Tocopherol, Carbomer, Sodium Phytate, Sodium Hydroxide, Scutellaria Baicalensis Root Extract, Acrylates, Sodium Carboxymethyl BetaGlucan, Sodium Hyaluronate, Hexyl Cinnamal, Linalool, Limonene, Benzyl Benzoate, Citronellol Plant Origin",19,0,0.0,0.0,https://www.sephora.com/product/grapefruit-peeling-mask-skin-perfection-P446820?icid2=products%20grid:p446820,2.437163120567376,2.8721918286578982
Treatment Enzyme Peeling Masque,AMOREPACIFIC,facial-treatment-masks,70.0,"Camellia Sinensis Leaf Butylene Glycol, Glycerin, Betaine, Titanium Dioxide, Hydrogenated Poly, Ammonium Acryloyldimethyltaurate, 12Hexanediol, Dimethicone, Polycaprolactone, Mannitol, Arginine, Hydroxyethyl Acrylate, Glycolic Acid, Polysorbate 20, Sodium Lactate, Peg240, Fragrance, Peg75, Zea Mays Starch, Sorbitan Isostearate, Polysorbate 60, Ethylhexylglycerin, Disodium Edta, Hydrogenated Lecithin, Papain, Trehalose, Chromium Oxide Greens, Lactobacillus Ferment Lysate",101,3545,2.7,0.0,https://www.sephora.com/product/treatment-enzyme-peeling-masque-P442969?icid2=products%20grid:p442969,2.7,25.925925925925927
Mini Goddess Clay Mask 15ml Travel Size,Charlotte Tilbury,facial-treatment-masks,15.0,"Stearic Acid, Glycerin, Prunus Amygdalus Dulcis Oil, Kaolin, Titanium Dioxide, Glyceryl Stearate, Triethanolamine, Phenoxyethanol, Ethylhexylglycerin, Parfum, Chlorphenesin, Disodium Edta, Rosa Canina Fruit Oil, Peg8, Iron Oxides, Iron Oxides, Iron Oxides, Helianthus Annuus Seed Oil, Tocopherol, Ascorbyl Palmitate, Nicotiana Sylvestris Leaf Cell Culture, Ascorbic Acid, Citric Acid, Plumeria Rubra Flower Extract, Hexyl Cinnamal, Benzyl Benzoate, Linalool, Hydroxycitronellal, Cinnamyl Alcohol",5,1466,0.5,0.0,https://www.sephora.com/product/mini-goddess-clay-mask-15ml-travel-size-P451728?icid2=products%20grid:p451728,0.5,30.0
Hydra Life Extra Plump Smooth Balm Mask,Dior,facial-treatment-masks,69.0,"Stearic Acid, Glycerin, Prunus Amygdalus Dulcis Oil, Kaolin, Titanium Dioxide, Glyceryl Stearate, Triethanolamine, Phenoxyethanol, Ethylhexylglycerin, Parfum, Chlorphenesin, Disodium Edta, Rosa Canina Fruit Oil, Peg8, Iron Oxides, Iron Oxides, Iron Oxides, Helianthus Annuus Seed Oil, Tocopherol, Ascorbyl Palmitate, Nicotiana Sylvestris Leaf Cell Culture, Ascorbic Acid, Citric Acid, Plumeria Rubra Flower Extract, Hexyl Cinnamal, Benzyl Benzoate, Linalool, Hydroxycitronellal, Cinnamyl Alcohol",28,5078,1.7,0.0,https://www.sephora.com/product/hydra-life-extra-plump-smooth-balm-mask-P417607?icid2=products%20grid:p417607,1.7,40.588235294117645
Nose Mask - Pineapple,SEPHORA COLLECTION,facial-treatment-masks,3.0,"Hydroxyethyl Urea, Glycereth26, Glycerin, Alcohol Denat, 12Hexanediol, Coceth7, PPG1PEG9 Lauryl Glycol Ether, Phenoxyethanol, Epilobium Fleischeri Extract, PEG40 Hydrogenated Castor Oil, Ananas Sativus Fruit Extract, Betaine, Fragrance, Hydroxyethyl Acrylate, Arginine, Carbomer, Ethylhexylglycerin, Disodium EDTA, Citric Acid, Potassium Sorbate, Polysorbate 60, Sorbitan Isostearate, Sodium Benzoate, Tocopherol",83,5917,0.0,0.0,https://www.sephora.com/product/nose-mask-P429725?icid2=products%20grid:p429725,2.437163120567376,1.2309393551390992
Tama Healing Mask,Dr Roebuck's,facial-treatment-masks,28.0,"Purified Kaolin, Quartz, Cetearyl Alcohol, Persea Gratissima Oil, Glycerin, Caprylic, Cetearyl Olivate, Cetearyl Glucoside, Sorbitan Olivate, Santalum Acuminatum Fruit Extract, Citrus Glauca Fruit Extract, Acacia Victoriae Fruit Extract, Butyrospermum Parkii Butter, Camelina Sativa Seed Oil, Curcuma Longa Rhizome Extract, Honey, Tocopheryl Acetate, Xanthan Gum, Cymbopogon flexuosus Oil, Caprylyl Glycol, Phenoxyethanol",14,2801,1.69,0.0,https://www.sephora.com/product/tama-healing-mask-P430830?icid2=products%20grid:p430830,1.69,16.568047337278106
Radiance Transforming Mask,Eve Lom,facial-treatment-masks,90.0,"Glycerin, Cannabis Sativa Seed Oil, Vitis Vinifera Seed Oil, Camelina Sativa Seed Oil, Crambe Abyssinica Seed Oil, Sucrose Palmitate, Glycolic Acid, Hydrogenated Vegetable Oil, Polyglyceryl2 Dipolyhydroxystearate, Dipalmitoyl Hydroxyproline, Rosa Canina Fruit Oil, Sea Phenoxyethanol, Ectoin, Helianthus Annuus Seed Oil, Hydrolyzed Jojoba Esters, Tocopherol, Rosa Damascena Flower Oil, Jojoba Esters, Magnesium Aspartate, Zinc Gluconate, Rosmarinus Officinalis Leaf Extract, Bioflavonoids, Chlorogenic Acids, Citric Acid, Glucose, Copper Gluconate, Hydrolyzed Rhodophyceae Extract, Ethylhexylglycerin",6,857,3.3,0.0,https://www.sephora.com/product/radiance-transforming-mask-P436671?icid2=products%20grid:p436671,3.3,27.272727272727273
Skin Nourish Coral Grass & Green Algae Moisture Face Mask,Bobbi Brown,facial-treatment-masks,54.0,"Glycerin, Cannabis Sativa Seed Oil, Vitis Vinifera Seed Oil, Camelina Sativa Seed Oil, Crambe Abyssinica Seed Oil, Sucrose Palmitate, Glycolic Acid, Hydrogenated Vegetable Oil, Polyglyceryl2 Dipolyhydroxystearate, Dipalmitoyl Hydroxyproline, Rosa Canina Fruit Oil, Sea Phenoxyethanol, Ectoin, Helianthus Annuus Seed Oil, Hydrolyzed Jojoba Esters, Tocopherol, Rosa Damascena Flower Oil, Jojoba Esters, Magnesium Aspartate, Zinc Gluconate, Rosmarinus Officinalis Leaf Extract, Bioflavonoids, Chlorogenic Acids, Citric Acid, Glucose, Copper Gluconate, Hydrolyzed Rhodophyceae Extract, Ethylhexylglycerin",29,4947,2.5,0.0,https://www.sephora.com/product/skin-nourish-coral-grass-green-algae-moisture-mask-P404242?icid2=products%20grid:p404242,2.5,21.6
By All Greens™ Foaming Deep Cleansing Mask,Origins,facial-treatment-masks,30.0,"Disodium Cocoamphodiacetate, Kaolin, Acrylates Copolymer, Citric Acid, Algae Extract, Isopentane, Citrus Aurantium Bergamia Fruit Oil, Citrus Limon Peel Oil, Citrus Aurantium Dulcis Oil, Cinnamomum Camphora Bark Oil, Mentha Viridis Leaf Oil, Magnolia Acuminata Flower Extract, Iris Pallida Root Extract, Rosa Damascena Extract, Citral, Linalool, Limonene, Brassica Oleracea Italica Extract, Spinacia Oleracea Leaf Extract, Vaccinium Angustifolium Fruit Extract, Spirulina Platensis Powder, Camellia Sinensis Leaf Extract, Camellia Sinensis Leaf Extract, Daucus Carota Sativa Root Extract, Glycerin, Sodium Hyaluronate, Ethylhexylglycerin, Caprylyl Glycol, Tocopheryl Acetate, Isobutane, Disodium Edta, Bht, Phenoxyethanol, Chromium Oxide Greens Essential Oil",84,7240,2.6,0.0,https://www.sephora.com/product/by-all-greens-tm-foaming-deep-cleansing-mask-P406759?icid2=products%20grid:p406759,2.6,11.538461538461537
Rose Jelly Mask,Lancôme,facial-treatment-masks,35.0,"Glycerin, Niacinamide, Dipropylene Glycol, Alcohol Denat, Dimethicone, Butylene Glycol, Mel, Peg8, Peg, Prunus Amygdalus Dulcis Oil, Ci 14700, Ci 17200, Ascorbyl Glucoside, Sodium Hyaluronate, Sodium Hydroxide, Sodium Citrate, Phenoxyethanol, Arginine, Salicylic Acid, Ammonium Polyacryloyldimethyl Taurate, Dimethiconol, Propanediol, Capryloyl Salicylic Acid, AlphaIsomethyl Ionone, Carbomer, Geraniol, Farnesol, Rosa Damascena Flower Tetrasodium Edta, Citric Acid, Hexyl Cinnamal, Fragrance",16,2615,3.34,0.0,https://www.sephora.com/product/rose-jelly-mask-P433460?icid2=products%20grid:p433460,3.34,10.479041916167665
SOS Comfort Nourishing Balm Mask,Clarins,facial-treatment-masks,34.0,"Isononyl Isononanoate, Caprylic, Dicaprylyl Carbonate, Propanediol, Cetearyl Alcohol, Glycerin, Betaine, Squalane, Mangifera Indica Seed Oil, Ppg3 Myristyl Ether, Pentaerythrityl Distearate, Glyceryl Stearate, Peg100 Stearate, Hydroxyethyl Acrylate, Octyldodecanol, Mica, Cetearyl Glucoside, Phenoxyethanol, Irvingia Gabonensis Kernel Butter, Fragrance, Ethylhexylglycerin, Hydrogenated CocoGlycerides, Ci 77891, Synthetic Fluorphlogopite, Disodium Edta, Bisabolol, Salicyloyl Phytosphingosine, Alcohol, Tris Citrate, Yellow 6, Yellow 5, Citric Acid",6,1191,2.3,0.0,https://www.sephora.com/product/sos-comfort-nourishing-balm-mask-P424373?icid2=products%20grid:p424373,2.3,14.782608695652176
SOS Hydra Refreshing Hydration Mask,Clarins,facial-treatment-masks,34.0,"Glycerin, Butylene Glycol, Stearic Acid, C1215 Alkyl Benzoate, Dicaprylyl Carbonate, Betaine, Cetearyl Ethylhexanoate, Cetyl Alcohol, Propanediol, Ci 77891, Ceteareth12, Phenoxyethanol, Xylitylglucoside, Polyacrylamide, Fragrance, Anhydroxylitol, Carbomer, Synthetic Fluorphlogopite, C1314 Isoparaffin, Ethylhexylglycerin, Tocopheryl Acetate, Tromethamine, Xylitol, Caprylhydroxamic Acid, Sodium Hyaluronate, Glyceryl Acrylate, Disodium Edta, Laureth7, Glucose, Kalanchoe Pinnata Leaf Extract, Alumina, Alcohol Citric Acid, Tris Citrate, Sodium Benzoate, Potassium Sorbate, Ci 42090",12,1760,2.3,0.0,https://www.sephora.com/product/sos-hydra-refreshing-hydration-mask-P424372?icid2=products%20grid:p424372,2.3,14.782608695652176
White Marble Bright Face Mask,Erno Laszlo,facial-treatment-masks,88.0,"Diatomaceous Earth, Glucose, Calcium Sulfate Hydrate, Algin, Distarch Phosphate, Tetrasodium Pyrophosphate, Ci 77891, Sodium Ascorbate, Magnesium Oxide, Simmondsia Chinensis Seed Oil, Fragrance",260,970,0.0,0.0,https://www.sephora.com/product/white-marble-bright-face-mask-P420980?icid2=products%20grid:p420980,2.437163120567376,36.10755441741357
Icebergs Hydrating Mask,Dr Roebuck's,facial-treatment-masks,28.0,"Diatomaceous Earth, Glucose, Calcium Sulfate Hydrate, Algin, Distarch Phosphate, Tetrasodium Pyrophosphate, Ci 77891, Sodium Ascorbate, Magnesium Oxide, Simmondsia Chinensis Seed Oil, Fragrance",8,1480,1.69,0.0,https://www.sephora.com/product/icebergs-hydrating-mask-P430832?icid2=products%20grid:p430832,1.69,16.568047337278106
SOS Pure Rebalancing Clay Mask,Clarins,facial-treatment-masks,34.0,"Kaolin, Glycerin, Caprylic, Dimethicone, Propanediol, Cetearyl Alcohol, Ci 77891, Betaine, Glyceryl Stearate, Peg100 Stearate, Illite, Cetearyl Glucoside, Fragrance, Hibiscus Sabdariffa Flower Extract, Phenoxyethanol, Pvp, Synthetic Fluorphlogopite, Caprylyl Glycol, Cetyl Alcohol, Stearyl Alcohol, Ethylhexylglycerin, Ethylparaben, Methylparaben, Polya Crylamide, Sodium Hydroxide, C1314 Isoparaffin, Citric Acid, De Hydroacetic Acid, Pyridoxine Hcl, Tetrasodium EDTA, Chrysin, Alumina, Epilobium Fleischeri Extract, Laureth7, Zinc Gluconate, Ci 19140, Ci 42090, Potassium Sorbate",9,855,2.3,0.0,https://www.sephora.com/product/sos-pure-rebalancing-clay-mask-P424374?icid2=products%20grid:p424374,2.3,14.782608695652176
The Intensive Revitalizing Mask,La Mer,facial-treatment-masks,175.0,"Kaolin, Glycerin, Caprylic, Dimethicone, Propanediol, Cetearyl Alcohol, Ci 77891, Betaine, Glyceryl Stearate, Peg100 Stearate, Illite, Cetearyl Glucoside, Fragrance, Hibiscus Sabdariffa Flower Extract, Phenoxyethanol, Pvp, Synthetic Fluorphlogopite, Caprylyl Glycol, Cetyl Alcohol, Stearyl Alcohol, Ethylhexylglycerin, Ethylparaben, Methylparaben, Polya Crylamide, Sodium Hydroxide, C1314 Isoparaffin, Citric Acid, De Hydroacetic Acid, Pyridoxine Hcl, Tetrasodium EDTA, Chrysin, Alumina, Epilobium Fleischeri Extract, Laureth7, Zinc Gluconate, Ci 19140, Ci 42090, Potassium Sorbate",19,3818,2.5,0.0,https://www.sephora.com/product/the-intensive-revitalizing-mask-P417115?icid2=products%20grid:p417115,2.5,70.0
Peel-off Mask,SEPHORA COLLECTION,facial-treatment-masks,20.0,"Talc, Alcohol Denat, Polyvinyl Alcohol, Kaolin, Glycerin, Propylene Glycol, Bentonite, PEG7 Glyceryl Cocoate, Butylene Glycol, Gluconolactone, Sodium Gluconate, Fragrance, Tocopherol, Xanthan Gum, Carica Papaya Fruit Extract Fruit Extract, Maltodextrin, CI 19140, CI 17200, Citrus Paradisi Seed Extract",13,2872,2.0,0.0,https://www.sephora.com/product/peel-off-mask-P427354?icid2=products%20grid:p427354,2.0,10.0
Belle de Jour White Lotus Mask,KENZOKI,facial-treatment-masks,82.0,"Talc, Alcohol Denat, Polyvinyl Alcohol, Kaolin, Glycerin, Propylene Glycol, Bentonite, PEG7 Glyceryl Cocoate, Butylene Glycol, Gluconolactone, Sodium Gluconate, Fragrance, Tocopherol, Xanthan Gum, Carica Papaya Fruit Extract Fruit Extract, Maltodextrin, CI 19140, CI 17200, Citrus Paradisi Seed Extract",4,402,2.5,0.0,https://www.sephora.com/product/belle-de-jour-white-lotus-mask-P399727?icid2=products%20grid:p399727,2.5,32.8
Radiance Boost Walnut Grain & Orange Oil Exfoliating Face Mask,Bobbi Brown,facial-treatment-masks,54.0,"Alumina, Caprylic, Glyceryl Stearate, Butylene Glycol, Peg100 Stearate, Beeswax, Butyrospermum Parkii, Cetyl Alcohol, Glycerin, Camellia Sinensis Leaf Extract, Citrus Aurantium Dulcis Peel Oil, Sodium Hyaluronate, Juglans Regia Shell Powder, Caffeine, Algae Extract, Panthenol, Steareth20, Caprylyl Glycol, Biosaccharide Gum 1, Stearyl Alcohol, Tocopheryl Acetate, Carbomer, Sodium Hydroxide, Hexylene Glycol, Disodium Edta, Phenoxyethanol",16,1970,2.5,0.0,https://www.sephora.com/product/radiance-boost-superfine-walnut-grain-orange-oil-exfoliating-mask-P404243?icid2=products%20grid:p404243,2.5,21.6
Rose Sorbet Cryo-Mask,Lancôme,facial-treatment-masks,39.0,"Alcohol Denat, Propanediol, Sodium, Carboxymethyl Starch, Glycerin, Honey, Ci 14700, Ci 17200, Tocopherol, Sodium Hyaluronate, Arginine, Spiraea Ulmaria Extract, Salicylic Acid, Sunflower Seed Oil, Menthol, Rosa Damascena Flower Citric Acid, Butylene Glycol, Sweet Almond Oil, Fragrance",13,1743,1.7,0.0,https://www.sephora.com/product/rose-sorbet-cryo-mask-P447608?icid2=products%20grid:p447608,1.7,22.94117647058824
Face Mask - Algae - Detoxifying,SEPHORA COLLECTION,facial-treatment-masks,6.0,"Butylene Glycol, Glycerin, Betaine, Caulerpa Lentillifera Extract, 12Hexanediol, Hydroxyacetophenone, Xanthan Gum, Lecithin, Salix Alba Bark Extract, Parfum, Phenoxyethanol, Bakuchiol, Magnolia Officinalis Flower Extract, Fucus Vesiculosus Extract, Limonene, Porphyra Umbilicalis Extract, Sodium Benzoate, Citric Acid, Potassium Sorbate, Sodium Lactate",6,0,0.0,0.0,https://www.sephora.com/product/face-mask-algae-P432071?icid2=products%20grid:p432071,2.437163120567376,2.4618787102781985
V-Facial Intensive Wrap,Clarins,facial-treatment-masks,61.0,"Glycerin, Kaolin, Alcohol, Cetearyl Ethylhexanoate, Cetearyl Alcohol, Betaine, Cetyl Alcohol, Polymethyl Methacrylate, Butylene Glycol, Caffeine, Glyceryl Stearate, Ci 77891, Gellan Gum, Dimethicone, Phenoxyisopropanol, Escin, Ethylhexylglycerin, Sodium Cetearyl Sulfate, Sodium Lauryl Sulfate, Sodium Acrylates Copolymer, Hydrogenated Polyisobutene, Disodium Edta, Zingiber Zerumbet Extract, Parfum, Phospholipids, Polyglyceryl10 Stearate, Helianthus Annuus Seed Oil, Tromethamine, Alumina, Ethylene Brassylate, Xylitol, Alchemilla Vulgaris Extract, Callicarpa Japonica Fruit Extract",14,4041,2.5,0.0,https://www.sephora.com/product/v-facial-intensive-wrap-P408230?icid2=products%20grid:p408230,2.5,24.4
Clarifying Detox Mask with Green Tea + 3% Sulfur,LANCER Skincare,facial-treatment-masks,75.0,"Sulfer, Illite, Glycerin, Propanediol, Magnesium Aluminum Silicate, Kaolin, Ethyl Linoleate, Glyceryl Stearate, Cetearyl Alcohol, Ceteareth20, PEG100 Stearate, Microcrystalline Wax, Potassium Azeloyl Diglycinate, Morinda Citrifolia Extract, Citrullus Lanatus Fruit Extract, Menthol, Camellia Sinensis Leaf Extract, Pyrus Malus Fruit Extract, Lens Esculenta Fruit Extract, Sodium Lactate, Sodium PCA, Citrus Aurantium Bergamia Peel Oil, Polyisobutene, Caprylyl, Sorbitan Oleate, Sodium Acrylate, Caprylyl Glycol, Ethylhexylglycerin, Potassium Chloride, Citric Acid, Disodium EDTA, Xanthan Gum, Chlorphenesin, Potassium Sorbate, Sodium Benzoate, Phenoxyethanol, Chromium Oxide Green",196,1800,1.7,0.0,https://www.sephora.com/product/clarifying-detox-mask-with-green-tea-3-sulfur-P449181?icid2=products%20grid:p449181,1.7,44.11764705882353
Mask Love Skincare Set,Fresh,facial-treatment-masks,25.0,Rose Face Mask:,10,5302,0.0,0.0,https://www.sephora.com/product/mask-love-skincare-set-P441055?icid2=products%20grid:p441055,2.437163120567376,10.257827959492493
PRE:EMPT SERIES™ Refreshing Shower Mask,Perricone MD,facial-treatment-masks,50.0,"Methyl Gluceth20, Dimethyl MEA, Dipotassium Glycyrrhizate, Allantoin, Acetyl Tyrosine, Olea Europaea Leaf Extract, Squalane, Lecithin, Rhodiola Rosea Root Extract, Tetrahydrodiferuloylmethane, Tetrahydrodemethoxydiferuloylmethane, Lepidium Sativum Sprout Extract, Tetrahydrobisdemethoxydiferuloylmethane, Epigallocatechin Gallatyl Glucoside, Carbomer, Polysorbate 20, Caprylyl Glycol, Pentylene Glycol, Hydrolyzed Jojoba Esters, Ammonium Acryloyldimethyltaurate, Hydroxyethyl Acrylate, Glycerin, Polysorbate 60, Phenoxyethanol, Menthyl Lactate, Fragrance, ChlorophyllinCopper Complex, Linalool",20,1559,2.5,0.0,https://www.sephora.com/product/pre-empt-refreshing-shower-mask-P415707?icid2=products%20grid:p415707,2.5,20.0
Clarifying Colloidal Sulfur Mask,Dr. Dennis Gross Skincare,facial-treatment-masks,42.0,"Methyl Gluceth20, Dimethyl MEA, Dipotassium Glycyrrhizate, Allantoin, Acetyl Tyrosine, Olea Europaea Leaf Extract, Squalane, Lecithin, Rhodiola Rosea Root Extract, Tetrahydrodiferuloylmethane, Tetrahydrodemethoxydiferuloylmethane, Lepidium Sativum Sprout Extract, Tetrahydrobisdemethoxydiferuloylmethane, Epigallocatechin Gallatyl Glucoside, Carbomer, Polysorbate 20, Caprylyl Glycol, Pentylene Glycol, Hydrolyzed Jojoba Esters, Ammonium Acryloyldimethyltaurate, Hydroxyethyl Acrylate, Glycerin, Polysorbate 60, Phenoxyethanol, Menthyl Lactate, Fragrance, ChlorophyllinCopper Complex, Linalool",339,11683,0.0,0.0,https://www.sephora.com/product/clarifying-colloidal-sulfur-mask-P375270?icid2=products%20grid:p375270,2.437163120567376,17.233150971947392
Black Tea Firming Overnight Mask Mini,Fresh,facial-treatment-masks,35.0,"Glycerin, Butylene Glycol, Jojoba Esters, Isohexadecane, Ammonium Acryloyldimethyltaurate, Dicaprylyl Carbonate, Camellia Oleifera Seed Oil, Pentylene Glycol, Ethylhexyl Palmitate, Mirabilis Jalapa Extract, Glyceryl Stearate, Steareth21, Caprylic, Dimethicone, Oxidized Corn Oil, Butyrospermum Parkii, Cera Alba, Kigelia, Africana Fruit Extract, Saccharomyces Ferment Filtrate, Camellia Sinensis Leaf Extract, Rubus Fruticosus Leaf Extract, Litichi Chinensis Seed Extract, Rosa Damascena Flower Oil, Sodium Hyaluronate, Adenosine, Tocopheryl Acetate, Tocopherol, Ceteareth20, Behenyl Alcohol, Fragrance, Ceteareth12, Cetearyl Alcohol, Sodium Citrate, Sodium Polyacrylate Starch, Sodium Polyacrylate, Sorbitan Laurate, Disodium Edta, Maltodextrin, Silica, Tetrasodium Edta, Hydroxyethylcellulose, Acetyl Dipeptide1 Cetyl Ester, Citric Acid, Ci 77891, BHT, Potassium Sorbate, Biotin, Phenoxyethanol, Linalool, Citronellol, Geraniol",3,0,0.0,1.0,https://www.sephora.com/product/black-tea-firming-overnight-mask-mini-P432255?icid2=products%20grid:p432255,1.0,35.0
Tinted Moisturizer Natural Skin Perfector Broad Spectrum SPF 30,Laura Mercier,sunscreen-sun-protection,47.0,"Glycerin, Butylene Glycol, Dimethicone, Peg, Hydrogenated Polydecene, Peg5 Glyceryl Stearate, Isododecane, Silica, Phenyl Trimethicone, Trehalose, Phenoxyethanol, Tocopherol, Butyrospermum Parkii Butter, Macadamia Ternifolia Seed Oil, Aleurites Moluccanus Seed Oil, Rhus Verniciflua Peel Wax, Tamarindus Indica Seed Gum, Saccharide Isomerate, Pentylene Glycol, Isostearic Acid, Glyceryl Stearate Se, Polysilicone11, Behenyl Alcohol, Behenic Acid, Stearic Acid, Batyl Alcohol, Hydroxypropyl Methylcellulose Stearoxy Ether, Peg30 Phytosterol, Disodium Edta, Sodium Metaphosphate, Carbomer, Polyacrylate Crosspolymer6, Potassium Hydroxide, Bht, Sodium Citrate, Citric Acid, TButyl Alcohol May Contain: Titanium Dioxide, Iron Oxides",1000,148270,1.7,0.0,https://www.sephora.com/product/tinted-moisturizer-broad-spectrum-P109936?icid2=products%20grid:p109936,1.7,27.64705882352941
Unseen Sunscreen SPF 40,Supergoop!,sunscreen-sun-protection,34.0,"Avobenzone, 3%, Homosalate 8%, Octisalate 5%, Octocrylene 4%, Isododecane, Dimethicone Crosspolymer, Dimethicone, Polymethylsilsesquioxane, Isohexadecane, Dicaprylyl Carbonate, Meadowfoam Estolide, Caprylic, Polyester7, Neopentyl Glycol Diheptanoate, Lithothamnion Calcareum Extract, Caprylyl Glycol, Butyrospermum Parkii Butter, Jojoba Esters, Mannitol, Olibanum, Lecithin, Microcrystalline Cellulose, Diatomaceous Earth, Zinc Sulfate, Silica, Tocopherol",1000,10732,1.7,0.0,https://www.sephora.com/product/supergoop-unseen-sunscreen-spf-40-P454380?icid2=products%20grid:p454380,1.7,20.0
Tinted Moisturizer Broad Spectrum SPF 20 - Oil Free,Laura Mercier,sunscreen-sun-protection,46.0,"Avobenzone, 3%, Homosalate 8%, Octisalate 5%, Octocrylene 4%, Isododecane, Dimethicone Crosspolymer, Dimethicone, Polymethylsilsesquioxane, Isohexadecane, Dicaprylyl Carbonate, Meadowfoam Estolide, Caprylic, Polyester7, Neopentyl Glycol Diheptanoate, Lithothamnion Calcareum Extract, Caprylyl Glycol, Butyrospermum Parkii Butter, Jojoba Esters, Mannitol, Olibanum, Lecithin, Microcrystalline Cellulose, Diatomaceous Earth, Zinc Sulfate, Silica, Tocopherol",5000,94418,1.7,0.0,https://www.sephora.com/product/tinted-moisturizer-broad-spectrum-oil-free-P140906?icid2=products%20grid:p140906,1.7,27.058823529411764
Ultimate Sun Protection Lotion WetForce Broad Spectrum Sunscreen SPF 50+,Shiseido,sunscreen-sun-protection,40.0,"Dimethicone, Sd Alcohol 40B, Talc, Methyl Methacrylate Crosspolymer, Isododecane, Cetyl Ethylhexanoate, Diisopropyl Sebacate, Triethylhexanoin, Lauryl Peg9 Polydimethylsiloxyethyl Dimethicone, Glycerin, Dextrin Palmitate, Sucrose Tetrastearate Triacetate, Polybutylene Glycol, Trimethylsiloxysilicate, Xylitol, Silica, Sodium Chloride, Peg, Saxifraga Sarmentosa Extract, Sophora Angustifolia Root Extract, Disteardimonium Hectorite, Isostearic Acid, Calcium Stearate, Trisodium Edta, Vinyl Dimethicone, Alcohol, Bht, Butylene Glycol, Stearic Acid, Sodium Metabisulfite, Syzygium Jambos Leaf Extract, Tocopherol, Polysilicone2, Methylparaben, Fragrance, Iron Oxides",152,16105,0.0,3.3,https://www.sephora.com/product/wetforce-ultimate-sun-protection-lotion-broad-spectrum-spf-50-for-face-body-P429243?icid2=products%20grid:p429243,3.3,12.12121212121212
Pure Radiant Tinted Moisturizer Broad Spectrum SPF 30,NARS,sunscreen-sun-protection,45.0,"Dimethicone, Ethylhexyl Methoxycinnamate, Titanium Dioxide, Butylene Glycol, Propanediol, Diethylhexyl Succinate, Glycerin, Nylon12, Cyclomethicone, Peg9 Polydimethylsiloxyethyl Dimethicone, Peg10 Dimethicone, Aluminum Hydroxide, Diphenylsiloxy Phenyl Trimethicone, Disteardimonium Hectorite, Sorbitan Sesquiisostearate, Stearic Acid Phenoxyethanol, Polymethylsilsesquioxane, Fragrance, Dimethicone, Dimethicone Crosspolymer, Trisodium, Edta, Aluminum Distearate, Talc, Ascorbyl Glucoside, Polysilicone2, Vibrio Alginolyticus Ferment Filtrate, Tocopherol, Alteromonas Ferment Filtrate, Maris Sal, Hydrogen Dimethicone, Bht, Algae, Sodium Metabisulfite, Curcuma Longa",2000,110865,1.9,0.0,https://www.sephora.com/product/pure-radiant-tinted-moisturizer-spf-30-pa-P302923?icid2=products%20grid:p302923,1.9,23.684210526315788
Urban Environment Oil-Free UV Protector Broad Spectrum Face Sunscreen SPF 42,Shiseido,sunscreen-sun-protection,35.0,"Dimethicone, Isododecane, Sd Alcohol 40B, Dipropylene Glycol, Ethylhexyl Palmitate, Peg10 Dimethicone, Glycerin, Polymethylsilsesquioxane, Vinyl Dimethicone, Polybutylene Glycol, Dimethicone, Xylitol, Methyl Methacrylate Crosspolymer, Thiotaurine, Scutellaria Baicalensis Root Extract, Paeonia Albiflora Root Extract, Ononis Spinosa Root Extract, Ectoin, Lauryl Peg9 Polydimethylsiloxyethyl Dimethicone, Hydrogen Dimethicone, Butylene Glycol, Disodium Edta, Disteardimonium Hectorite, Alumina, Bht, Triethoxycaprylylsilane, Syzygium Jambos Leaf Extract, Tocopherol, Phenoxyethanol, Benzoic Acid, Fragrance, Titanium Dioxide, Mica",1000,76965,0.0,1.0,https://www.sephora.com/product/urban-environment-oil-free-uv-protector-broad-spectrum-spf-42-for-face-P307405?icid2=products%20grid:p307405,1.0,35.0
Silken Pore Perfecting Sunscreen Broad Spectrum SPF 35 PA+++,Tatcha,sunscreen-sun-protection,65.0,"Isododecane, Cyclopentasiloxane, Propanediol, Hdi, Glycerin, Dimethicone, Octyldodecyl Neopentanoate, Behenyl Alcohol, Dimethicone, Rosa Multiflora Fruit Extract, Eriobotrya Japonica Leaf Extract, Stearyl Glycyrrhetinate, Glycyrrhiza Inflata Root Extract, Camellia Sinensis Leaf Extract, Pistacia Lentiscus Gum, Sericin, Algae Extract, Lecithin, Inositol, Polyhydroxystearic Acid, Sorbitan Tristearate, Sodium Dilauramidoglutamide Lysine, Silica, Potassium Sorbate, Beheneth20, Sodium Acrylate, Polymethylsilsesquioxane, Methicone, Trimethylsiloxysilicate, Dimethiconol, Disodium Edta, Fragrance, Ethylhexylglycerin, Alcohol, Phenoxyethanol, Iron Oxides, Tin Oxide, Mica, Titanium Dioxide",473,54522,2.0,0.0,https://www.sephora.com/product/silken-pore-perfecting-sunscreen-broad-spectrum-spf-35-P408206?icid2=products%20grid:p408206,2.0,32.5
Ultimate Sun Protection Lotion WetForce Broad Spectrum Sunscreen SPF 50+ Mini,Shiseido,sunscreen-sun-protection,22.0,"Dimethicone, SD Alcohol 40B, Talc, Methyl Methacrylate Crosspolymer, Isododecane, Cetyl Ethylhexanoate, Diisopropyl Sebacate, Triethylhexanoin, Lauryl PEG9 Polydimethylsiloxyethyl Dimethicone, Glycerin, Dextrin Palmitate, Sucrose Tetrastearate Triacetate, Polybutylene Glycol, Trimethylsiloxysilicate, Xylitol, Silica, Sodium Chloride, PEG, Saxifraga Sarmentosa Extract, Sophora Angustifolia Root Extract, Disteardimonium Hectorite, Isostearic Acid, Calcium Stearate, Trisodium EDTA, Vinyl Dimethicone, Alcohol, BHT, Butylene Glycol, Stearic Acid, Sodium Metabisulfite, Syzygium Jambos Leaf Extract, Tocopherol, Polysilicone2, Methylparaben, Fragrance, Iron Oxides",2,0,0.0,1.6,https://www.sephora.com/product/ultimate-sun-protection-lotion-wetforce-spf-50-P432258?icid2=products%20grid:p432258,1.6,13.75
PLAY Everyday Lotion SPF 50 with Sunflower Extract,Supergoop!,sunscreen-sun-protection,22.0,"Avobenzone 3%, Homosalate 10%, Octisalate 5%, Polyester8, Acrylates Copolymer, Diisopropyl Sebacate, Glycerin, Isodecyl Neopentanoate, Isododecane, Lauryl Lactate, Cetyl Alcohol, Potassium Cetyl Phosphate, Brassica Campestris, Oryza Sativa Bran Extract, Cetearyl Olivate, Ammonium Acryloyldimethyltaurate, Hydroxyacetophenone, Sorbitan Olivate, Diethylhexyl Syringylidenemalonate, Aniba Rosaeodora Wood Oi, Chlorphenesin, Citrus Aurantium Dulcis Peel Oil, Citrus Limon Peel Oil, Ethylhexylglycerin, Eucalyptus Globulus Leaf Oil, Ocimum Basilicum Flower, Pelargonium Graveolens Flower Oil, Pogostemon Cablin Oil, Pentylene Glycol, 12Hexanediol, Caprylyl Glycol, Xanthan Gum, Helianthus Annuus Extract, Behenic Acid, Cetyl Behenate, Isostearyl Isostearate, Trisodium Ethylenediamine Disuccinate, Tocopherol, Allantoin, Rosmarinus Officinalis Leaf Extract, Caprylic, Panthenol, Pentasodium Triphosphate, Citric Acid",7,2093,0.0,2.4,https://www.sephora.com/product/supergoop-play-everyday-lotion-spf-50-with-sunflower-extract-P454383?icid2=products%20grid:p454383,2.4,9.166666666666668
Tarteguard Mineral Powder Sunscreen Broad Spectrum SPF 30,tarte,sunscreen-sun-protection,28.0,"Polymethylsilsesquioxane, Silica, Jojoba Esters, Caprylyl Glycol, Alumina, Sodium Dehydroacetate, Phenoxyethanol, Vanillin, Caprylic, Hexylene Glycol, Vanilla Planifolia Fruit Extract, Aluminum Dimyristate, Triethoxycaprylylsilane, Disodium Stearoyl Glutamate, Iron Oxides, Mica",202,23858,0.28,0.0,https://www.sephora.com/product/tarteguard-mineral-powder-sunscreen-broad-spectrum-spf-30-P430951?icid2=products%20grid:p430951,0.28,100.0
Green Defense Daily Mineral Sunscreen,Farmacy,sunscreen-sun-protection,36.0,"Water, Ethyl Macadamiate, Cyclopentasiloxane, Ethylhexyl Palmitate, Propanediol, C1215 Alkyl Benzoate, Polysorbate 80, Glyceryl Stearate, Peg100 Stearate, Echinacea Purpurea Root Extract, Aronia Melanocarpa Fruit Extract, Hydrolyzed Verbascum Thapsus Flower, Tagetes Erecta Flower Extract, Alteromonas Ferment Extract, 7Dehydrocholesterol, Zea Mays Oil, Helianthus Annuus Seed Oil, Carthamus Tinctorius Seed Oil, Malic Acid, Tocopherol, Myristic Acid, Cetyl Alcohol, Glycerin, Hydrogenated Lecithin, Panthenol, Stearic Acid, Polyglyceryl6 Isostearate, Microcrystalline Cellulose, Alumina, Behenic Acid, Stearyl Alcohol, Caprylyl, Methicone, Dimethicone, Cyclohexasiloxane, Isohexadecane, Triethoxysilylethyl, Polydimethylsiloxyethyl Hexyl Dimethicone, Lauryl Peg9 Polydimethylsiloxyethyl, Dimethicone, 12Hexanediol, Behenyl Alcohol, Triethoxycaprylylsilane, Polyhydroxystearic Acid, Sodium Acrylate, Cellulose Gum, Sorbitan Oleate, Butylene Glycol, Phenoxyethanol, Caprylyl Glycol, Ethylhexylglycerin, Sodium Benzoate, Potassium Sorbate, Sodium Citrate, Citric Acid, Sodium Phytate",66,9931,1.7,0.0,https://www.sephora.com/product/green-defense-daily-mineral-sunscreen-P449188?icid2=products%20grid:p449188,1.7,21.176470588235293
Umbra™ Sheer Physical Daily Defense Broad Spectrum Sunscreen SPF 30,Drunk Elephant,sunscreen-sun-protection,34.0,"Zinc Oxide 20%, Caprylic, Dicaprylyl Carbonate, Pentylene Glycol, Glycerin, Steareth2, Propanediol, Steareth21, Polyhydroxystearic Acid, Cetearyl Alcohol, Silica, Sclerocarya Birrea Seed Oil, Aloe Barbadensis Leaf Extract, Chondrus Crispus Extract, Haematococcus Pluvialis Extract, Helianthus Annuus Sprout Extract, Vitis Vinifera Juice Extract, Helianthus Annuus Seed Oil, Simmondsia Chinensis Seed Oil, Raspberry Seed Oil, Hydrolyzed Wheat Protein, Tocopheryl Acetate, Tocopherol, Sea Acetyl Glucosamine, Cetearyl Glucoside, Sodium Stearoyl Glutamate, Tetrahexyldecyl Ascorbate, Glycine, Sucrose, Lecithin, Triethoxycaprylylsilane, Xanthan Gum, Trisodium Ethylenediamine Disuccinate, Caprylhydroxamic Acid, Caprylyl Glycol, Phenoxyethanol, Chlorphenesin, Sodium Dehydroacetate, Iron Oxides",1000,31072,3.0,0.0,https://www.sephora.com/product/umbra-tm-sheer-physical-daily-defense-broad-spectrum-sunscreen-spf-30-P419222?icid2=products%20grid:p419222,3.0,11.333333333333336
Argan Daily Moisturizer Tinted SPF 47 Protect + Perfect,Josie Maran,sunscreen-sun-protection,36.0,Natural,387,12329,2.0,0.0,https://www.sephora.com/product/argan-daily-moisturizer-spf-47-protect-perfect-P394124?icid2=products%20grid:p394124,2.0,18.0
Umbra Tinte™ Physical Daily Defense Broad Spectrum Sunscreen SPF 30,Drunk Elephant,sunscreen-sun-protection,36.0,"Zinc Oxide 20%, Caprylic, Dicaprylyl Carbonate, Glycerin, Pentylene Glycol, Steareth2, Propanediol, Steareth21, Polyhydroxystearic Acid, Cetearyl Alcohol, Silica, Sclerocarya Birrea Seed Oil, Aloe Barbadensis Leaf Extract, Chondrus Crispus Extract, Haematococcus Pluvialis Extract, Helianthus Annuus Sprout Extract, Vitis Vinifera Juice Extract, Helianthus Annuus Seed Oil, Simmondsia Chinensis Seed Oil, Raspberry Seed Oil, Hydrolyzed Wheat Protein, Tocopheryl Acetate, Tocopherol, Sea Acetyl Glucosamine, Cetearyl Glucoside, Sodium Stearoyl Glutamate, Tetrahexyldecyl Ascorbate, Glycine, Sucrose, Lecithin, Triethoxycaprylylsilane, Xanthan Gum, Trisodium Ethylenediamine Disuccinate, Caprylhydroxamic Acid, Caprylyl Glycol, Sodium C1416 Olefin Sulfonate, Phenoxyethanol, Chlorphenesin, Sodium Dehydroacetate, Iron Oxides",539,27906,2.0,0.0,https://www.sephora.com/product/umbra-tinte-tm-physical-daily-defense-broad-spectrum-sunscreen-spf-30-P419221?icid2=products%20grid:p419221,2.0,18.0
Invincible Setting Powder SPF 45,Supergoop!,sunscreen-sun-protection,30.0,"Calcium Aluminum Borosilicate, Silica, Polymethyl Methacrylate, Ethylhexylglycerin, Triethoxycaprylysilane, Nylon6, Sodium Dehydroacetate, Olive Glycerides, Ascorbyl Palmitate, Ceramide 3 May Contain, Titanium Dioxide",491,23644,0.15,0.0,https://www.sephora.com/product/invincible-setting-powder-spf-45-P429247?icid2=products%20grid:p429247,0.15,200.0
Full Spectrum 360° Sun Silk Drops Organic Sunscreen SPF 30,COOLA,sunscreen-sun-protection,46.0,"Avobenzone 20%, Homosalate 100%, Octisalate 50%, Octocrylene 60%, Aloe Barbadensis Leaf Extract, Anthemis Nobilis Flower Oil, Butylene Glycol, Butyloctyl Salicylate, Calcium Gluconate, Caprylic, Carthamus Tinctorius Seed Oil, Citrus Aurantium Amara Flower Extract, Citrus Aurantium Amara Leaf, Dicaprylyl Carbonate, Glycerin, Glyceryl Stearate Se, Jasminum Sambac Leaf Cell Extract, Nylon12, Olea Europaea Fruit Oil, Plankton Leaf Extract, Propanediol, Schinus Molle Extract, Simmondsia Chinensis Seed Oil, Sodium Benzoate, Sodium Hyaluronate, Sodium Stearoyl Glutamate, Theobroma Cacao Seed Extract, Tocopheryl Acetate, Water, Xanthan Gum",689,29739,1.0,0.0,https://www.sephora.com/product/full-spectrum-360-sun-silk-drops-spf-30-P429516?icid2=products%20grid:p429516,1.0,46.0
Sun Safety Kit,Sephora Favorites,sunscreen-sun-protection,39.0,"Avobenzone 20%, Homosalate 100%, Octisalate 50%, Octocrylene 60%, Aloe Barbadensis Leaf Extract, Anthemis Nobilis Flower Oil, Butylene Glycol, Butyloctyl Salicylate, Calcium Gluconate, Caprylic, Carthamus Tinctorius Seed Oil, Citrus Aurantium Amara Flower Extract, Citrus Aurantium Amara Leaf, Dicaprylyl Carbonate, Glycerin, Glyceryl Stearate Se, Jasminum Sambac Leaf Cell Extract, Nylon12, Olea Europaea Fruit Oil, Plankton Leaf Extract, Propanediol, Schinus Molle Extract, Simmondsia Chinensis Seed Oil, Sodium Benzoate, Sodium Hyaluronate, Sodium Stearoyl Glutamate, Theobroma Cacao Seed Extract, Tocopheryl Acetate, Water, Xanthan Gum",177,24092,0.0,0.0,https://www.sephora.com/product/sun-safety-kit-P444459?icid2=products%20grid:p444459,2.7733695652173913,14.06231628453851
Super Fluid Daily UV Defense Sunscreen Broad Spectrum SPF 50+,Kiehl's Since 1851,sunscreen-sun-protection,61.0,"Cyclopentasiloxane, Alcohol Denat, Silica, Dicaprylyl Ether, Styrene, PEG30 Dipolyhydroxystearate, Dimethicone, Cyclohexasiloxane, Polymethylsilsesquioxane, Nylon12, Dicaprylyl Carbonate, Phenoxyethanol, Lauryl PEG, Sodium Chloride, Caprylyl Glycol, PEG8 Laurate, Poly C1030 Alkyl Acrylate, Disteardimonium Hectorite, Tocopherol, Isostearyl Alcohol, PAnisic Acid, Disodium EDTA, Dodecene, Poloxamer 407",64,11399,0.0,4.2,https://www.sephora.com/product/super-fluid-daily-uv-defense-sunscreen-broad-spectrum-spf-50-P429522?icid2=products%20grid:p429522,4.2,14.523809523809526
Urban Environment Tinted UV Protector Broad Spectrum SPF 43,Shiseido,sunscreen-sun-protection,35.0,"Cyclopentasiloxane, Alcohol Denat, Silica, Dicaprylyl Ether, Styrene, PEG30 Dipolyhydroxystearate, Dimethicone, Cyclohexasiloxane, Polymethylsilsesquioxane, Nylon12, Dicaprylyl Carbonate, Phenoxyethanol, Lauryl PEG, Sodium Chloride, Caprylyl Glycol, PEG8 Laurate, Poly C1030 Alkyl Acrylate, Disteardimonium Hectorite, Tocopherol, Isostearyl Alcohol, PAnisic Acid, Disodium EDTA, Dodecene, Poloxamer 407",315,18095,1.1,0.0,https://www.sephora.com/product/urban-environment-tinted-uv-protector-broad-spectrum-spf-43-P378216?icid2=products%20grid:p378216,1.1,31.818181818181817
Handscreen SPF 40,Supergoop!,sunscreen-sun-protection,38.0,"Cyclopentasiloxane, Alcohol Denat, Silica, Dicaprylyl Ether, Styrene, PEG30 Dipolyhydroxystearate, Dimethicone, Cyclohexasiloxane, Polymethylsilsesquioxane, Nylon12, Dicaprylyl Carbonate, Phenoxyethanol, Lauryl PEG, Sodium Chloride, Caprylyl Glycol, PEG8 Laurate, Poly C1030 Alkyl Acrylate, Disteardimonium Hectorite, Tocopherol, Isostearyl Alcohol, PAnisic Acid, Disodium EDTA, Dodecene, Poloxamer 407",153,1699,0.0,6.76,https://www.sephora.com/product/supergoop-handscreen-spf-40-P454392?icid2=products%20grid:p454392,6.76,5.621301775147929
Sunscreen Multi-Protection Broad Spectrum SPF 50,Clarins,sunscreen-sun-protection,43.0,"Dimethicone, Alcohol, Polyglyceryl3 Polydimethylsiloxyethyl Dimethicone, Aluminum Hydroxide, Stearic Acid, Nylon12, Peg12 Dimethicone, Sodium Chloride, Phenoxyethanol, Fragrance, Peg, Glycerin, Ethylhexylglycerin, Tocopheryl Acetate, Disodium Edta, Sanicula Europaea Extract, Butylene Glycol, Sodium Hyaluronate, Hydroxypropyltrimonium Maltodextrin Crosspolymer, Thermus Thermophillus Ferment, Lapsana Communis Flower, Ribes Nigrum Bud Extract, Potassium Sorbate, Citric Acid, Camellia Sinensis Leaf Extract, Cucumismelo Fruit Extract, Sodium Lauryl Sulfate",107,6662,1.7,0.0,https://www.sephora.com/product/sunscreen-multi-protection-broad-spectrum-spf-50-P393065?icid2=products%20grid:p393065,1.7,25.294117647058826
The Broad Spectrum SPF 50 UV Protecting Fluid,La Mer,sunscreen-sun-protection,95.0,"Water\Aqua\Eau, Butyloctyl Salicylate, Methyl Trimethicone, Neopentyl Glycol Diheptanoate, Aleurites Moluccana Seed Oil, Lauryl Peg9 Polydimethylsiloxyethyl Dimethicone, Peg100 Stearate, Butylene Glycol, Glyceryl Stearate, Dipentaerythrityl TriPolyhydroxystearate, Potassium Cetyl Phosphate, Algae Extract, Sesamum Indicum Seed Oil, Medicago Sativa Seed Powder, Helianthus Annuus Seedcake, Prunus Amygdalus Dulcis Seed Meal, Eucalyptus Globulus Leaf Oil, Sodium Gluconate, Copper Gluconate, Calcium Gluconate, Magnesium Gluconate, Zinc Gluconate, Tocopheryl Succinate, Niacin, Sesamum Indicum Seed Powder, Laminaria Ochroleuca Extract, Malachite, Caffeine, Sorbitol, Sodium Hyaluronate, Cetyl Alcohol, Stearic Acid, Vp, Ethylhexylglycerin, Saccharide Isomerate, Caprylic, Caprylyl Glycol, Ammonium Acryloyldimethyltaurate, Dehydroxanthan Gum, Sodium Dehydroacetate, Citric Acid, Tourmaline, Styrene, Silica, Peg8 Laurate, Fragrance, Disodium Edta, Phenoxyethanol, Limonene, Geraniol, Hydroxycitronellal, Linalool, Citronellol, Mica, Green 5, Titanium Dioxide",47,7642,1.7,0.0,https://www.sephora.com/product/the-broad-spectrum-spf-50-uv-protecting-fluid-P417118?icid2=products%20grid:p417118,1.7,55.88235294117647
Radiance Primer Broad Spectrum SPF 35 Sunscreen,NARS,sunscreen-sun-protection,36.0,"Caprylyl Methicone, Dipropylene Glycol, Propanediol, Dimethicone, Butyloctyl Salicylate, Lactobacillus Ferment, Isododecane, Ammonium Acryloyldimethyltaurate, Trisiloxane, Polysorbate 60, Trimethylsiloxysilicate, Dextrin Palmitate, Phenoxyethanol, C1422 Alcohols, Hydroxyethyl Acrylate, Hydrolyzed Wheat Protein, Panthenol, Fragrance, Evodia Rutaecarpa Fruit Extract, Dibutyl Ethylhexanoyl Glutamide, Dibutyl Lauroyl Glutamide, Disodium Edta, C1220 Alkyl Glucoside, Dipotassium Glycyrrhizate, Tocopheryl Acetate, Sodium Hyaluronate, Butylene Glycol, Pentylene Glycol, Tin Oxide, Potassium Sorbate, Hydroxyphenyl Propamidobenzoic Acid, Ethylhexylglycerin, Ascorbyl Palmitate, Mica, Red 4, Yellow 5",68,9739,1.0,0.0,https://www.sephora.com/product/radiance-primer-broad-spectrum-spf-35-sunscreen-P415965?icid2=products%20grid:p415965,1.0,36.0
Squalane + Mineral SPF 45,Biossance,sunscreen-sun-protection,39.0,"Caprylyl Methicone, Dipropylene Glycol, Propanediol, Dimethicone, Butyloctyl Salicylate, Lactobacillus Ferment, Isododecane, Ammonium Acryloyldimethyltaurate, Trisiloxane, Polysorbate 60, Trimethylsiloxysilicate, Dextrin Palmitate, Phenoxyethanol, C1422 Alcohols, Hydroxyethyl Acrylate, Hydrolyzed Wheat Protein, Panthenol, Fragrance, Evodia Rutaecarpa Fruit Extract, Dibutyl Ethylhexanoyl Glutamide, Dibutyl Lauroyl Glutamide, Disodium Edta, C1220 Alkyl Glucoside, Dipotassium Glycyrrhizate, Tocopheryl Acetate, Sodium Hyaluronate, Butylene Glycol, Pentylene Glycol, Tin Oxide, Potassium Sorbate, Hydroxyphenyl Propamidobenzoic Acid, Ethylhexylglycerin, Ascorbyl Palmitate, Mica, Red 4, Yellow 5",90,6532,1.69,0.0,https://www.sephora.com/product/squalane-mineral-spf-45-P429658?icid2=products%20grid:p429658,1.69,23.07692307692308
Defense Refresh (Re)setting Mist SPF 40,Supergoop!,sunscreen-sun-protection,30.0,"Avobenzone 28%, Homosalate 98%, Octisalate 49%, Octocrylene 95%, Alcohol Denat, Bisabolol, Brassica Campestris, Butyloctyl Salicylate, Caprylic, Capryloyl Glycerin, Dicaprylyl Carbonate, Diethylhexyl Syringylidenemalonate, Diheptyl Succinate, Diisooctyl Succinate, Ethyl Ferulate, Isododecane, Lauroyl Lysine, Mentha Piperita Leaf Oil, Mentha Viridis Leaf Oil, Nylon12, PVP, Rosmarinus Officinalis Leaf Oil, Silica Silylate",7,1339,0.0,3.4,https://www.sephora.com/product/supergoop-defense-refresh-re-setting-mist-spf-40-P454381?icid2=products%20grid:p454381,3.4,8.823529411764708
Clean Screen Mattifying Face Sunscreen SPF 30,REN Clean Skincare,sunscreen-sun-protection,38.0,Fragrance Parfum Naturel,211,10140,1.7,0.0,https://www.sephora.com/product/clean-screen-mattifying-face-sunscreen-spf-30-P442990?icid2=products%20grid:p442990,1.7,22.35294117647059
Forever Young Body Butter with Sea Buckthorn SPF 40 PA+++,Supergoop!,sunscreen-sun-protection,38.0,Fragrance Parfum Naturel,55,9049,5.7,0.0,https://www.sephora.com/product/forever-young-body-butter-with-sea-buckthorn-spf-40-pa-P400212?icid2=products%20grid:p400212,5.7,6.666666666666666
Max Mineral Naked Broad Spectrum SPF 45,Peter Thomas Roth,sunscreen-sun-protection,38.0,"Silica, Aluminum Hydroxide, Stearic Acid, Polymethylsilsesquioxane, Triethoxycaprylylsilane, Retinyl Palmitate, Tocopheryl Acetate, Ascorbyl Palmitate, Salix Alba Bark Extract, Butylene Glycol, Chlorphenesin, Potassium Sorbate, Tetrasodium EDTA",92,7618,1.7,0.0,https://www.sephora.com/product/max-mineral-naked-broad-spectrum-spf-45-P430812?icid2=products%20grid:p430812,1.7,22.35294117647059
Clear Stick UV Protector WetForce Broad Spectrum Sunscreen SPF 50+,Shiseido,sunscreen-sun-protection,28.0,"Diphenylsiloxy Phenyl Trimethicone, Triethylhexanoin, Mineral Oil, Hydroxystearic Acid, Dibutyl Lauroyl Glutamide, Polyamide8, Peg, Lecithin, Glycyrrhiza Glabra Root Extract, Ppg17, Silica Dimethyl Silylate, BHT, Tocopherol, Pentaerythrityl TetraDiTButyl Hydroxyhydrocinnamate, Fragrance",77,7610,0.52,0.0,https://www.sephora.com/product/wetforce-clear-stick-uv-protector-broad-spectrum-50-P429242?icid2=products%20grid:p429242,0.52,53.846153846153854
Super City Block Oil-Free Daily Face Protector Broad Spectrum 40 SPF,CLINIQUE,sunscreen-sun-protection,26.5,"Octinoxate 750%, Octisalate 200%, Titanium Dioxide 730%, Zinc Oxide 960% Trioctyldodecyl Citrate, Butylene Glycol, Dimethicone, Octyldodecyl Neopentanoate, Steareth2, Silica, Rosa Roxburghii Fruit Extract, Citrus Unshiu Peel Extract, Porphyra Yezoensis Extract, Glycyrrhiza Glabra Root Extract, Saccharomyces Lysate Extract, Cucumis Sativus Fruit Extract, Betula Alba Bark Extract, Hordeum Vulgare Extract, Rosmarinus Officinalis Leaf Extract, Helianthus Annuus Seedcake, Gentiana Lutea Root Extract, Yeast Extract, Sodium Rna, Magnesium Ascorbyl Phosphate, Dipotassium Glycyrrhizate, Tocopheryl Acetate, Pantethine, Squalane, Polyglyceryl6 Polyricinoleate, Propylene Glycol Dicaprate, Chamomilla Recutita, Hexylene Glycol, Peg, Caprylyl Glycol, Barium Sulfate, Polyethylene, Magnesium Aluminum Silicate, Lecithin, Ceteth2, Peg40 Stearate, Sodium Stearate, Steareth20, Sorbitan Tristearate, Isopropyl Titanium Triisostearate, Xanthan Gum, Stearic Acid, Aluminum Hydroxide, Citric Acid, Disodium Edta, Bht, Phenoxyethanol, Mica, Iron Oxides, Titanium Dioxide",784,12038,1.4,0.0,https://www.sephora.com/product/super-city-block-oil-free-daily-face-protector-broad-spectrum-40-spf-P143329?icid2=products%20grid:p143329,1.4,18.92857142857143
Future Solution LX Total Protective Cream Broad Spectrum SPF 20 Sunscreen,Shiseido,sunscreen-sun-protection,265.0,"Glycerin, Dipropylene Glycol, Behenyl Alcohol, Butylene Glycol, Isohexadecane, Sd Alcohol 40B, Silica, Caprylic, Myristyl Myristate, Dimethicone, Polybutylene Glycol, Sorbitol, Stearyl Alcohol, Phytosteryl Macadamiate, Tocopheryl Acetate, Peg, Piperidinepropionic Acid, 2OEthyl Ascorbic Acid, Prunus Speciosa Leaf Extract, Angelica Acutiloba Root Extract, Isodonis Japonicus Leaf, Camellia Sinensis Leaf Extract, Zanthoxylum Piperitum Peel Extract, Beheneth20, Succinoglycan, Trisodium Edta, Sodium Citrate, Alcohol, Bht, Sodium Metaphosphate, Citric Acid, Talc, Dextrin Palmitate, Tocopherol, Methylparaben, Ethylparaben, Fragrance, Iron Oxides",2,766,1.7,0.0,https://www.sephora.com/product/future-solution-lx-total-protective-cream-broad-spectrum-spf-20-sunscreen-P423167?icid2=products%20grid:p423167,1.7,155.88235294117646
Pep-Start Daily UV Protector Broad Spectrum SPF 50,CLINIQUE,sunscreen-sun-protection,19.5,"Titanium Dioxide 63%, Zinc Oxide 40% Dimethicone, Butyloctyl Salicylate, Polydiethylsiloxane, C1215 Alkyl Benzoate, Isononyl Isononanoate, Diethylhexyl Succinate, Neopentyl Glycol Diheptanoate, Methyl Trimethicone, Butylene Glycol, Ethylhexyl Methoxycrylene, Lauryl Peg9 Polydimethylsiloxyethyl Dimethicone, Silica, Laureth4, Cetyl Peg, Dipentaerythrityl TriPolyhydroxystearate, Hydrolyzed Wheat Protein, Caprylyl Glycol, Dimethicone Silylate, Dimethicone, Isostearic Acid, Dimethicone Crosspolymer3, Polyhydroxystearic Acid, Triethoxycaprylylsilane, Dipropylene Glycol, Phenoxyethanol, Iron Oxides, Iron Oxides",272,15184,1.0,0.0,https://www.sephora.com/product/pep-start-daily-uv-protector-broad-spectrum-spf-50-P415773?icid2=products%20grid:p415773,1.0,19.5
Broad Spectrum SPF 50 Sunscreen Face Cream,CLINIQUE,sunscreen-sun-protection,27.0,"Oxybenzone 500%, Octisalate 500%, Homosalate 500%, Avobenzone 300%, Octocrylene 270% Methyl Trimethicone, Butylene Glycol, Butyloctyl Salicylate, Neopentyl Glycol Diheptanoate, Butyrospermum Parkii, Peg100 Stearate, Silica, Dipentaerythrityl TriPolyhydroxystearate, Lauryl Peg9 Polydimethylsiloxyethyl Dimethicone, Dimethicone, Glyceryl Stearate, Laurdimonium Hydroxypropyl Hydrolyzed Soy Protein, Rosmarinus Officinalis Extract, Perilla Ocymoides Leaf Extract, Plankton Extract, Caffeine, Potassium Cetyl Phosphate, Sucrose, Styrene, C3038 Olefin, Cetyl Alcohol, Vp, Ethylhexylglycerin, Ammonium Acryloyldimethyltaurate, Peg8 Laurate, Sodium Rna, Lecithin, Propyl Gallate, Arginine Ferulate, Tocopheryl Acetate, Caprylyl Glycol, Ascorbyl Tocopheryl Maleate, Stearic Acid, Xanthan Gum, Hexylene Glycol, Nordihydroguaiaretic Acid, Disodium Edta, Phenoxyethanol, Mica, Sodium Dehydroacetate",202,9415,1.7,0.0,https://www.sephora.com/product/broad-spectrum-spf-50-sunscreen-face-cream-P232327?icid2=products%20grid:p232327,1.7,15.882352941176471
Glow Oil SPF 50,Supergoop!,sunscreen-sun-protection,34.0,"Avobenzone 3%, Homosalate 10%, Octisalate 5%, Octocrylene 10%, Caprylic, Alcohol, Octyldodecanol, C1215 Alkyl Benzoate, Polyester8, Polyamide3, Lauryl Lactate, Isodecyl Neopentanoate, Diisopropyl Sebacate, Diethylhexyl Syringylidenemalonate, Tocopherol, Glycine Soja Oil, Vitis Vinifera Seed Oil, Raphanus Sativus Seed Oil, Limnanthes Alba Seed Oil, Helianthus Annuus Seed Oil, Cocos Nucifera Oil, Butyrospermum Parkii Butter, Argania Spinosa Kernel Oil, Pentaerythrityl Tetraditbutyl Hydroxyhydrocinnamate, Alaria Esculenta Extract, tButyl Alcohol, Cucumis Sativus Fruit Extract, Denatonium Benzoate, Citric Acid",269,2208,0.0,5.0,https://www.sephora.com/product/supergoop-glow-oil-spf-50-P454387?icid2=products%20grid:p454387,5.0,6.8
Mineral Face Organic Matte Tint Sunscreen Lotion SPF 30,COOLA,sunscreen-sun-protection,36.0,"Titanium Dioxide 27%, Zinc Oxide 83%, Bisabolol, Brassica Campestris Seed Oil, C1314 Alkane, C912 Alkane, Calcium Sodium Borosilicate, Calcium Sodium Phosphosilicate, Camelina Sativa Seed Oil, Caprylic, Carthamus Tinctorius Oleosomes, Copernicia Cerifera Wax, Dimethicone, Ethyl Ferulate, Helianthus Annuus Seed Oil, Hydrated Silica, Hydrogen Dimethicone, Iron Oxides, Lecithin, Limnanthes Alba Seed Oil, Mauritia Flexuosa Fruit Oil, Octyldodecyl Oleate, Oenothera Biennis Oil, Opuntia FicusIndica Flower Extract, Pentaclethra Macroloba Seed Oil, Platonia Insignis Seed Butter, Polysilicone11, Rosa Canina Seed Extract, Rosmarinus Officinalis Leaf Extract, Rubus Idaeus Seed Oil, Silica, Simmondsia Chinensis Seed Oil, Tapioca Starch, Theobroma Cacao Seed Butter, Tocopherol, Trihydroxystearin, Vitis Vinifera Seed Oil, Water",0,712,1.7,0.0,https://www.sephora.com/product/coola-suncare-mineral-face-organic-matte-tint-sunscreen-lotion-spf-30-P455342?icid2=products%20grid:p455342,1.7,21.176470588235293
Mineral Crème Broad Spectrum SPF 50 UVA-UVB Sunscreen,MDSolarSciences,sunscreen-sun-protection,30.0,"Dimethicone, Dimethicone Crosspolymer, Caprylic, Glyceryl Isostearate, Polyhydroxystearic Acid, Silica, Dimethicone, Butyloctyl Salicylate, Polysilicone15, Iron Oxides, PEG, Triethoxycaprylylsilane, Tetrahexyldecyl Ascorbate, Camellia Sinensis Extract, Vaccinium Macrocarpon Fruit Extract, Punica Granatum Extract",359,11489,0.0,1.7,https://www.sephora.com/product/mineral-cr-me-broad-spectrum-spf-50-uva-uvb-sunscreen-P383591?icid2=products%20grid:p383591,1.7,17.647058823529417
Classic Face Sunscreen SPF 50 White Tea,COOLA,sunscreen-sun-protection,32.0,"Avobenzone 175% Homosalate 5% Octisalate 2% Octocrylene 5%, Aloe Barbadensis Leaf Juice, Brassica Campestris Seed Oil, Butylene Glycol, Camelina Sativa Seed Oil, Caprylyl Glycol, Carthamus Tinctorius Oleosomes, Carthamus Tinctorius Seed Oil, Carthamus Tinctorius Seedcake Extract, Decyl Glucoside, Dimethicone, Glycerin, Hydrogenated Methyl Abietata, Hydrolyzed Jojoba Esters, Jojoba Esters, Limnanthes Alba Seed Oil, Mauritia Flexuosa Fruit Oil, 12Hexanediol, Opuntia FicusIndica Flower Extract, Polyacrylate Crosspolymer6, Polysilicone11, Rubus Idaeus Seed Oil, Silica, Sodium Phytate, Tropolone, Xanthan Gum",5,799,1.7,0.0,https://www.sephora.com/product/classic-face-sunscreen-spf-50-white-tea-P452002?icid2=products%20grid:p452002,1.7,18.823529411764707
Instant Mineral SPF 45  ,Peter Thomas Roth,sunscreen-sun-protection,30.0,"Silica, Aluminum Hydroxide, Stearic Acid, Polymethylsilsesquioxane, Triethoxycaprylylsilane, Retinyl Palmitate, Tocopheryl Acetate, Ascorbyl Palmitate, Salix Alba Bark Extract, Butylene Glycol, Chlorphenesin, Potassium Sorbate, Tetrasodium EDTA",473,13235,0.0,0.12,https://www.sephora.com/product/instant-mineral-spf-45-P261607?icid2=products%20grid:p261607,0.12,250.0
PLAY Everyday Lotion SPF 30 with Sunflower Extract,Supergoop!,sunscreen-sun-protection,32.0,"Avobenzone 3%, Homosalate 10%, Octisalate 5%, Polyester8, Acrylates Copolymer, Diisopropyl Sebacate, Glycerin, Isodecyl Neopentanoate, Isododecane, Lauryl Lactate, Cetyl Alcohol, Potassium Cetyl Phosphate, Brassica Campestris, Oryza Sativa Bran Extract, Cetearyl Olivate, Ammonium Acryloyldimethyltaurate, Hydroxyacetophenone, Sorbitan Olivate, Diethylhexyl Syringylidenemalonate, Aniba Rosaeodora Wood Oi, Chlorphenesin, Citrus Aurantium Dulcis Peel Oil, Citrus Limon Peel Oil, Ethylhexylglycerin, Eucalyptus Globulus Leaf Oil, Ocimum Basilicum Flower, Pelargonium Graveolens Flower Oil, Pogostemon Cablin Oil, Pentylene Glycol, 12Hexanediol, Caprylyl Glycol, Xanthan Gum, Helianthus Annuus Extract, Behenic Acid, Cetyl Behenate, Isostearyl Isostearate, Trisodium Ethylenediamine Disuccinate, Tocopherol, Allantoin, Rosmarinus Officinalis Leaf Extract, Caprylic, Panthenol, Pentasodium Triphosphate, Citric Acid",10,604,0.0,5.5,https://www.sephora.com/product/supergoop-play-everyday-lotion-spf-30-with-sunflower-extract-P454385?icid2=products%20grid:p454385,5.5,5.8181818181818175
City Block Sheer Oil-Free Daily Face Protector SPF 25,CLINIQUE,sunscreen-sun-protection,27.0,"Titanium Dioxide 730%, Zinc Oxide 690% Trioctyldodecyl Citrate, Butylene Glycol, Cyclopentasiloxane, Dimethicone, C1215 Alkyl Benzoate, Steareth2, Stearyl Heptanoate, Silica, Lecithin, Ammonium Acryloyldimethyltaurate, Gentiana Lutea Root Extract, Rosmarinus Officinalis Leaf Extract, Hordeum Vulgare Extract, Betula Alba Bark Extract, Cucumis Sativus Fruit Extract, Laminaria Saccharina Extract, Saccharomyces Lysate Extract, Helianthus Annuus Seedcake, Sodium Hyaluronate, Sorbitan Tristearate, Linoleic Acid, Polyquaternium51, Caprylyl Methicone, Sorbitol, Sodium Rna, Peg40 Stearate, Caprylyl Glycol, Tocopheryl Acetate, Phytantriol, Stearic Acid, Hydrogenated Lecithin, Cellulose, Magnesium Ascorbyl Phosphate, Stearyl Dimethicone, Ascorbyl Tocopheryl Maleate, Nordihydroguaiaretic Acid, Linolenic Acid, Pantethine, Bisabolol, Ceteth2, Peg, Polyglyceryl6 Polyricinoleate, Steareth20, Isopropyl Titanium Triisostearate, Propylene Glycol Dicaprate, Sodium Stearate, Nylon12, Citric Acid, Aluminum Hydroxide, Nylon6, Hexylene Glycol, Xanthan Gum, Disodium Edta, Bht, Phenoxyethanol, Titanium Dioxide, Iron Oxides",470,6168,1.4,0.0,https://www.sephora.com/product/city-block-sheer-oil-free-daily-face-protector-spf-25-P196542?icid2=products%20grid:p196542,1.4,19.285714285714292
Poof 100% Mineral Part and Scalp Powder SPF 45,Supergoop!,sunscreen-sun-protection,34.0,Silica: Gently absorbs excess oils,34,4179,0.71,0.0,https://www.sephora.com/product/poof-100-mineral-part-powder-spf-45-P442987?icid2=products%20grid:p442987,0.71,47.887323943661976
Ultimate Sun Protection Cream WetForce Broad Spectrum Face Sunscreen SPF 50+,Shiseido,sunscreen-sun-protection,36.0,"Dimethicone, Sd Alcohol 40B, Isohexadecane, Butylene Glycol, Isopropyl Myristate, Methyl Methacrylate Crosspolymer, Lauryl Peg9 Polydimethylsiloxyethyl Dimethicone, Xylitol, Glycerin, Polybutylene Glycol, Isododecane, Trimethylsiloxysilicate, Disteardimonium Hectorite, Peg6, Dextrin Palmitate, Peg32, Peg, Saxifraga Sarmentosa Extract, Scutellaria Baicalensis Root Extract, Ononis Spinosa Root Extract, Ectoin, Sophora Angustifolia Root Extract, Silica, Hydrogen Dimethicone, Carboxydecyl Trisiloxane, Aluminum Hydroxide, Stearic Acid, Trisodium Edta, Polymethylsilsesquioxane, Talc, Alcohol, Bht, Syzygium Jambos Leaf Extract, Tocopherol, Phenoxyethanol, Fragrance",104,7451,0.0,1.7,https://www.sephora.com/product/ultimate-sun-protection-cream-broad-spectrum-spf-50-wetforce-for-face-P393536?icid2=products%20grid:p393536,1.7,21.176470588235293
Broad Spectrum SPF 50 Mineral Sunscreen Fluid for Face,CLINIQUE,sunscreen-sun-protection,28.5,"Titanium Dioxide 63%, Zinc Oxide 40% Dimethicone, Butyloctyl Salicylate, Polydiethylsiloxane, C1215 Alkyl Benzoate, Isononyl Isononanoate, Diethylhexyl Succinate, Neopentyl Glycol Diheptanoate, Methyl Trimethicone, Butylene Glycol, Ethylhexyl Methoxycrylene, Lauryl Peg9 Polydimethylsiloxyethyl Dimethicone, Silica, Dipentaerythrityl TriPolyhydroxystearate, Laureth4, Cetyl Peg, Dimethicone, Dimethicone Silylate, Hydrolyzed Wheat Protein, Triethoxycaprylylsilane, Dimethicone Crosspolymer3, Isostearic Acid, Caprylyl Glycol, Polyhydroxystearic Acid, Dipropylene Glycol, Phenoxyethanol, Iron Oxides, Iron Oxides",43,4428,1.0,0.0,https://www.sephora.com/product/broad-spectrum-spf-50-mineral-sunscreen-fluid-for-face-P410101?icid2=products%20grid:p410101,1.0,28.5
PLAY Antioxidant Mist SPF 50 with Vitamin C,Supergoop!,sunscreen-sun-protection,21.0,"Titanium Dioxide 63%, Zinc Oxide 40% Dimethicone, Butyloctyl Salicylate, Polydiethylsiloxane, C1215 Alkyl Benzoate, Isononyl Isononanoate, Diethylhexyl Succinate, Neopentyl Glycol Diheptanoate, Methyl Trimethicone, Butylene Glycol, Ethylhexyl Methoxycrylene, Lauryl Peg9 Polydimethylsiloxyethyl Dimethicone, Silica, Dipentaerythrityl TriPolyhydroxystearate, Laureth4, Cetyl Peg, Dimethicone, Dimethicone Silylate, Hydrolyzed Wheat Protein, Triethoxycaprylylsilane, Dimethicone Crosspolymer3, Isostearic Acid, Caprylyl Glycol, Polyhydroxystearic Acid, Dipropylene Glycol, Phenoxyethanol, Iron Oxides, Iron Oxides",199,934,0.0,6.0,https://www.sephora.com/product/supergoop-play-antioxidant-mist-spf-50-with-vitamin-c-P454389?icid2=products%20grid:p454389,6.0,3.5
Sunscreen Care Oil Spray Broad Spectrum SPF 30,Clarins,sunscreen-sun-protection,36.0,"Titanium Dioxide 63%, Zinc Oxide 40% Dimethicone, Butyloctyl Salicylate, Polydiethylsiloxane, C1215 Alkyl Benzoate, Isononyl Isononanoate, Diethylhexyl Succinate, Neopentyl Glycol Diheptanoate, Methyl Trimethicone, Butylene Glycol, Ethylhexyl Methoxycrylene, Lauryl Peg9 Polydimethylsiloxyethyl Dimethicone, Silica, Dipentaerythrityl TriPolyhydroxystearate, Laureth4, Cetyl Peg, Dimethicone, Dimethicone Silylate, Hydrolyzed Wheat Protein, Triethoxycaprylylsilane, Dimethicone Crosspolymer3, Isostearic Acid, Caprylyl Glycol, Polyhydroxystearic Acid, Dipropylene Glycol, Phenoxyethanol, Iron Oxides, Iron Oxides",40,4642,5.0,0.0,https://www.sephora.com/product/sunscreen-care-oil-spray-broad-spectrum-spf-30-P385519?icid2=products%20grid:p385519,5.0,7.2
Sugar Sport Treatment Sunscreen SPF 30,Fresh,sunscreen-sun-protection,25.0,"Cera Alba, Ricinus Communis Seed Oil, Hydrogenated Olive Oil Decyl Esters, Simmondsia Chinensis Seed Oil, Vitis Vinifer Seed Oil, Copernicia Cerifera Wax, Parfum, Persea Gratissima Oil, LimnantheAlba Seed Oil, Passiflora Incarnata Seed Oil, Sucrose Tetrastearate Triacetate, Citrus Limon Peel Oil, Ribes Nigrum Seed Oil, Tocopherol, Ascorbyl Tetraisopalmitate, Ascorbyl Palmitate, Ammonium Glycyrrhizate, Vanillin, BHT, Limonene, Citral, Benzyl Alcohol, Linalool, Geraniol, Phenoxyethanol",101,9700,0.2,0.0,https://www.sephora.com/product/sugar-sport-treatment-sunscreen-spf-30-P406676?icid2=products%20grid:p406676,0.2,125.0
Sheer Vivid Tinted Moisturizer SPF 20,ILIA,sunscreen-sun-protection,42.0,NonNano Zinc Oxide 10%: Sunscreen,30,5099,1.7,0.0,https://www.sephora.com/product/sheer-vivid-tinted-moisturizer-spf-20-P433893?skuId=2119329&icid2=products%20grid:p433893,1.7,24.705882352941174
Bum Bum Sol Oil SPF 30,Sol de Janeiro,sunscreen-sun-protection,38.0,NonNano Zinc Oxide 10%: Sunscreen,107,12572,3.0,0.0,https://www.sephora.com/product/bum-bum-sol-oil-spf-30-P442733?icid2=products%20grid:p442733,3.0,12.666666666666664
Sun Drops SPF 50,Dr. Barbara Sturm,sunscreen-sun-protection,145.0,"Butyloctyl Salicylate, Glycerine, Styrene, Potassium Cetyl Phosphate, Cyclopentasiloxane, Glyceryl Stearate, Peg100 Stearate, Aluminum Starch Octenylsuccinate, Portulaca Oleracea Extract, Phenoxyethanol, Tocopheryl Acetate, Polyacrylate13, Pentylene Glycol, Xanthan Gum, Benzoic Acid, Ethylhexylglycerin, Glycereth2 Cocoate, Sodium Hyaluronate, Polyisobutene, Mpolysorbate 20, Panthenol, Arginine, Sodium Carboxymethyl BetaGlucan, Anthemis Nobilis Flower Extract, Camellia Sinensis Leaf Extract, Cassia Alata Leaf Extract",14,1369,1.0,0.0,https://www.sephora.com/product/dr-barbara-sturm-sun-drops-spf-50-P447789?icid2=products%20grid:p447789,1.0,145.0
Sport Continuous Spray SPF 30 - Tropical Coconut,COOLA,sunscreen-sun-protection,36.0,"Alcohol, Algae Extract, Aloe Barbedensis Leaf Juice, Cucumis Sativus Fruit Extract, Fragaria Vesca Fruit Extract, Glycerin, Methyl Dihydroabietate, Rubus Idaeus Seed Oil, Red Raspberry Seed Oil Certified Organic",119,8958,0.0,8.0,https://www.sephora.com/product/sport-continuous-spray-spf-30-tropical-coconut-P395721?icid2=products%20grid:p395721,8.0,4.5
Turn Back Time Turmeric Supplement,HUM Nutrition,sunscreen-sun-protection,40.0,"Vitamin C, Skin Nurturing Complex Proprietary Blend, Vegetarian Capsule, Rice Flour, Silica",17,5167,0.0,0.0,https://www.sephora.com/product/turn-back-time-supplements-P408271?icid2=products%20grid:p408271,2.7733695652173913,14.422888496962571
UncompliKated SPF 50 Soft Focus Makeup Setting Spray,Kate Somerville,sunscreen-sun-protection,38.0,"Vitamin C, Skin Nurturing Complex Proprietary Blend, Vegetarian Capsule, Rice Flour, Silica",179,10469,3.4,0.0,https://www.sephora.com/product/uncomplikated-spf-50-soft-focus-makeup-setting-spray-P419712?icid2=products%20grid:p419712,3.4,11.176470588235297
Photo Finish Foundation Primer SPF 20,Smashbox,sunscreen-sun-protection,42.0,"Avobenzone 200%, Homosalate 1500%, Octisalate 500%, Cyclopentasiloxane, Polysilicone11, Dimethicone Crosspolymer, C1215 Alkyl Benzoate, Tocopheryl Acetate, Cola Acuminata Seed Extract, Vitis Vinifera Seed Extract, Carthamus Tinctorius Seed Oil, Polyglyceryl4 Isostearate, Cetyl Peg, Octyldodecyl Neopentanoate, Tribehenin, Ceramide 2, Peg10 Rapeseed Sterol, Palmitoyl Oligopeptide, Acetyl Hexapeptide8, Phenyl Trimethicone, Silica, Laureth12, Hexyl Laurate, Vp, Triethoxycaprylylsilane, Caprylyl Glycol, Hexylene Glycol, Hydrogenated Polydecene, Phenoxyethanol, Potassium Sorbate, Iron Oxides",467,10782,1.0,0.0,https://www.sephora.com/product/photo-finish-foundation-primer-spf-20-with-dermaxyl-complex-P140903?icid2=products%20grid:p140903,1.0,42.0
Gradual Self-Tanning Face Gel,SEPHORA COLLECTION,sunscreen-sun-protection,17.0,"Aqua, Glycerin, Propanediol, Dihydroxyacetone, Hydroxyethyl Acrylate, Methyl Gluceth20, Chondrus Crispus, Hydroxyacetophenone, Citric Acid, Parfum, Sclerotium Gum, Sodium Benzoate, Xanthan Gum, Polysorbate 60, Sorbitan Isostearate, Rosa Damascena Flower Sodium Citrate, CI 77891, Mica, Silica, CI 19140, CI 16035, Potassium Sorbate",4,934,0.0,0.0,https://www.sephora.com/product/sephora-collection-gradual-self-tanning-face-gel-P455217?icid2=products%20grid:p455217,2.7733695652173913,6.129727611209093
Classic Face SPF 30 - Cucumber,COOLA,sunscreen-sun-protection,32.0,"Aqua, Glycerin, Propanediol, Dihydroxyacetone, Hydroxyethyl Acrylate, Methyl Gluceth20, Chondrus Crispus, Hydroxyacetophenone, Citric Acid, Parfum, Sclerotium Gum, Sodium Benzoate, Xanthan Gum, Polysorbate 60, Sorbitan Isostearate, Rosa Damascena Flower Sodium Citrate, CI 77891, Mica, Silica, CI 19140, CI 16035, Potassium Sorbate",53,4035,1.7,0.0,https://www.sephora.com/product/classic-face-spf-30-cucumber-P395621?icid2=products%20grid:p395621,1.7,18.823529411764707
Ultimate Sun Protection Spray Broad Spectrum SPF 50+ For Face/Body,Shiseido,sunscreen-sun-protection,40.0,"Aqua, Glycerin, Propanediol, Dihydroxyacetone, Hydroxyethyl Acrylate, Methyl Gluceth20, Chondrus Crispus, Hydroxyacetophenone, Citric Acid, Parfum, Sclerotium Gum, Sodium Benzoate, Xanthan Gum, Polysorbate 60, Sorbitan Isostearate, Rosa Damascena Flower Sodium Citrate, CI 77891, Mica, Silica, CI 19140, CI 16035, Potassium Sorbate",117,12406,5.0,0.0,https://www.sephora.com/product/ultimate-sun-protection-spray-broad-spectrum-spf-50-for-face-body-P385262?icid2=products%20grid:p385262,5.0,8.0
Mineral Sun Silk Crème SPF 30,COOLA,sunscreen-sun-protection,42.0,"Inactive Ingredients: Aloe Barbadensis Leaf Juice, Butylene Glycol, Caprylyl Glycol, Caprylic, Cetearyl Alcohol, Didecyldimonium Chloride, Dimethicone, Glyceryl Caprylate, Glyceryl Stearate Citrate, Hydroxyethyl Acrylate, Jasminum Sambac Leaf Cell Extract, Methylpropanediol, Niacinamide, PEG7 Trimethylolpropane Coconut Ether, Polyhydroxystearic Acid, Polyisobutene, Polyquaternium80, Propanediol, Schinus Molle Extract, Theobroma Cacao Seed Extract",61,5612,1.5,0.0,https://www.sephora.com/product/mineral-sun-silk-creme-P442271?icid2=products%20grid:p442271,1.5,28.0
Daydream™ Mineral Primer SPF 30,COOLA,sunscreen-sun-protection,42.0,"Alumina, Cyclopentasiloxane, Dimethicone, Dimethicone, Dimethicone Crosspolymer, Hexyl Laurate, Iris Pallida Leaf Cell Extract, Isododecane, Lonicera Japonica Callus Extract, Mica, Nymphaea Alba Leaf Cell Extract, PEG10Dimethicone, Polyglyceryl4 Isostearate, Polysilicone11, Silica, Stearic Acid, TitaniumDioxide, Trimethylsiloxysilicate",133,8274,1.0,0.0,https://www.sephora.com/product/daydream-mineral-primer-spf-30-P408646?icid2=products%20grid:p408646,1.0,42.0
Ultimate Sun Protection Lotion Broad Spectrum SPF 50+ WetForce for Sensitive Skin & Children,Shiseido,sunscreen-sun-protection,42.0,"Dimethicone, Butylene Glycol, Glycerin, Diisopropyl Sebacate, Polymethyl Methacrylate, Hydrogenated Polydecene, Peg10 Dimethicone, Cyclomethicone, Peg9 Polydimethylsiloxyethyl Dimethicone, BisButyldimethicone Polyglyceryl3, Peg6, Trimethylsiloxysilicate, Peg32, Peg, Scutellaria Baicalensis Root Extract, Rubus Idaeus Fruit Extract, Aloe Barbadensis Leaf Extract, Thymus Serpillum Extract, Aluminum Distearate, Aluminum Hydroxide, Hydrogen Dimethicone, Isostearic Acid, Disteardimonium Hectorite, Hydrated Silica, Sodium Metaphosphate, Triethoxycaprylylsilane, Stearic Acid, Dextrin Palmitate, Distearyldimonium Chloride, Tocopherol, Syzygium Jambos Leaf Extract",153,7390,3.3,0.0,https://www.sephora.com/product/ultimate-sun-protection-lotion-broad-spectrum-spf-50-wetforce-for-sensitive-skin-children-P405944?icid2=products%20grid:p405944,3.3,12.727272727272727
Sheer Mineral Sun Spray SPF 50,Dr. Dennis Gross Skincare,sunscreen-sun-protection,42.0,"Dimethicone, Butylene Glycol, Glycerin, Diisopropyl Sebacate, Polymethyl Methacrylate, Hydrogenated Polydecene, Peg10 Dimethicone, Cyclomethicone, Peg9 Polydimethylsiloxyethyl Dimethicone, BisButyldimethicone Polyglyceryl3, Peg6, Trimethylsiloxysilicate, Peg32, Peg, Scutellaria Baicalensis Root Extract, Rubus Idaeus Fruit Extract, Aloe Barbadensis Leaf Extract, Thymus Serpillum Extract, Aluminum Distearate, Aluminum Hydroxide, Hydrogen Dimethicone, Isostearic Acid, Disteardimonium Hectorite, Hydrated Silica, Sodium Metaphosphate, Triethoxycaprylylsilane, Stearic Acid, Dextrin Palmitate, Distearyldimonium Chloride, Tocopherol, Syzygium Jambos Leaf Extract",63,8059,4.0,0.0,https://www.sephora.com/product/sheer-mineral-sun-spray-spf-50-P385431?icid2=products%20grid:p385431,4.0,10.5
Urban Environment UV Protection Cream Broad Spectrum SPF 40 For Face/Body,Shiseido,sunscreen-sun-protection,35.0,"Dimethicone, Butylene Glycol, Glycerin, Diisopropyl Sebacate, Polymethyl Methacrylate, Hydrogenated Polydecene, Peg10 Dimethicone, Cyclomethicone, Peg9 Polydimethylsiloxyethyl Dimethicone, BisButyldimethicone Polyglyceryl3, Peg6, Trimethylsiloxysilicate, Peg32, Peg, Scutellaria Baicalensis Root Extract, Rubus Idaeus Fruit Extract, Aloe Barbadensis Leaf Extract, Thymus Serpillum Extract, Aluminum Distearate, Aluminum Hydroxide, Hydrogen Dimethicone, Isostearic Acid, Disteardimonium Hectorite, Hydrated Silica, Sodium Metaphosphate, Triethoxycaprylylsilane, Stearic Acid, Dextrin Palmitate, Distearyldimonium Chloride, Tocopherol, Syzygium Jambos Leaf Extract",196,7523,1.9,0.0,https://www.sephora.com/product/urban-enviroment-uv-protection-cream-broad-spectrum-spf-40-for-face-body-P282022?icid2=products%20grid:p282022,1.9,18.42105263157895
Oil-Free Sun Guard Sunscreen Water Resistant SPF 45,Jack Black,sunscreen-sun-protection,21.0,Certified Organi,73,5583,4.0,0.0,https://www.sephora.com/product/oil-free-sun-guard-sunscreen-water-resistant-spf-45-P397664?icid2=products%20grid:p397664,4.0,5.25
Natural Protector Broad Spectrum SPF 35 Sunscreen,AMOREPACIFIC,sunscreen-sun-protection,65.0,"Phyllostachis Bambusoides Juice, Propanediol, Butyloctyl Salicylate, Alcohol, Cyclopentasiloxane, Dimethicone, Cyclohexasiloxane, C1422 Alcohols, Peg100 Stearate, Glyceryl Stearate, Behenyl Alcohol, Ammonium Acryloyldimethyltaurate, Fragrance, Polyacrylate13, C1220 Alkyl Glucoside, Polyisobutene, Portulaca Oleracea Extract, Prunus Mume Fruit Extract, Disodium EDTA, Butylene Glycol, Polysorbate 20, Camellia Sinensis Leaf Extract, 12Hexanediol, Caprylyl Glycol",19,2111,2.02,0.0,https://www.sephora.com/product/natural-protector-broad-spectrum-spf-35-sunscreen-P413908?icid2=products%20grid:p413908,2.02,32.17821782178218
Classic Body Organic Sunscreen Spray SPF 70 Peach Blossom,COOLA,sunscreen-sun-protection,25.0,"Alcohol, Bisabolol, Brassica Campestris Seed Oil, Butyloctyl Salicylate, Camelina Sativa Seed Oil, Carthamus Tinctorius Seed Oil, Cocos Nucifera Oil, Decanal, Ethyl Ferulate, Ethyl Hexanoate, Ethylhexyl Methoxycrylene, GammaNonalactone, GammaUndecalactone, Glycerin, Heliotropine, Hexyl Acetate, Limnanthes Alba Seed Oil, Mauritia Flexuosa Fruit Oil, Opuntia FicusIndica Flower Extract, Polyester8, Prunus Persica Flower Extract, Rubus Idaeus Seed Oil, Triethyl Citrate, VA, Water",0,276,6.0,0.0,https://www.sephora.com/product/coola-suncare-classic-body-organic-sunscreen-spray-spf-70-peach-blossom-P455341?icid2=products%20grid:p455341,6.0,4.166666666666667
My Sol Stick SPF 50,Sol de Janeiro,sunscreen-sun-protection,26.0,"Alcohol, Bisabolol, Brassica Campestris Seed Oil, Butyloctyl Salicylate, Camelina Sativa Seed Oil, Carthamus Tinctorius Seed Oil, Cocos Nucifera Oil, Decanal, Ethyl Ferulate, Ethyl Hexanoate, Ethylhexyl Methoxycrylene, GammaNonalactone, GammaUndecalactone, Glycerin, Heliotropine, Hexyl Acetate, Limnanthes Alba Seed Oil, Mauritia Flexuosa Fruit Oil, Opuntia FicusIndica Flower Extract, Polyester8, Prunus Persica Flower Extract, Rubus Idaeus Seed Oil, Triethyl Citrate, VA, Water",57,7296,0.8,0.0,https://www.sephora.com/product/my-sol-stick-spf-50-P442736?icid2=products%20grid:p442736,0.8,32.5
ER+ Radical Recovery After-Sun Lotion,COOLA,sunscreen-sun-protection,32.0,"Alcohol, Bisabolol, Brassica Campestris Seed Oil, Butyloctyl Salicylate, Camelina Sativa Seed Oil, Carthamus Tinctorius Seed Oil, Cocos Nucifera Oil, Decanal, Ethyl Ferulate, Ethyl Hexanoate, Ethylhexyl Methoxycrylene, GammaNonalactone, GammaUndecalactone, Glycerin, Heliotropine, Hexyl Acetate, Limnanthes Alba Seed Oil, Mauritia Flexuosa Fruit Oil, Opuntia FicusIndica Flower Extract, Polyester8, Prunus Persica Flower Extract, Rubus Idaeus Seed Oil, Triethyl Citrate, VA, Water",60,6440,6.0,0.0,https://www.sephora.com/product/er-radical-recovery-after-sun-lotion-P395631?icid2=products%20grid:p395631,6.0,5.333333333333333
Sheer Fluid Sun Shield Broad Spectrum SPF 30 Sunscreen,LANCER Skincare,sunscreen-sun-protection,60.0,"Cyclopentasiloxane, Alcohol, Denat, Glycerin, Polymethyl Methacrylate, Polyglyceryl3 Polydimethylsiloxyethyl Dimethicone, PEG, Vitis Vinifera Fruit Cell Extract, Zingiber Officinale Root Extract, Tropaeolum Majus Extract, Helianthus Annuus Sprout Extract, Bisabolol, Tocopherol, Lecithin, PEG9 Polydimethylsiloxyethyl Dimethicone, Triethoxysilylethyl Polydimethylsiloxyethyl Hexyl Dimethicone, Benzylidene Dimethoxydimethylindanone, Isomalt, Hexylene Glycol, Caprylyl Glycol, Ethylhexylglycerin, Phenoxyethanol",27,2771,2.0,0.0,https://www.sephora.com/product/sheer-fluid-sun-shield-broad-spectrum-spf-30-sunscreen-P399749?icid2=products%20grid:p399749,2.0,30.0
Mineral Body Sunscreen SPF 50,COOLA,sunscreen-sun-protection,36.0,"Inactive Ingredients: Aloe Barbadensis Leaf Juice, Amyris Balsamifera Bark Oil, Arachidyl Alcohol, Arachidyl Glucoside, Behenyl Alcohol, Benzyl Acetate, Brassica Camprestris Seed Oil, Butyloctyl Salicylate, C3038 Olefin, Camelina Sativa Seed Oil, Cananga Odorata Flower Oil, Caprylic, Carthamus Tinctorius Oleosomes, Cetyl Alcohol, Chlorphenesin, Citrus Aurantium Amara Leaf, Citrus Paradisi Peel Oil, Cocos Nucifera Oil, Ethylhexylglycerin, Evernia Prunastri Extract, Glycerin, Glyceryl Stearate, Laminaria Digitata Extract, Limnanthes Alba Seed Oil, Magnesium Sulfate, Mauritia Flexuosa Fruit Oil, Methyl Anthranilate, Neopentyl Glycol Diheptanoate, Opuntia FicusIndica Flower, Pelargonium Graveolens Flower Oil, Polymethyl Methacrylate, Polysorbate 60, Rubus Idaeus Seed Oil, Silica, Simmondsia Chinensis Seed Oil, Sorbitan Sesquioleate, Sorbitan Tristearate, Stearyl Alcohol, Stearyl, Tocopherol, Triethyl Citrate, VP",204,1925,5.0,0.0,https://www.sephora.com/product/mineral-body-sunscreen-spf-50-P442270?icid2=products%20grid:p442270,5.0,7.2
Super Fluid UV Mineral Defense Titanium Dioxide Sunscreen Broad Spectrum SPF 50+,Kiehl's Since 1851,sunscreen-sun-protection,38.0,"Inactive Ingredients: Aloe Barbadensis Leaf Juice, Amyris Balsamifera Bark Oil, Arachidyl Alcohol, Arachidyl Glucoside, Behenyl Alcohol, Benzyl Acetate, Brassica Camprestris Seed Oil, Butyloctyl Salicylate, C3038 Olefin, Camelina Sativa Seed Oil, Cananga Odorata Flower Oil, Caprylic, Carthamus Tinctorius Oleosomes, Cetyl Alcohol, Chlorphenesin, Citrus Aurantium Amara Leaf, Citrus Paradisi Peel Oil, Cocos Nucifera Oil, Ethylhexylglycerin, Evernia Prunastri Extract, Glycerin, Glyceryl Stearate, Laminaria Digitata Extract, Limnanthes Alba Seed Oil, Magnesium Sulfate, Mauritia Flexuosa Fruit Oil, Methyl Anthranilate, Neopentyl Glycol Diheptanoate, Opuntia FicusIndica Flower, Pelargonium Graveolens Flower Oil, Polymethyl Methacrylate, Polysorbate 60, Rubus Idaeus Seed Oil, Silica, Simmondsia Chinensis Seed Oil, Sorbitan Sesquioleate, Sorbitan Tristearate, Stearyl Alcohol, Stearyl, Tocopherol, Triethyl Citrate, VP",20,2748,1.7,0.0,https://www.sephora.com/product/super-fluid-uv-mineral-defense-titanium-dioxide-sunscreen-broad-spectrum-spf-50-P422272?icid2=products%20grid:p422272,1.7,22.35294117647059
Face Protect SPF 50,TOM FORD,sunscreen-sun-protection,76.0,"Methyl Trimethicone, Butyloctyl Salicylate, Neopentyl Glycol Diheptanoate, Aleurites Moluccana Seed Oil, Lauryl PEG9 Polydimethylsiloxyethyl Dimethicone, PEG100 Stearate, Butylene Glycol, Glyceryl Stearate, Dipentaerythrityl TriPolyhydroxystearate, Potassium Cetyl Phosphate, Algae Extract, Laminaria Ochroleuca Extract, Scutellaria Baicalensis Root Extract, Glycyrrhetinic Acid, Caffeine, Caprylic, Cholesterol, Sorbitol, Yeast Polysaccharides, Ethylhexylglycerin, Sodium Hyaluronate, Cetyl Alcohol, Caprylyl Glycol, Vp, Saccharide Isomerate, Tetrahexyldecyl Ascorbate, Tocopheryl Acetate, Ammonium Acryloyldimethyltaurate, Stearic Acid, Dehydroxanthan Gum, Fragrance, Sodium Dehydroacetate, Sodium Hydroxide, Citric Acid, Silica, Disodium EDTA, BHT, Phenoxyethanol, Mica, Titanium Dioxide",21,3241,1.0,0.0,https://www.sephora.com/product/face-protect-spf-50-P413926?icid2=products%20grid:p413926,1.0,76.0
Mineral Face Organic Matte Finish Sunscreen Lotion SPF 30,COOLA,sunscreen-sun-protection,36.0,"Bisabolol, Brassica Campestris Seed Oil, C1314 Alkane, C912 Alkane, Calcium Sodium Borosilicate, Calcium Sodium Phosphosilicate, Camelina Sativa Seed Oil, Caprylic, Carthamus Tinctorius Oleosomes, Copernicia Cerifera Wax, Dimethicone, Ethyl Ferulate, Helianthus Annuus Seed Oil, Hydrated Silica, Hydrogen Dimethicone, Lecithin, Limnanthes Alba Seed Oil, Mauritia Flexuosa Fruit Oil, Oenothera Biennis Oil, Opuntia FicusIndica Flower Extract, Pentaclethra Macroloba Seed Oil, Platonia Insignis Seed Butter, Polysilicone11, Rosa Canina Seed Extract, Rosmarinus Officinalis Leaf Extract, Rubus Idaeus Seed Oil, Silica, Simmondsia Chinensis Seed Oil, Tapioca Starch, Theobroma Cacao Seed Butter, Tocopherol, Trihydroxystearin, Vitis Vinifera Seed Oil, Water",0,329,1.7,0.0,https://www.sephora.com/product/coola-suncare-mineral-face-organic-matte-finish-sunscreen-lotion-spf-30-P455343?icid2=products%20grid:p455343,1.7,21.176470588235293
PLAY 100% Mineral Broad Spectrum Lotion SPF 50,Supergoop!,sunscreen-sun-protection,36.0,"C912 Alkane, Caprylic, Cetyl Esters, CocoCaprylate, Haematococcus Pluvialis Extract, Helianthus Annuus Seed Wax, Hydrogenated Rapeseed Oil, Hydrolyzed Jojoba Esters, Isopropyl Palmitate, Jojoba Esters, Perilla Ocymoides Seed Oil, Polyhydroxystearic Acid, Punica Granatum Seed Oil, Sea Silica, Stearic Acid, Water",21,2755,3.4,0.0,https://www.sephora.com/product/play-100-mineral-broad-spectrum-lotion-spf-50-P448189?icid2=products%20grid:p448189,3.4,10.588235294117649
Whipped Argan Oil SPF 45 Body Butter,Josie Maran,sunscreen-sun-protection,42.0,"Glycerin, Butyloctyl Salicylate, Caprylic, Dimethicone, Carthamus Tinctorius Oleosomes, Argania Spinosa Kernel Oil, Polyhydroxystearic Acid, Arachidyl Alcohol, Arachidyl Glucoside, Behenyl Alcohol, Cetearyl Alcohol, CocoGlucoside, Phenoxyethanol, Ethylhexylglycerin, Hydroxyethyl Acrylate, Ethyl Macadamiate, Xanthan Gum, Aloe Barbadensis Leaf Juice, Bisabolol, Butyrospermum Parkii  Butter, Camellia Sinensis Leaf Extract, Symphytum Officinale Leaf Extract, Pongamia Glabra Seed Oil, Tocopheryl Acetate, Aluminum Stearate, Alumina, Triethoxycaprylylsilane, Tocopherol, Malic Acid",21,1333,5.0,0.0,https://www.sephora.com/product/whipped-argan-oil-spf-45-body-butter-P444042?icid2=products%20grid:p444042,5.0,8.4
Resort Collection Sun Protection Mist Broad Spectrum SPF 30 Sunscreen,AMOREPACIFIC,sunscreen-sun-protection,32.0,"Polyethylene, Isopropyl Palmitate, Polymethylsilsesquioxane, Homosalate, Octocrylene, Phenyl Trimethicone, Squalane, Butyloctyl Salicylate, Helianthus Annuus Seed Wax, Ethylhexyl Salicylate, Ricinus Communis Seed Oil, Butyl Methoxydibenzoylmethane, Phyllostachis Bambusoides Juice, Portulaca Oleracea Extract, Prunus Mume Fruit Extract, Camellia Sinensis Seed Oil, Glyceryl Caprylate, Butylene Glycol, Alcohol, Fragrance",45,2647,2.7,0.0,https://www.sephora.com/product/resort-collection-sun-protection-mist-broad-spectrum-spf-30-sunscreen-P418362?icid2=products%20grid:p418362,2.7,11.851851851851851
After-Sun Milk Soothing Body Lotion,Moroccanoil,sunscreen-sun-protection,28.0,"Caprylic, Glycerin, Cyclopentasiloxane, Cetearyl Alcohol, Dicaprylyl Carbonate, Sorbitol, Peg8, Cocos Nucifera Oil, Argania Spinosa Kernel Oil, Tocopherol, Tocopheryl Acetate, Aloe Barbadensis Leaf Juice Powder, Passiflora Incarnata Seed Oil, Gardenia Tahitensis Flower Extract, Microcrystalline Cellulose, Tyrosine, Ornithine Hcl, Arginine Hcl, Cellulose Gum, Fragrance, Menthyl Lactate, Inulin Lauryl Carbamate, Caprylyl Glycol, Sodium Polyacrylate, Sodium Bicarbonate, Ethylhexylglycerin, C3045 Alkyl Cetearyl Dimethicone Crosspolymer, Silica, Triethanolamine, Phenoxyethanol",10,3261,5.0,0.0,https://www.sephora.com/product/after-sun-milk-soothing-body-lotion-P412109?icid2=products%20grid:p412109,5.0,5.6
PLAY Antioxidant Mist SPF 30 with Vitamin C,Supergoop!,sunscreen-sun-protection,21.0,"Caprylic, Glycerin, Cyclopentasiloxane, Cetearyl Alcohol, Dicaprylyl Carbonate, Sorbitol, Peg8, Cocos Nucifera Oil, Argania Spinosa Kernel Oil, Tocopherol, Tocopheryl Acetate, Aloe Barbadensis Leaf Juice Powder, Passiflora Incarnata Seed Oil, Gardenia Tahitensis Flower Extract, Microcrystalline Cellulose, Tyrosine, Ornithine Hcl, Arginine Hcl, Cellulose Gum, Fragrance, Menthyl Lactate, Inulin Lauryl Carbamate, Caprylyl Glycol, Sodium Polyacrylate, Sodium Bicarbonate, Ethylhexylglycerin, C3045 Alkyl Cetearyl Dimethicone Crosspolymer, Silica, Triethanolamine, Phenoxyethanol",0,359,0.0,6.0,https://www.sephora.com/product/supergoop-play-antioxidant-mist-spf-30-with-vitamin-c-P454391?icid2=products%20grid:p454391,6.0,3.5
Day Cream Broad Spectrum Sunscreen SPF 30,Anthony,sunscreen-sun-protection,34.0,"Caprylic, Corn Starch Modified, Cetearyl Olivate, Diethylhexyl 2, 6Naphthalate, C1215 Alkyl Benzoate, Sorbitan Olivate, Gluconolactone, Squalene, Glycerin, Cyclopentasiloxane, Tocopheryl Acetate, Glycine Sojo Oil, Sodium Hyaluronate, Xanthan Gum, Carbomer, Aminomethyl Porpanol, Sodium Benzoate, Phenethyl Alcohol, Caprylyl Glycol, Phenoxyethanol, Trisodium Ethylenediamine Disuccinate, Potassium Sorbate",7,605,3.0,0.0,https://www.sephora.com/product/day-cream-broad-spectrum-sunscreen-spf-30-P386498?icid2=products%20grid:p386498,3.0,11.333333333333336
PLAY 100% Mineral Mist SPF 30 with Marigold Extract,Supergoop!,sunscreen-sun-protection,34.0,"Aloe Barbadensis Leaf Juice, Bentonite, Butyloctyl Salicylate, Calendula Officinalis Flower Extract Caprylhydroxamic Acid, Caprylyl Glycol, Carthamus Tinctorius Seed Oil, Cetearyl Alcohol, , Chamomilla Recutita Flower Extract, CocoGlucoside, Glycerin, Helianthus Annuus Seed Oil, Heptyl Undecylenate, Jojoba Esters, Melissa Officinalis Leaf Extract, Methyl Dihydroabietate, Nasturtium Officinale Flower, Spiraea Ulmaria Root Extract, Water",17,3145,6.0,0.0,https://www.sephora.com/product/100-mineral-sunscreen-mist-with-marigold-extract-broad-spectrum-spf-30-P422349?icid2=products%20grid:p422349,6.0,5.666666666666668
Broad Spectrum SPF 30 Mineral Sunscreen Lotion for Body,CLINIQUE,sunscreen-sun-protection,32.0,"Titanium Dioxide 32%, Zinc Oxide 20% Dimethicone, Caprylyl Methicone, Butyloctyl Salicylate, Isononyl Isononanoate, Neopentyl Glycol Diheptanoate, Dimethicone, Butylene Glycol, Diethylhexyl Succinate, Dipentaerythrityl TriPolyhydroxystearate, C1215 Alkyl Benzoate, Lauryl Peg9 Polydimethylsiloxyethyl Dimethicone, Trimethylsiloxysilicate, Hydroxyapatite, Cetyl Peg, Methyl Trimethicone, Hydrolyzed Wheat Protein, Caprylyl Glycol, Dimethicone Silylate, Quaternium90 Bentonite, Sodium Chloride, Triethoxycaprylylsilane, Dimethicone Crosspolymer3, Isostearic Acid, Silica, Polyhydroxystearic Acid, Propylene Carbonate, Sodium Citrate, Disodium Edta, Phenoxyethanol, Iron Oxides, Iron Oxides",18,2056,4.2,0.0,https://www.sephora.com/product/broad-spectrum-spf-30-mineral-sunscreen-lotion-for-body-P410102?icid2=products%20grid:p410102,4.2,7.6190476190476195
Mineral Body Sunscreen SPF 30,COOLA,sunscreen-sun-protection,36.0,Ingredients from organic farming,194,1147,5.0,0.0,https://www.sephora.com/product/mineral-body-sunscreen-spf-30-P442269?icid2=products%20grid:p442269,5.0,7.2
After Sun Body Soother,OUAI,sunscreen-sun-protection,25.0,"Butane, Alcohol Denat, Isobutane, Butylene Glycol, Caprylyl Methicone, Glycerin, Rosa Canina Fruit Oil, Cocos Nucifera Fruit Cucumis Sativus Fruit Extract, TocopherylAcetate, Panthenol, Tetrahexyldecyl Ascorbate, Retinyl Palmitate, Tocopherol, Aloe Barbadensis LeafJuice, Leuconostoc, Parfum, PPG8Ceteth20, Hydroxyethylcellulose, Disodium Edta, Phenoxyethanol, Citric Acid, Potassium Sorbate, Sodium Benzoate, Chlorphenesin, Sodium Sulfate, Sorbic Acid, Benzoic Acid, Coumarin",50,3121,4.0,0.0,https://www.sephora.com/product/after-sun-body-soother-P444162?icid2=products%20grid:p444162,4.0,6.25
Future Solution LX Total Protective Emulsion Broad Spectrum SPF 20 Sunscreen,Shiseido,sunscreen-sun-protection,265.0,"Dipropylene Glycol, Sd Alcohol 40B, Glycerin, Hydrogenated Polydecene, Xylitol, Isododecane, Dimethicone, Peg5 Glyceryl Stearate, Isostearic Acid, Silica, Phenyl Trimethicone, Triethanolamine, Xanthan Gum, Tocopheryl Acetate, Peg, Piperidinepropionic Acid, Phytosteryl Macadamiate, 2OEthyl Ascorbic Acid, Prunus Speciosa Leaf Extract, Angelica Acutiloba Root Extract, Isodonis Japonicus Leaf, Camellia Sinensis Leaf Extract, Zanthoxylum Piperitum Peel Extract, Ppg17, Glyceryl Stearate Se, Behenyl Alcohol, Behenic Acid, Stearic Acid, Batyl Alcohol, Peg30 Phytosterol, Butylene Glycol, Carbomer, Disodium Edta, Alcohol, Bht, Cellulose Gum, Sodium Metaphosphate, Talc, Dextrin Palmitate, Tocopherol, Ethylparaben, Methylparaben, Fragrance, Iron Oxides",1,182,2.5,0.0,https://www.sephora.com/product/future-solution-lx-total-protective-emulsion-broad-spectrum-spf-20-sunscreen-P423168?icid2=products%20grid:p423168,2.5,106.0
Mineral Sunscreen Spray SPF 30,COOLA,sunscreen-sun-protection,42.0,"Algae Extract, Aloe Barbadensis Leaf Juice, Bentonite, Bisabolol, Brassica Campestris Seed Oil, Butyloctyl Salicylate, Camelina Sativa Seed Oil, Caprylhydroxamic Acid, Capryloyl Glycerin, Caprylyl Glycol, Carthamus Tinctorius Oleosomes, Cellulose Gum, Cetearyl Alcohol, Citric Acid, Citrus Aurantium Dulcis Fruit CocoGlucoside, Cocos Nucifera Oil, Glycerin, Helianthus Annuus Seed Oil, Limnanthes Alba Seed Oil, Mauritia Flexuosa Fruit Oil, Methyl Dihydroabietate, Microcrystalline Cellulose, Opuntia FicusIndica Flower Extract, Propanediol, Rosmarinus Officinalis Leaf Extract, Rubus Idaeus Seed Oil, Shea Butter Ethyl Esters, Simmondsia Chinesis Seed Oil, Sodium Stearoyl Glutamate, Water",29,1373,8.0,0.0,https://www.sephora.com/product/mineral-sunscreen-spray-spf-30-P442272?icid2=products%20grid:p442272,8.0,5.25
Sun Lotion 50 SPF,Moroccanoil,sunscreen-sun-protection,32.0,"Cyclopentasiloxane, Glycerin, Polyester7, Neopentyl Glycol Diheptanoate, Lauryl Glucoside, Polyglyceryl2 Dipolyhydroxystearate, Fragrance, Argania Spinosa Kernel Oil, Cocos Nucifera Oil, Tocopheryl Acetate, Trilinolein, Triolein, Tripalmitin, Trilinolenin, Gardenia Tahitensis Flower Extract, Tristearin, Triarachidin, Tocopherol, C5045 Alkyl Cetearyl Dimethicone Crosspolymer, Ammonium Acryloyldimethyltaurate, Polybutene, Xanthan Gum, Bht, Citric Acid, Potassium Sorbate, Methylisothiazolinone",10,1461,5.0,0.0,https://www.sephora.com/product/sun-lotion-50-spf-P412110?icid2=products%20grid:p412110,5.0,6.4
Sun Oil 15 SPF,Moroccanoil,sunscreen-sun-protection,32.0,"Octocrylene, Octinoxate, Avobenzone, Octisalate, Caprylic, Cocos Nucifera Oil, Cyclopentasiloxane, Isopropyl Myristate, Cocoglycerides, Fragrance, Argania Spinosa Kernel Oil, Tocopheryl Acetate, Gardenia Tahitensis Flower Extract, Polybutene, Tocopherol, BHT",16,2260,5.0,0.0,https://www.sephora.com/product/sun-oil-15-spf-P412112?icid2=products%20grid:p412112,5.0,6.4
Radiant Translucent Powder SPF 20,ILIA,sunscreen-sun-protection,34.0,"Mica, Zea Mays Starch, Zinc Stearate, Kaolin, Sunflower Oil, Rosmarinus Officinalis Leaf, Thymus Vulgaris Leaf, Aloe Barbadensis Leaf, Hibiscus Sabdariffa Flower Extract, Leuconostoc",13,3510,0.2,0.0,https://www.sephora.com/product/radiant-translucent-powder-spf-20-P432061?icid2=products%20grid:p432061,0.2,170.0
Flow-Thru Radiant Transclucent Powder SPF 20,ILIA,sunscreen-sun-protection,34.0,"Mica, Zea Mays Starch, Zinc Stearate, Kaolin, Sunflower Oil, Rosmarinus Officinalis Leaf, Thymus Vulgaris Leaf, Aloe Barbadensis Leaf, Hibiscus Sabdariffa Flower Extract, Leuconostoc",18,3490,0.0,0.0,https://www.sephora.com/product/flow-thru-radiant-transclucent-powder-spf-20-P423235?icid2=products%20grid:p423235,2.7733695652173913,12.259455222418186
Sundaze Mineral Face Sunscreen SPF 30,Kopari,sunscreen-sun-protection,34.0,"Zinc Oxide: 12%, C1215 Alkyl Benzoate, CocoCaprylate, Propanediol, Butyloctyl Salicylate, Tridecyl Salicylate, Simmondsia Chinensis Seed Oil, Butyrospermum Parkii Butter, Glyceryl Behenate, Polyester7, Isodecyl Salicylate, Polyglyceryl3 Ricinoleate, Neopentyl Glycol Diheptanoate, Glyceryl Stearate, Dimethiconol, Trilaureth4 Phosphate, Phenylpropanol, Aloe Barbadensis Leaf Juice Powder, Allantoin, Bisabolol, Caprylyl Glycol, Cocos Nucifera  Glycerin, Hydrolyzed Sodium Hyaluronate, Sodium Hyaluronate, Citrullus Lanatus Seed Oil, Hibiscus Sabdariffa Seed Oil, Passiflora Edulis Seed Oil, Undaria Pinnatifida Extract, DLalpha Tocopherol Acetate, Coenzyme Q10, Cocos Nucifera Fruit Juice, Tocopherol, Potassium Sorbate, Sodium Benzoate, Citric Acid",17,1817,1.7,0.0,https://www.sephora.com/product/sundaze-mineral-face-sunscreen-spf-30-P442970?icid2=products%20grid:p442970,1.7,20.0
Sun Lotion 30 SPF,Moroccanoil,sunscreen-sun-protection,32.0,"Homosalate, Oxybenzone, Octisalate, Avobenzone, Octocrylene, Cyclopentasiloxane, Glycerin, Polyester7, Neopentyl Glycol Diheptanoate, Lauryl Glucoside, Polyglyceryl2 Dipolyhydroxystearate, Fragrance, Argania Spinosa Kernel Oil, Cocos Nucifera Oil, Tocopheryl Acetate, Trilinolein, Triolein, Tripalmitin, Trilinolenin, Gardenia Tahitensis Flower Extract, Tristearin, Triarachidin, Tocopherol, C5045 Alkyl Cetearyl Dimethicone Crosspolymer, Ammonium Acryloyldimethyltaurate, Polybutene, Xanthan Gum, Bht, Citric Acid, Potassium Sorbate, Methylisothiazolinone",6,993,5.0,0.0,https://www.sephora.com/product/sun-lotion-30-spf-P412111?icid2=products%20grid:p412111,5.0,6.4
Classic Body SPF 50- Guava Mango,COOLA,sunscreen-sun-protection,32.0,"Avobenzone 175%, Homosalate 50%, Octisalate 20%, Octocrylene 50%, Aloe Barbadensis Leaf Juice, Brassica Campestris Seed Oil, Butylene Glycol, Camelina Sativa Seed Oil, Caprylyl Glycol, Carthamus Tinctorius Oleosomes, Carthamus Tinctorius Seed Oil, Carthamus Tinctorius Seedcake Extract, Decyl Glucoside, Didecyldimonium Chloride, Dimethicone, Flavor, Glycerin, Hydrogenated Methyl Abietata, Hydrolyzed Jojoba Esters, Jojoba Esters, Limnanthes Alba Seed Oil, Mauritia Flexuosa Fruit Oil, Methylpropanediol, Opuntia FicusIndica Flower Extract, Polyacrylate Crosspolymer6, Polyquaternium80, Polysilicone11, Rubus Idaeus Seed Oil, Silica, Sodium Phytate, Squalane, Xanthan Gum",12,1422,5.0,0.0,https://www.sephora.com/product/classic-body-spf-50-guava-mango-P443553?icid2=products%20grid:p443553,5.0,6.4
City Skin Age Defense Broad Spectrum SPF 50 PA++++,Murad,sunscreen-sun-protection,68.0,"Cyclopentasiloxane, Dimethicone, Glycerin, C1215 Alkyl Benzoate, Argania Spinosa Kernel Oil, Tocopheryl Acetate, Polyurethane35, Polyglyceryl3 Polydimethylsiloxyethyl Dimethicone, Polymethylsilsesquioxane, Avena Sativa Kernel Extract, Xanthophyll, Retinyl Palmitate, Ascorbic Acid, Bisabolol, Hydrolyzed Jojoba Esters, Urea, Yeast Amino Acids, Trehalose, Inositol, Taurine, Betaine, Biosaccharide Gum4, Hydroxyphenyl Propamidobenzoic Acid, Silica, Tapioca Starch, Sucrose, Pentylene Glycol, Butylene Glycol, Stearic Acid, Dimethicone, Dimethicone, Lauryl PEG9 Polydimethylsiloxyethyl Dimethicone, PEG8 Dimethicone, Octyldodecanol, Sodium Propoxyhydroxypropyl Thiosulfate Silica, Triethoxysilylethyl Polydimethylsiloxyethyl Hexyl Dimethicone, Aluminum Hydroxide, PEG, Triethoxycaprylylsilane, Phenoxyethanol, Ethylhexylglycerin, Iron Oxides",230,15070,1.7,0.0,https://www.sephora.com/product/city-skin-age-defense-broad-spectrum-spf-50-pa-P417980?icid2=products%20grid:p417980,1.7,40.0
Sport Continuous Spray SPF 50 - Unscented,COOLA,sunscreen-sun-protection,36.0,"Alcohol, Algae Extract, Aloe Barbadensis Leaf Extract, Butyloctyl Salicylate, Cucumis Sativus Fruit Extract, Fragaria Vesca Fruit Extract, Glycerin, Va, Water",68,4187,0.0,8.0,https://www.sephora.com/product/sport-continuous-spray-spf-50-unscented-P395723?icid2=products%20grid:p395723,8.0,4.5
DayWear Multi-Protection Anti-Oxidant Sheer Tint Release Moisturizer Broad Spectrum SPF 15 - Normal/ Combination Skin,Estée Lauder,sunscreen-sun-protection,54.0,"Alcohol, Algae Extract, Aloe Barbadensis Leaf Extract, Butyloctyl Salicylate, Cucumis Sativus Fruit Extract, Fragaria Vesca Fruit Extract, Glycerin, Va, Water",19,2937,1.7,0.0,https://www.sephora.com/product/daywear-multi-protection-anti-oxidant-sheer-tint-release-moisturizer-broad-spectrum-spf-15-normal-combination-skin-P401118?icid2=products%20grid:p401118,1.7,31.764705882352942
UV PLUS Anti-Pollution Sunscreen Multi-Protection Tint SPF 50,Clarins,sunscreen-sun-protection,45.0,"Dimethicone, Alcohol, Polyglyceryl3 Polydimethylsiloxyethyl Dimethicone, Aluminum Hydroxide, Stearic Acid, Peg, Nylon12, Peg12 Dimethicone, Sodium Chloride, Phenoxyethanol, Fragrance, Glycerin, Ethylhexylglycerin, Tocopheryl Acetate, Disodium Edta, Sanicula Europaea Extract, Butylene Glycol, Sodium Lauroyl Glutamate, Lysine, Magnesium Chloride, Sodium Hyaluronate, Hydroxypropyltrimonium Maltodextrin Crosspolymer, Thermus Thermophillus Ferment, Lapsana Communis Flower, Ribes Nigrum Bud Extract, Potassium Sorbate, Citric Acid, Camellia Sinensis Leaf Extract, Cucumis Melo Fruit Extract, Sodium Lauryl Sulfate, , Iron Oxides, ",59,5664,1.7,0.0,https://www.sephora.com/product/uv-plus-anti-pollution-sunscreen-multi-protection-tint-spf-50-P407408?icid2=products%20grid:p407408,1.7,26.470588235294123
Super Serum Skin Tint Broad Spectrum SPF 40 Sunscreen,ILIA,sunscreen-sun-protection,46.0,"Squalane, Polyglyceryl3 Ricinoleate, Butyloctyl Salicylate, Propanediol, Shea Butter Ethyl Esters, Isoamyl Laurate, Isopropyl Isostearate, Polyglyceryl3 Diisostearate, Methylpropanediol, Niacinamide, Sodium Chloride, Lecithin, Caprylyl Glycol, Silica, Aloe Barbadensis Leaf Juice Powder, Bisabolol, Hydrolyzed Sodium Hyaluronate, Allantoin, Phenylpropanol, Sodium Myristoyl Glutamate, Sodium Hyaluronate, Tetrasodium Glutamate Diacetate, Aluminum Hydroxide, Polyhydroxystearic Acid May Contain, Ci 77492, Ci 77499, Ci 77891 Ingredients",0,268,1.0,0.0,https://www.sephora.com/product/ilia-super-serum-skin-tint-spf-40-P455418?icid2=products%20grid:p455418,1.0,46.0
Lip Sleeping Mask,LANEIGE,lip-treatments,20.0,"Squalane, Polyglyceryl3 Ricinoleate, Butyloctyl Salicylate, Propanediol, Shea Butter Ethyl Esters, Isoamyl Laurate, Isopropyl Isostearate, Polyglyceryl3 Diisostearate, Methylpropanediol, Niacinamide, Sodium Chloride, Lecithin, Caprylyl Glycol, Silica, Aloe Barbadensis Leaf Juice Powder, Bisabolol, Hydrolyzed Sodium Hyaluronate, Allantoin, Phenylpropanol, Sodium Myristoyl Glutamate, Sodium Hyaluronate, Tetrasodium Glutamate Diacetate, Aluminum Hydroxide, Polyhydroxystearic Acid May Contain, Ci 77492, Ci 77499, Ci 77891 Ingredients",8000,315697,0.7,0.0,https://www.sephora.com/product/lip-sleeping-mask-P420652?icid2=products%20grid:p420652,0.7,28.57142857142857
Dior Lip Glow,Dior,lip-treatments,34.0,"Squalane, Polyglyceryl3 Ricinoleate, Butyloctyl Salicylate, Propanediol, Shea Butter Ethyl Esters, Isoamyl Laurate, Isopropyl Isostearate, Polyglyceryl3 Diisostearate, Methylpropanediol, Niacinamide, Sodium Chloride, Lecithin, Caprylyl Glycol, Silica, Aloe Barbadensis Leaf Juice Powder, Bisabolol, Hydrolyzed Sodium Hyaluronate, Allantoin, Phenylpropanol, Sodium Myristoyl Glutamate, Sodium Hyaluronate, Tetrasodium Glutamate Diacetate, Aluminum Hydroxide, Polyhydroxystearic Acid May Contain, Ci 77492, Ci 77499, Ci 77891 Ingredients",4000,274816,0.12,0.0,https://www.sephora.com/product/dior-addict-lip-glow-color-reviver-balm-P236816?icid2=products%20grid:p236816,0.12,283.33333333333337
The Kissu Lip Mask,Tatcha,lip-treatments,28.0,Hadasei3,315,45735,0.32,0.0,https://www.sephora.com/product/tatcha-the-kissu-lip-mask-P453225?icid2=products%20grid:p453225,0.32,87.5
Watermelon Glow Lip Pop,Glow Recipe,lip-treatments,22.0,"Diisostearyl Malate, Pentaerythrityl Tetraisostearate, Hydrogenated Polyisobutene, Phytostearyl, Polyethylene, Diphenyl Dimethicone, Jojoba Esters, Tridecyl Trimellitate, Dipentaerythrityl Hexahydroxystearate, Caprylyl Methicone, Trioctyldodecyl Citrate, Microcrystalline Wax, Silica Dimethyl Silyate, Octyldodecanol, Citrullus Lanatus Seed Oil, Coconut Flower Sugar, Ceresin, Citrullus Lanatus Fruit Extract, Glyceryl Behenate, Isostearic Acid, Hibiscus Sabdariffa Flower Extract, Maltodextrin, Dehydroacetic Acid, Citric Acid, Titanium Dioxide, Propylene Glycol, Tocopherol, Malic Acid, Ascorbic Acid, Tartaric Acid, Crataegus Monogyna Flower Extract, Sodium Benzoate, Potassium Sorbate, Viola Tricolor Extract, Red 27, Red 7 Lake, Red 6, Fragrance",118,10288,0.1,0.0,https://www.sephora.com/product/glow-recipe-watermelon-glow-lip-pop-P455236?icid2=products%20grid:p455236,0.1,220.0
Sugar Lip Treatment Sunscreen SPF 15,Fresh,lip-treatments,24.0,"Diisostearyl Malate, Pentaerythrityl Tetraisostearate, Hydrogenated Polyisobutene, Phytostearyl, Polyethylene, Diphenyl Dimethicone, Jojoba Esters, Tridecyl Trimellitate, Dipentaerythrityl Hexahydroxystearate, Caprylyl Methicone, Trioctyldodecyl Citrate, Microcrystalline Wax, Silica Dimethyl Silyate, Octyldodecanol, Citrullus Lanatus Seed Oil, Coconut Flower Sugar, Ceresin, Citrullus Lanatus Fruit Extract, Glyceryl Behenate, Isostearic Acid, Hibiscus Sabdariffa Flower Extract, Maltodextrin, Dehydroacetic Acid, Citric Acid, Titanium Dioxide, Propylene Glycol, Tocopherol, Malic Acid, Ascorbic Acid, Tartaric Acid, Crataegus Monogyna Flower Extract, Sodium Benzoate, Potassium Sorbate, Viola Tricolor Extract, Red 27, Red 7 Lake, Red 6, Fragrance",9000,294245,0.15,0.0,https://www.sephora.com/product/sugar-lip-treatment-spf-15-P57002?icid2=products%20grid:p57002,0.15,160.0
Lip Glow Oil,Dior,lip-treatments,34.0,"Diisostearyl Malate, Pentaerythrityl Tetraisostearate, Hydrogenated Polyisobutene, Phytostearyl, Polyethylene, Diphenyl Dimethicone, Jojoba Esters, Tridecyl Trimellitate, Dipentaerythrityl Hexahydroxystearate, Caprylyl Methicone, Trioctyldodecyl Citrate, Microcrystalline Wax, Silica Dimethyl Silyate, Octyldodecanol, Citrullus Lanatus Seed Oil, Coconut Flower Sugar, Ceresin, Citrullus Lanatus Fruit Extract, Glyceryl Behenate, Isostearic Acid, Hibiscus Sabdariffa Flower Extract, Maltodextrin, Dehydroacetic Acid, Citric Acid, Titanium Dioxide, Propylene Glycol, Tocopherol, Malic Acid, Ascorbic Acid, Tartaric Acid, Crataegus Monogyna Flower Extract, Sodium Benzoate, Potassium Sorbate, Viola Tricolor Extract, Red 27, Red 7 Lake, Red 6, Fragrance",72,30930,0.2,0.0,https://www.sephora.com/product/dior-lip-glow-oil-P453814?icid2=products%20grid:p453814,0.2,170.0
Sugar Advanced Therapy Lip Treatment,Fresh,lip-treatments,26.0,"Diisostearyl Malate, Pentaerythrityl Tetraisostearate, Hydrogenated Polyisobutene, Phytostearyl, Polyethylene, Diphenyl Dimethicone, Jojoba Esters, Tridecyl Trimellitate, Dipentaerythrityl Hexahydroxystearate, Caprylyl Methicone, Trioctyldodecyl Citrate, Microcrystalline Wax, Silica Dimethyl Silyate, Octyldodecanol, Citrullus Lanatus Seed Oil, Coconut Flower Sugar, Ceresin, Citrullus Lanatus Fruit Extract, Glyceryl Behenate, Isostearic Acid, Hibiscus Sabdariffa Flower Extract, Maltodextrin, Dehydroacetic Acid, Citric Acid, Titanium Dioxide, Propylene Glycol, Tocopherol, Malic Acid, Ascorbic Acid, Tartaric Acid, Crataegus Monogyna Flower Extract, Sodium Benzoate, Potassium Sorbate, Viola Tricolor Extract, Red 27, Red 7 Lake, Red 6, Fragrance",2000,90455,0.15,0.0,https://www.sephora.com/product/sugar-advanced-therapy-lip-treatment-P302103?icid2=products%20grid:p302103,0.15,173.33333333333337
Lip Glow Diormania,Dior,lip-treatments,34.0,"A Diisostearyl Malate, C1030 Cholesterol, BisDiglyceryl Polyacyladipate2, Phytosteryl, Synthetic Beeswax, Mangifera Indica Seed Butter, Hydrogenated Microcrystalline Wax, C2040 Alcohols, Polyethylene, Ethylhexyl Palmitate, Decyloxazolidinone, Parfum, Synthetic Fluorphlogopite, Luffa Cylindrica Seed Oil, Bht, Vanillin, Tocopherol, Benzyl Alcohol, Tin Oxide, Propyl Gallate, ",9,7134,0.12,0.0,https://www.sephora.com/product/dior-lip-glow-diormania-P454354?icid2=products%20grid:p454354,0.12,283.33333333333337
Lip Glowy Balm,LANEIGE,lip-treatments,17.0,"A Diisostearyl Malate, C1030 Cholesterol, BisDiglyceryl Polyacyladipate2, Phytosteryl, Synthetic Beeswax, Mangifera Indica Seed Butter, Hydrogenated Microcrystalline Wax, C2040 Alcohols, Polyethylene, Ethylhexyl Palmitate, Decyloxazolidinone, Parfum, Synthetic Fluorphlogopite, Luffa Cylindrica Seed Oil, Bht, Vanillin, Tocopherol, Benzyl Alcohol, Tin Oxide, Propyl Gallate, ",2000,135661,0.0,0.0,https://www.sephora.com/product/glowy-lip-balm-P443563?icid2=products%20grid:p443563,0.26475735294117664,64.20973699558415
Afterglow Lip Balm,NARS,lip-treatments,28.0,"A Diisostearyl Malate, C1030 Cholesterol, BisDiglyceryl Polyacyladipate2, Phytosteryl, Synthetic Beeswax, Mangifera Indica Seed Butter, Hydrogenated Microcrystalline Wax, C2040 Alcohols, Polyethylene, Ethylhexyl Palmitate, Decyloxazolidinone, Parfum, Synthetic Fluorphlogopite, Luffa Cylindrica Seed Oil, Bht, Vanillin, Tocopherol, Benzyl Alcohol, Tin Oxide, Propyl Gallate, ",684,81457,0.1,0.0,https://www.sephora.com/product/orgasm-afterglow-lip-balm-P13046537?icid2=products%20grid:p13046537,0.1,280.0
N° 28 Lip Treatment Oil,Hourglass,lip-treatments,49.0,"A Diisostearyl Malate, C1030 Cholesterol, BisDiglyceryl Polyacyladipate2, Phytosteryl, Synthetic Beeswax, Mangifera Indica Seed Butter, Hydrogenated Microcrystalline Wax, C2040 Alcohols, Polyethylene, Ethylhexyl Palmitate, Decyloxazolidinone, Parfum, Synthetic Fluorphlogopite, Luffa Cylindrica Seed Oil, Bht, Vanillin, Tocopherol, Benzyl Alcohol, Tin Oxide, Propyl Gallate, ",357,25768,0.25,0.0,https://www.sephora.com/product/no-28-lip-treatment-oil-P379096?icid2=products%20grid:p379096,0.25,196.0
SEA Quench Lip Rescue Balm,tarte,lip-treatments,19.0,"A Diisostearyl Malate, C1030 Cholesterol, BisDiglyceryl Polyacyladipate2, Phytosteryl, Synthetic Beeswax, Mangifera Indica Seed Butter, Hydrogenated Microcrystalline Wax, C2040 Alcohols, Polyethylene, Ethylhexyl Palmitate, Decyloxazolidinone, Parfum, Synthetic Fluorphlogopite, Luffa Cylindrica Seed Oil, Bht, Vanillin, Tocopherol, Benzyl Alcohol, Tin Oxide, Propyl Gallate, ",1000,110116,0.1,0.0,https://www.sephora.com/product/sea-quench-lip-rescue-balm-P405601?icid2=products%20grid:p405601,0.1,190.0
N° 28 Lip Treatment Oil – At Night – Lunar New Year Limited Edition,Hourglass,lip-treatments,49.0,"A Diisostearyl Malate, C1030 Cholesterol, BisDiglyceryl Polyacyladipate2, Phytosteryl, Synthetic Beeswax, Mangifera Indica Seed Butter, Hydrogenated Microcrystalline Wax, C2040 Alcohols, Polyethylene, Ethylhexyl Palmitate, Decyloxazolidinone, Parfum, Synthetic Fluorphlogopite, Luffa Cylindrica Seed Oil, Bht, Vanillin, Tocopherol, Benzyl Alcohol, Tin Oxide, Propyl Gallate, ",1,2123,0.25,0.0,https://www.sephora.com/product/hourglass-lunar-new-year-le-lip-oil-at-night-P454758?icid2=products%20grid:p454758,0.25,196.0
Lip Oh Phoria,Natasha Denona,lip-treatments,26.0,"A Diisostearyl Malate, C1030 Cholesterol, BisDiglyceryl Polyacyladipate2, Phytosteryl, Synthetic Beeswax, Mangifera Indica Seed Butter, Hydrogenated Microcrystalline Wax, C2040 Alcohols, Polyethylene, Ethylhexyl Palmitate, Decyloxazolidinone, Parfum, Synthetic Fluorphlogopite, Luffa Cylindrica Seed Oil, Bht, Vanillin, Tocopherol, Benzyl Alcohol, Tin Oxide, Propyl Gallate, ",14,2287,0.13,0.0,https://www.sephora.com/product/natasha-denona-duo-chrome-lip-oh-phoria-P455198?icid2=products%20grid:p455198,0.13,200.0
Kiss Me All Day,LANEIGE,lip-treatments,35.0,"A Diisostearyl Malate, C1030 Cholesterol, BisDiglyceryl Polyacyladipate2, Phytosteryl, Synthetic Beeswax, Mangifera Indica Seed Butter, Hydrogenated Microcrystalline Wax, C2040 Alcohols, Polyethylene, Ethylhexyl Palmitate, Decyloxazolidinone, Parfum, Synthetic Fluorphlogopite, Luffa Cylindrica Seed Oil, Bht, Vanillin, Tocopherol, Benzyl Alcohol, Tin Oxide, Propyl Gallate, ",74,27277,0.0,0.0,https://www.sephora.com/product/kiss-me-all-day-P449870?icid2=products%20grid:p449870,0.26475735294117664,132.1965173438497
Pro Kiss'r Luscious Lip Balm,FENTY BEAUTY by Rihanna,lip-treatments,18.0,"A Diisostearyl Malate, C1030 Cholesterol, BisDiglyceryl Polyacyladipate2, Phytosteryl, Synthetic Beeswax, Mangifera Indica Seed Butter, Hydrogenated Microcrystalline Wax, C2040 Alcohols, Polyethylene, Ethylhexyl Palmitate, Decyloxazolidinone, Parfum, Synthetic Fluorphlogopite, Luffa Cylindrica Seed Oil, Bht, Vanillin, Tocopherol, Benzyl Alcohol, Tin Oxide, Propyl Gallate, ",494,45964,0.0,0.0,https://www.sephora.com/product/pro-kiss-r-luscious-lip-balm-P444149?icid2=products%20grid:p444149,0.26475735294117664,67.98678034826557
Agave+ Daytime Vegan Lip Balm,Bite Beauty,lip-treatments,14.0,"A Diisostearyl Malate, C1030 Cholesterol, BisDiglyceryl Polyacyladipate2, Phytosteryl, Synthetic Beeswax, Mangifera Indica Seed Butter, Hydrogenated Microcrystalline Wax, C2040 Alcohols, Polyethylene, Ethylhexyl Palmitate, Decyloxazolidinone, Parfum, Synthetic Fluorphlogopite, Luffa Cylindrica Seed Oil, Bht, Vanillin, Tocopherol, Benzyl Alcohol, Tin Oxide, Propyl Gallate, ",1000,24858,0.15,0.0,https://www.sephora.com/product/agave-lip-balm-P443571?icid2=products%20grid:p443571,0.15,93.33333333333334
Pro Kiss’r Lip-Loving Scrubstick,FENTY BEAUTY by Rihanna,lip-treatments,16.0,"A Diisostearyl Malate, C1030 Cholesterol, BisDiglyceryl Polyacyladipate2, Phytosteryl, Synthetic Beeswax, Mangifera Indica Seed Butter, Hydrogenated Microcrystalline Wax, C2040 Alcohols, Polyethylene, Ethylhexyl Palmitate, Decyloxazolidinone, Parfum, Synthetic Fluorphlogopite, Luffa Cylindrica Seed Oil, Bht, Vanillin, Tocopherol, Benzyl Alcohol, Tin Oxide, Propyl Gallate, ",167,21355,0.0,0.0,https://www.sephora.com/product/pro-kiss-r-lip-scrub-P444926?icid2=products%20grid:p444926,0.26475735294117664,60.43269364290275
Lip Balm & Scrub,SEPHORA COLLECTION,lip-treatments,7.0,"Octyldodecanol, Polybutene, Dipentaerythrityl Tetrahydroxystearate, Ricinus Communis Seed Oil, Butyrospermum Parkii Butter, Polyethylene, Vp, Diisostearyl Malate, Cera Microcristallina, Glyceryl Behenate, Dicalcium Phosphate, Synthetic Wax, Fragrance, Hydrogenated Vegetable Oil, Ci 77891, Helianthus Annuus Seed Oil, Ci 15850, Mica, Ci 45380, Ci 19140, Limonene, Lycium Barbarum Fruit Extract, Tocopherol, Citric Acid",2000,153849,0.12300000000000001,0.0,https://www.sephora.com/product/lip-balm-scrub-P415438?icid2=products%20grid:p415438,0.12300000000000001,56.91056910569106
Extra Lip Tint,Bobbi Brown,lip-treatments,34.0,"Hydrogenated Polyisobutene, Phytosteryl, Polyglyceryl10 Decaisostearate, Microcrystalline Wax, Phytosteryl, Synthetic Wax, Cetearyl Alcohol, Octyldodecanol, Caprylic, Octyldodecyl Neopentanoate, Polyethylene, Theobroma Cacao Seed Butter, Orbignya Oleifera Seed Oil, Simmondsia Chinensis Seed Oil, Persea Gratissima Oil, Olea Europaea Fruit Oil, Squalane, Olea Europaea Oil Unsaponifiables, Ethylene, Hydrogenated Olive Oil, Sorbitan Oleate, Hydrogenated Microcrystalline Wax, Tocopheryl Acetate, Ascorbyl Palmitate, Pentaerythrityl TetraDiTButyl Hydroxyhydrocinnamate, Tocopherol, Linalool, Citral, Limonene, Fragrance, ",149,21606,0.08,0.0,https://www.sephora.com/product/extra-lip-tint-P404241?icid2=products%20grid:p404241,0.08,425.0
Intense Therapy Lip Balm SPF 25,Jack Black,lip-treatments,8.0,"Beeswax, Butyrospermum Parkii Butter, C 1838 Alkyl Hydroxystearol Stearate, Camellia Sinenesis Leaf Extract, Cyclohexasiloxane, Cyclopentasiloxane, Flavor, Lanolin, Microcrystalline Wax, Ozokerite, Persea Gratissima Oil, Polyglyceryl 3 Beeswax, Theobroma Cacao Seed Butter, Tocopheryl Acetate",3000,79166,0.25,0.0,https://www.sephora.com/product/intense-therapy-lip-balm-spf-25-P12573?icid2=products%20grid:p12573,0.25,32.0
The Lip Balm,La Mer,lip-treatments,65.0,"Beeswax, Butyrospermum Parkii Butter, C 1838 Alkyl Hydroxystearol Stearate, Camellia Sinenesis Leaf Extract, Cyclohexasiloxane, Cyclopentasiloxane, Flavor, Lanolin, Microcrystalline Wax, Ozokerite, Persea Gratissima Oil, Polyglyceryl 3 Beeswax, Theobroma Cacao Seed Butter, Tocopheryl Acetate",129,18181,0.32,0.0,https://www.sephora.com/product/the-lip-balm-P417242?icid2=products%20grid:p417242,0.32,203.125
Pro Kiss'r Duo: Scrubstick + Lip Balm Set ,FENTY BEAUTY by Rihanna,lip-treatments,29.0,"Beeswax, Butyrospermum Parkii Butter, C 1838 Alkyl Hydroxystearol Stearate, Camellia Sinenesis Leaf Extract, Cyclohexasiloxane, Cyclopentasiloxane, Flavor, Lanolin, Microcrystalline Wax, Ozokerite, Persea Gratissima Oil, Polyglyceryl 3 Beeswax, Theobroma Cacao Seed Butter, Tocopheryl Acetate",10,7858,0.0,0.0,https://www.sephora.com/product/pro-kiss-r-duo-scrubstick-lip-balm-set-P449812?icid2=products%20grid:p449812,0.26475735294117664,109.53425722776122
Power-full Plump Lip Balm,Buxom,lip-treatments,18.0,"Beeswax, Butyrospermum Parkii Butter, C 1838 Alkyl Hydroxystearol Stearate, Camellia Sinenesis Leaf Extract, Cyclohexasiloxane, Cyclopentasiloxane, Flavor, Lanolin, Microcrystalline Wax, Ozokerite, Persea Gratissima Oil, Polyglyceryl 3 Beeswax, Theobroma Cacao Seed Butter, Tocopheryl Acetate",650,44469,0.17,0.0,https://www.sephora.com/product/powerplump-lip-balm-P420163?icid2=products%20grid:p420163,0.17,105.88235294117645
Sugar Lip Polish Exfoliator,Fresh,lip-treatments,24.0,"Sucrose, Simmondsia Chinensis Seed Oil, Isononyl Isononanoate, Hydrogenated Castor Oil, Molasses, Ethylene, Fragrance, Silica, Butyrospermum Parkii, Limnanthes Alba Seed Oil, VitisVinifera Seed Oil, Tocopheryl Acetate, Butylene, BHT, CitricAcid, Phenoxyethanol, Limonene, Citral, Benzyl Alcohol",1000,61230,0.6,0.0,https://www.sephora.com/product/sugar-lip-polish-P274001?icid2=products%20grid:p274001,0.6,40.0
Lippe Balm,Drunk Elephant,lip-treatments,18.0,"Sucrose, Simmondsia Chinensis Seed Oil, Isononyl Isononanoate, Hydrogenated Castor Oil, Molasses, Ethylene, Fragrance, Silica, Butyrospermum Parkii, Limnanthes Alba Seed Oil, VitisVinifera Seed Oil, Tocopheryl Acetate, Butylene, BHT, CitricAcid, Phenoxyethanol, Limonene, Citral, Benzyl Alcohol",1000,52200,0.13,0.0,https://www.sephora.com/product/lippe-tm-P403818?icid2=products%20grid:p403818,0.13,138.46153846153842
Colorful Gloss Balm,SEPHORA COLLECTION,lip-treatments,8.0,"Hydrogenated Polyisobutene, Polybutene, Hydrogenated Polydecene, Mica, Diisopropyl Dimer Dilinoleate, Ci 77491, Isohexadecane, Silica Dimethyl Silylate, Ethylene, Octyldodecanol, Ci 77891, Ci 77499, Aroma, Phenoxyethanol, Ci 77163, Ci 15850, Boron Nitride, Butylene, Saccharin, Mangifera Indica Seed Oil, Vitis Vinifera Seed Oil, Ethylhexyl Hydroxystearate, Tin Oxide, Bht, Isopropyl Titanium Triisostearate, Tocopherol, Glycine Soja Oil, Citric Acid, Linalool",859,80689,0.32,0.0,https://www.sephora.com/product/colorful-gloss-balm-P403322?icid2=products%20grid:p403322,0.32,25.0
Volupté Plump-in-Color Plumping Lip Balm,Yves Saint Laurent,lip-treatments,39.0,"Hydrogenated Polyisobutene, Polybutene, Hydrogenated Polydecene, Mica, Diisopropyl Dimer Dilinoleate, Ci 77491, Isohexadecane, Silica Dimethyl Silylate, Ethylene, Octyldodecanol, Ci 77891, Ci 77499, Aroma, Phenoxyethanol, Ci 77163, Ci 15850, Boron Nitride, Butylene, Saccharin, Mangifera Indica Seed Oil, Vitis Vinifera Seed Oil, Ethylhexyl Hydroxystearate, Tin Oxide, Bht, Isopropyl Titanium Triisostearate, Tocopherol, Glycine Soja Oil, Citric Acid, Linalool",212,17004,0.12,0.0,https://www.sephora.com/product/volupte-plump-in-colour-P439084?icid2=products%20grid:p439084,0.12,325.0
Chubby Stick Moisturizing Lip Colour Balm,CLINIQUE,lip-treatments,18.5,"Hydrogenated Polyisobutene, Polybutene, Hydrogenated Polydecene, Mica, Diisopropyl Dimer Dilinoleate, Ci 77491, Isohexadecane, Silica Dimethyl Silylate, Ethylene, Octyldodecanol, Ci 77891, Ci 77499, Aroma, Phenoxyethanol, Ci 77163, Ci 15850, Boron Nitride, Butylene, Saccharin, Mangifera Indica Seed Oil, Vitis Vinifera Seed Oil, Ethylhexyl Hydroxystearate, Tin Oxide, Bht, Isopropyl Titanium Triisostearate, Tocopherol, Glycine Soja Oil, Citric Acid, Linalool",2000,76126,0.1,0.0,https://www.sephora.com/product/chubby-stick-moisturizing-lip-colour-balm-P279113?icid2=products%20grid:p279113,0.1,185.0
ShineOn Jelly Lip Gloss,Tower 28 Beauty,lip-treatments,14.0,"Hydrogenated Polyisobutene, Polybutene, Prunus Armeniaca Kernel Oil, Ethylene, Octyldodecanol, Oryza Sativa Bran Extract, Helianthus Annuus Extract, Rosmarinus Officinalis Leaf Extract, Ricinus Communis Seed Oil, Rosa Canina Fruit Oil, Rubus Idaeus Seed Oil, Persea Gratissima Oil, Tocopherol, Caprylyl Glycol, Ethylhexylglycerin, Butylene, Flavor, Iron Oxides, Red 22 Lake, Red 28 Lake, Manganese Violet, Red 40 Lake",99,15514,0.13,0.0,https://www.sephora.com/product/shineon-lip-jelly-P448854?icid2=products%20grid:p448854,0.13,107.69230769230771
Brazilian Kiss Cupuaçu Lip Butter,Sol de Janeiro,lip-treatments,18.0,"Hydrogenated Polyisobutene, Polybutene, Prunus Armeniaca Kernel Oil, Ethylene, Octyldodecanol, Oryza Sativa Bran Extract, Helianthus Annuus Extract, Rosmarinus Officinalis Leaf Extract, Ricinus Communis Seed Oil, Rosa Canina Fruit Oil, Rubus Idaeus Seed Oil, Persea Gratissima Oil, Tocopherol, Caprylyl Glycol, Ethylhexylglycerin, Butylene, Flavor, Iron Oxides, Red 22 Lake, Red 28 Lake, Manganese Violet, Red 40 Lake",808,37291,0.21,0.0,https://www.sephora.com/product/brazilian-kiss-cupua-u-lip-butter-P415747?icid2=products%20grid:p415747,0.21,85.71428571428572
Agave+ Intensive Vegan Lip Mask,Bite Beauty,lip-treatments,26.0,"Hydroxystearic, Theobroma Cacao Seed Butter, Euterpe Oleracea Sterols, Helianthus Annuus Seed Oil, Butyrospermum Parkii Butter, Aroma, Octyldodecanol, Copernicia Cerifera Wax, Dimer Dilinoleyl Dimer Dilinoleate, CocoCaprylate, Vanilla Planifolia Fruit Extract, Vanilla Tahitensis Fruit Extract, Agave Tequilana Leaf Extract, Allantoin, Avena Sativa Kernel Flour, Polyhydroxystearic Acid, Ricinus Communis Seed Oil, Linoleic Acid, Momordica Grosvenorii Fruit Extract, Oleic Acid, Garcinia Mangostana Peel Extract, Linolenic Acid, Tocopherol",214,5720,0.52,0.0,https://www.sephora.com/product/bite-beauty-agave-intensive-lip-mask-vegan-P454747?icid2=products%20grid:p454747,0.52,50.0
Wet Lip Oil Gloss,Kosas,lip-treatments,27.0,Peptides: Protect collagen,46,16851,0.15,0.0,https://www.sephora.com/product/lip-oil-P451920?icid2=products%20grid:p451920,0.15,180.0
KUSH Lip Balm,MILK MAKEUP,lip-treatments,16.0,Peptides: Protect collagen,748,49203,0.1,0.0,https://www.sephora.com/product/kush-lip-balm-P440645?icid2=products%20grid:p440645,0.1,160.0
Lip Fetish Lip Balm,PAT McGRATH LABS,lip-treatments,40.0,"Polybutene, Caprylic, Triisodecyl Trimellitate, Aluminum Starch Octenylsuccinate, Polyethylene, Beeswax, Dimethicone, Diisostearyl Malate, Water, Dimethicone, Polyhydroxystearic Acid, Mica, Butyrospermum Parkii Butter, Flavor, Pentaerythrityl TetraDiTButyl Hydroxyhydrocinnamate, Tocopheryl Acetate, Calcium Sodium Borosilicate, Silica, Tin Oxide, Iron Oxides, Titanium Dioxide",247,50249,0.12,0.0,https://www.sephora.com/product/lip-fetish-lip-balm-P433500?icid2=products%20grid:p433500,0.12,333.33333333333337
Agave+ Nighttime Lip Therapy,Bite Beauty,lip-treatments,22.0,"Ricinus Communis Seed Oil, Triisostearoyl Polyglyceryl3 Dimer Dilineolate, Oleic, Squalane, Glyceryl Rosinate, Hydrogenated Vegetable Oil, Thus Verniciflua Peel Wax, Helianthus Annuus Seed Oil, Phytosteryl Canola Glycerides, Carthamus Tinctorius Seed Oil, Aroma, Simmondsia Chinensis Seed Oil, Phospholipids, Polyglyceryl3 Diisostearate, Caprylic, Tocopherol, Punica Granatum Flower Extract, Ascorbyl Palmitate Agave Tequilana Leaf Extract, Momordica Grosvenorii Fruit Extract, Chamomilla Recutita Flower Extract, Tocopheryl Acetate, Limonene, Linalool",276,23141,0.5,0.0,https://www.sephora.com/product/agave-nighttime-lip-therapy-P443572?icid2=products%20grid:p443572,0.5,44.0
GENIUS Liquid Collagen Lip,Algenist,lip-treatments,35.0,"Collagen, Water, Glycerin, Isononyl Isononanoate, Limnanthes Alba Seed Oil, Dextrin Palmitate, Pentylene Glycol, Diglycerin, Propanediol, Menthoxypropanediol, Collagen Amino Acids, Parachlorella Beijerinckii Exopolysaccharides, Chlorella Protothecoides Oil, Acmella Oleracea Extract, Brassica Alba Sprout Extract, Helianthus Annuus Seed Oil, Hydroxymethoxyphenyl Propylmethylmethoxybenzofuran, Adenosine, Tocopherol, Leuconostoc, Methyl Gluceth20, Carbomer, Palmitic Acid, Sodium Hydroxide, Disodium EDTA, Amodimethicone, Butyl Methoxydibenzoylmethane, Homosalate, Octocrylene, Sorbic Acid, Sodium Benzoate, Potassium Sorbate, Phenoxyethanol, Stevia Rebaudiana Extract, Aroma, Benzyl Benzoate, BetaCarotene",461,30973,0.34,0.0,https://www.sephora.com/product/genius-liquid-collagen-lip-P432045?icid2=products%20grid:p432045,0.34,102.94117647058823
The Lip Volumizer,La Mer,lip-treatments,75.0,"Collagen, Water, Glycerin, Isononyl Isononanoate, Limnanthes Alba Seed Oil, Dextrin Palmitate, Pentylene Glycol, Diglycerin, Propanediol, Menthoxypropanediol, Collagen Amino Acids, Parachlorella Beijerinckii Exopolysaccharides, Chlorella Protothecoides Oil, Acmella Oleracea Extract, Brassica Alba Sprout Extract, Helianthus Annuus Seed Oil, Hydroxymethoxyphenyl Propylmethylmethoxybenzofuran, Adenosine, Tocopherol, Leuconostoc, Methyl Gluceth20, Carbomer, Palmitic Acid, Sodium Hydroxide, Disodium EDTA, Amodimethicone, Butyl Methoxydibenzoylmethane, Homosalate, Octocrylene, Sorbic Acid, Sodium Benzoate, Potassium Sorbate, Phenoxyethanol, Stevia Rebaudiana Extract, Aroma, Benzyl Benzoate, BetaCarotene",34,7831,0.23,0.0,https://www.sephora.com/product/the-lip-volumizer-P444964?icid2=products%20grid:p444964,0.23,326.0869565217391
Sugar Lip Caramel Hydrating Balm,Fresh,lip-treatments,18.0,"Isononyl Isononanoate, C1030 Cholesterol, BisDiglyceryl Polyacyladipate2, Cera Microcristallina, Polybutene, Ethylene, Glyceryl Behenate, Prunus Armeniaca Kernel Oil, Butylene, Fragrance, Ribes Nigrum Seed Oil, Vitis Vinifera Seed Oil, Mel Extract, Sucrose Tetrastearate Triacetate, Caramel, Tocopherol, Ascorbyl Palmitate, Silica Silylate, BHT, Ammonium Glycyrrhizate, Polyglyceryl2 Triisostearate, Vanillin, Aqua, CI 77492, CI 77491, Trimethylolpropane Triisostearate, CI 77499, Propyl Gallate, Phenoxyethanol, Limonene, Linalool, Citral, Benzyl Alcohol",954,40091,0.0,0.21,https://www.sephora.com/product/sugar-lip-caramel-hydrating-balm-P421243?icid2=products%20grid:p421243,0.21,85.71428571428572
Butterstick Lip Treatment SPF 30,Kiehl's Since 1851,lip-treatments,24.0,"Isononyl Isononanoate, C1030 Cholesterol, BisDiglyceryl Polyacyladipate2, Cera Microcristallina, Polybutene, Ethylene, Glyceryl Behenate, Prunus Armeniaca Kernel Oil, Butylene, Fragrance, Ribes Nigrum Seed Oil, Vitis Vinifera Seed Oil, Mel Extract, Sucrose Tetrastearate Triacetate, Caramel, Tocopherol, Ascorbyl Palmitate, Silica Silylate, BHT, Ammonium Glycyrrhizate, Polyglyceryl2 Triisostearate, Vanillin, Aqua, CI 77492, CI 77491, Trimethylolpropane Triisostearate, CI 77499, Propyl Gallate, Phenoxyethanol, Limonene, Linalool, Citral, Benzyl Alcohol",118,21340,0.0,0.0,https://www.sephora.com/product/butterstick-lip-treatment-spf-25-P422274?icid2=products%20grid:p422274,0.26475735294117664,90.6490404643541
Honey Butter Beeswax Lip Balm,Farmacy,lip-treatments,10.0,"Isononyl Isononanoate, C1030 Cholesterol, BisDiglyceryl Polyacyladipate2, Cera Microcristallina, Polybutene, Ethylene, Glyceryl Behenate, Prunus Armeniaca Kernel Oil, Butylene, Fragrance, Ribes Nigrum Seed Oil, Vitis Vinifera Seed Oil, Mel Extract, Sucrose Tetrastearate Triacetate, Caramel, Tocopherol, Ascorbyl Palmitate, Silica Silylate, BHT, Ammonium Glycyrrhizate, Polyglyceryl2 Triisostearate, Vanillin, Aqua, CI 77492, CI 77491, Trimethylolpropane Triisostearate, CI 77499, Propyl Gallate, Phenoxyethanol, Limonene, Linalool, Citral, Benzyl Alcohol",511,30396,0.12,0.0,https://www.sephora.com/product/honey-butter-beeswax-lip-balm-P428416?icid2=products%20grid:p428416,0.12,83.33333333333334
Agave+ Weekly Lip Scrub,Bite Beauty,lip-treatments,20.0,"Sucrose, Squalane, Glycerin, Helianthus Annuus Seed Oil, Caprylic, Aroma, Vanilla Planifolia Fruit Extract, Sucrose Laurate, Papain, Vanilla Tahitensis Fruit Extract, Tocopherol, Maltodextrin, Agave Tequilana Leaf Extract, Sodium Benzoate, Sodium Metabisulfite",120,16206,0.7,0.0,https://www.sephora.com/product/agave-lip-scrub-P443573?icid2=products%20grid:p443573,0.7,28.57142857142857
Camellia Gold Spun Lip Balm,Tatcha,lip-treatments,30.0,"Squalane, Dimer Dilinoleyl Dimer Dilinoleate, Dextrin Palmitate, Fragrance, Dextrin Palmitate, Polyglyceryl10 Pentaisostearate, Oryza Sativa Germ Oil, Camellia Japonica Seed Oil, Stearyl Glycyrrhetinate, Oryzanol, Hydrogenated Lecithin, Inositol, Camellia Sinensis Leaf Extract, Alcohol, Glycerin, Algae Extract, Gold",591,32299,0.21,0.0,https://www.sephora.com/product/camellia-gold-spun-lip-balm-P413326?icid2=products%20grid:p413326,0.21,142.85714285714286
Moisture Surge™ Lip Hydro-Plump Treatment,CLINIQUE,lip-treatments,17.5,"Petrolatum, Polybutene, Polyglyceryl2 Triisostearate, Hydrogenated Polyisobutene, Tocopheryl Acetate, Pvp, Silica, Hydrogenated Castor Oil, Ppg51, Caprylic, Ceramide Ng, Astrocaryum Murumuru Seed Butter, Sea Whip Extract, Butyrospermum Parkii, Cholesterol, Caprylyl Glycol, Caprylic, C1216 Alcohols, Ethylene, Tetrahexyldecyl Ascorbate, Palmitic Acid, Hydrogenated Lecithin, Butylene",26,6591,0.33,0.0,https://www.sephora.com/product/moisture-surge-lip-hydro-plump-treatment-P448559?icid2=products%20grid:p448559,0.33,53.03030303030303
Refresh and Prep Lip Scrubber,SEPHORA COLLECTION,lip-treatments,9.0,Certified Ingredients,186,30857,0.0,0.0,https://www.sephora.com/product/refresh-prep-lip-scrubber-P429282?icid2=products%20grid:p429282,0.26475735294117664,33.993390174132784
Buttermask Intense Repair Lip Treatment,Kiehl's Since 1851,lip-treatments,26.0,Certified Ingredients,127,25315,0.35,0.0,https://www.sephora.com/product/buttermask-intense-repair-lip-treatment-P432239?icid2=products%20grid:p432239,0.35,74.28571428571429
Coconut Hydrating Lip Balm,Fresh,lip-treatments,18.0,"Isononyl Isononanoate, C1030 Cholesterol, BisDiglyceryl Polyacyladipate2, Cera Microcristallina, Polybutene, Ethylene, Glyceryl Behenate, Ethylhexyl Methoxycinnamate, Prunus Armeniaca Kernel Oil, Butylene, Ribes Nigrum Seed Oil, Vitis Vinifera Seed Oil, Sucrose Tetrastearate Triacetate, Tocopherol, Ascorbyl Palmitate, Fragrance, Silica Silylate, Ci 77891, Bht, Synthetic Fluorphlogopite, Ammonium Glycyrrhizate, Vanillin, Polyglyceryl2 Triisostearate, Trimethylolpropane Triisostearate, Propyl Gallate, Phenoxyethanol",369,30695,0.21,0.0,https://www.sephora.com/product/coconut-hydrating-lip-balm-P431846?icid2=products%20grid:p431846,0.21,85.71428571428572
Baume à Lèvres Lip Balm,Gucci,lip-treatments,42.0,"Octyldodecanol, Trimethylolpropane Triisostearate, Polybutene, Cera Microcristallina, Caprylic, VP, Polyethylene, VP, Triisodecyl Trimellitate, Mica, Stearalkonium Bentonite, Dicalcium Phosphate, Phytosteryl Isostearate, Propylene Carbonate, Ascorbyl Palmitate, Tocopherol, BHT, Tin Oxide, ",53,7215,0.12,0.0,https://www.sephora.com/product/gucci-baume-agrave-l-egrave-vres-lip-balm-P452738?icid2=products%20grid:p452738,0.12,350.0
Sugar Lip Serum Advanced Therapy,Fresh,lip-treatments,36.0,"Glycerin, Ethylene, Caprylic, Butylene Glycol, Ethylhexyl Palmitate, Persea Gratissima Oil, Polysorbate 20, Vinyl Dimethicone, LimnanthesAlba Seed Oil, Camellia Oleifera Seed Oil, Vitis Vinifera Seed Oil, Commiphora Mukul Resin Extract, Kigelia Africana Fruit Extract, Spilanthes Acmella FlowerExtract, Ribes Nigrum Seed Oil, Biosaccharide Gum1, Tocopheryl Acetate, Ascorbyl Tetraisopalmitate, Tocopherol, Ascorbyl Palmitate, Sodium Polyacrylate, Silica, Pentaerythrityl Tetraisostearate, CI 77891, Hydrogenated Polycyclopentadiene, Tetrasodium EDTA, Dipalmitoyl Hydroxyproline, Xanthan Gum, Adenosine, Fragrance, Caramel, Trihydroxystearin, Palmitic Acid, Caprylyl Glycol, Stevioside, Sodium Hyaluronate, Hexylene Glycol, BHT, Phenoxyethanol, Limonene, Citral, Linalool, Benzyl Alcohol",500,21572,0.3,0.0,https://www.sephora.com/product/sugar-lip-serum-advanced-therapy-P387647?icid2=products%20grid:p387647,0.3,120.0
Lip Comfort Oil,Clarins,lip-treatments,26.0,"Polyglyceryl2 IsostearateDimer Dilinoleate Copolymer, Dilinoleic Acid, Simmondsia Chinensi Seed Oil, Corylus Avellan Seed Oil, Helianthus Annuu Seed Oil, Fragrance, Vanillin, TocopheryAcetate, Ammonium GlycyrrhizateLithospermum Erythrorhizon RooExtract, Glycine Soja (SoybeanOil, Diisostearyl Malate, Ci 42090Blue 1 Lake, Bixa Orellana SeeOil, Tocopherol",396,50874,0.1,0.0,https://www.sephora.com/product/instant-light-lip-comfort-oil-P407406?icid2=products%20grid:p407406,0.1,260.0
Le Rouge Perfecto Beautifying Lip Balm,Givenchy,lip-treatments,37.0,"Polyglyceryl2 IsostearateDimer Dilinoleate Copolymer, Dilinoleic Acid, Simmondsia Chinensi Seed Oil, Corylus Avellan Seed Oil, Helianthus Annuu Seed Oil, Fragrance, Vanillin, TocopheryAcetate, Ammonium GlycyrrhizateLithospermum Erythrorhizon RooExtract, Glycine Soja (SoybeanOil, Diisostearyl Malate, Ci 42090Blue 1 Lake, Bixa Orellana SeeOil, Tocopherol",216,35989,0.07,0.0,https://www.sephora.com/product/le-rouge-perfecto-beautifying-lip-balm-P410769?icid2=products%20grid:p410769,0.07,528.5714285714286
GloPRO® Microneedling Facial Regeneration Tool Set,BeautyBio,lip-treatments,249.0,"Hydrogenated Polyisobutene, Ethylene, Butylene, Isohexadecane, Sodium Hyaluronate, Xanthan Gum, Phenoxyethanol, Tripeptide1, Helianthus Annuus Seed Oil, Ethylhexyl Palmitate, Silica Dimethyl Silylate, Butylene Glycol, Pentylene Glycol, Caprylic, Butyrospermum Parkii Butter, Dipotassium Glycyrrhizinate, Collagen, Squalane, Sucralose, Methyl Nicotinate, Tetrahexyldecyl Ascorbate, Natural Flavors, Mica, Titanium Dioxide, Iron Oxides",12,4246,0.0,0.0,https://www.sephora.com/product/give-bigger-kisses-glopro-microneedling-facial-regeneration-tool-set-P442316?icid2=products%20grid:p442316,0.26475735294117664,940.4837948176737
Coconut Lip Glossy,Kopari,lip-treatments,13.0,"Isododecane, Squalane, Cocos Nucifera Oil, Hydrogenated Polyisobutene, Flavor, Sorbitan Oleate, Butyrospermum Parkii Extract, Tocopherol, Glycine Soja Oil, Tocopheryl Acetate",604,38398,0.35,0.0,https://www.sephora.com/product/coconut-lip-love-P416145?icid2=products%20grid:p416145,0.35,37.142857142857146
Kiehl's Lip Balm #1,Kiehl's Since 1851,lip-treatments,10.0,"Isododecane, Squalane, Cocos Nucifera Oil, Hydrogenated Polyisobutene, Flavor, Sorbitan Oleate, Butyrospermum Parkii Extract, Tocopherol, Glycine Soja Oil, Tocopheryl Acetate",143,15007,0.5,0.0,https://www.sephora.com/product/kiehl-s-lip-balm-1-P422258?icid2=products%20grid:p422258,0.5,20.0
The Pout Sparkling Rosé Hyaluronic Acid Collagen Plumping Lip Serum,BeautyBio,lip-treatments,35.0,"Hydrogenated Polyisobutene, Ethylene, Butylene, Isohexadecane, Sodium Hyaluronate, Xanthan Gum, Phenoxyethanol, Tripeptide1, Helianthus Annuus Seed Oil, Ethylhexyl Palmitate, Silica Dimethyl Silylate, Butylene Glycol, Pentylene Glycol, Caprylic, Butyrospermum Parkii Butter, Dipotassium Glycyrrhizinate, Collagen, Squalane, Sucralose, Methyl Nicotinate, Tetrahexyldecyl Ascorbate, Natural Flavors, Mica, Titanium Dioxide, Iron Oxides",39,6681,0.5,0.0,https://www.sephora.com/product/the-pout-sparkling-rose-hyaluronic-acid-collagen-plumping-lip-serum-P438635?icid2=products%20grid:p438635,0.5,70.0
Say It Jelly Shot,INC.redible,lip-treatments,10.0,"Polybutene, Caprylic, Isononyl Isononanoate, Hydroxystearic Acid, Pentaerythrityl Tetraisostearate, Isostearyl Alcohol, Ethylhexyl Palmitate, Tocopheryl Acetate, Persea Gratissima Oil",13,3836,0.134,0.0,https://www.sephora.com/product/say-it-jelly-shot-P442247?icid2=products%20grid:p442247,0.134,74.62686567164178
Mini Lip Fetish Lip Balm Trio,PAT McGRATH LABS,lip-treatments,25.0,"Polybutene, Caprylic, Triisodecyl Trimellitate, Aluminum Starch Octenylsuccinate, Polyethylene, Beeswax, Dimethicone, Diisostearyl Malate, Dimethicone, Polyhydroxystearic Acid, Dicalcium Phosphate, Butyrospermum Parkii Butter, Pentaerythrityl Tetraditbutyl Hydroxyhydrocinnamate, Tocopheryl Acetate, Mica, Flavor, Yellow 5 Lake, Red 28 Lake, Red 7 Lake, Red 6, Blue 1 Lake, Manganese Violet, Iron Oxides",129,20127,0.0,0.0,https://www.sephora.com/product/lust-mini-lip-fetish-lip-balm-trio-P446893?icid2=products%20grid:p446893,0.26475735294117664,94.42608381703552
Rosebud Salve in a Tube,Rosebud Perfume Co.,lip-treatments,7.0,"Cotton Seed Oil, Aromol, Essential Oils, Petrolatum Base",2000,47841,0.5,0.0,https://www.sephora.com/product/rosebud-salve-in-a-tube-P266126?icid2=products%20grid:p266126,0.5,14.0
Sugar Mint Rush Freshening Lip Treatment,Fresh,lip-treatments,24.0,"Cotton Seed Oil, Aromol, Essential Oils, Petrolatum Base",429,17976,0.15,0.0,https://www.sephora.com/product/sugar-lip-treatment-mint-rush-P442003?icid2=products%20grid:p442003,0.15,160.0
Ultra Repair Lip Therapy,First Aid Beauty,lip-treatments,12.0,"Diisostearyl Malate, Cera Microcristallina, Simmondsia Chinensis Seed Oil, Butyrospermum Parkii Butter, Vitis Vinifera Seed Oil, Copernicia Cerifera Cera Wax, Glyceryl Diisostearate, Dimethicone, Aroma, Glycerin, Triisostearin, Isostearyl Alcohol, Avena Sativa Kernal Flour, Hyaluronic Acid, Malic Acid, Allantoin, Squalane, Tocopherol, Glycine Soja Oil, Aqua, Chrysanthemum Parthenium Extract, Glycyrrhiza Glabra Root Extract, Camellia Sinensis Leaf Extract, Leuconostoc, Phenoxyethanol, EDTA, Citral, Limonene",837,26625,0.5,0.0,https://www.sephora.com/product/ultra-repair-lip-therapy-P293008?icid2=products%20grid:p293008,0.5,24.0
Repairwear™ Intensive Lip Treatment,CLINIQUE,lip-treatments,31.0,"Diisostearyl Malate, Cera Microcristallina, Simmondsia Chinensis Seed Oil, Butyrospermum Parkii Butter, Vitis Vinifera Seed Oil, Copernicia Cerifera Cera Wax, Glyceryl Diisostearate, Dimethicone, Aroma, Glycerin, Triisostearin, Isostearyl Alcohol, Avena Sativa Kernal Flour, Hyaluronic Acid, Malic Acid, Allantoin, Squalane, Tocopherol, Glycine Soja Oil, Aqua, Chrysanthemum Parthenium Extract, Glycyrrhiza Glabra Root Extract, Camellia Sinensis Leaf Extract, Leuconostoc, Phenoxyethanol, EDTA, Citral, Limonene",246,11577,0.14,0.0,https://www.sephora.com/product/repairwear-intensive-lip-treatment-P122782?icid2=products%20grid:p122782,0.14,221.42857142857144
Squalane+ Rose Vegan Lip Balm,Biossance,lip-treatments,18.0,"Diisostearyl Malate, Ricinus Communis Seed Oil, Capryloyl Glycerin, Hydroxystearic, BisDiglyceryl Polyacyladipate2, Myristic, Squalane, Ceramide NP, Hydrogenated Castor Oil, Caprylic, Tetrahexyldecyl Ascorbate, Sodium Hyaluronate, Dextrin Palmitate, Rosa Damascena Flower Extract, Undaria Pinnatifida Extract, Citronellol, Geraniol, Citral",186,15331,0.35,0.0,https://www.sephora.com/product/squalane-rose-vegan-lip-balm-P448210?icid2=products%20grid:p448210,0.35,51.42857142857143
Sugar Lemon Hydrating Lip Balm,Fresh,lip-treatments,18.0,"Isononyl Isononanoate, C1030 Cholesterol, BisDiglyceryl Polyacyladipate2, Cera Microcristallina, Polybutene, Ethylene, Glyceryl Behenate, Prunus Armeniaca Kernel Oil, Butylene, Ribes Nigrum Seed Oil, Vitis Vinifera Seed Oil, Sucrose Tetrastearate Triacetate, Tocopherol, Ascorbyl Palmitate, Silica Silylate, Parfum, BHT, Ammonium Glycyrrhizate, CI 77891, Polyglyceryl2 Triisostearate, Vanillin, Trimethylolpropane Triisostearate, CI 77492, Aqua, CI 19140, CI 42090, CI 15850, Propyl Gallate, Phenoxyethanol, Limonene, Benzyl Alcohol, Citral, Linalool",157,19926,0.21,0.0,https://www.sephora.com/product/sugar-lemon-hydrating-lip-balm-P443827?icid2=products%20grid:p443827,0.21,85.71428571428572
Lip Balm,Mario Badescu,lip-treatments,8.0,"Isononyl Isononanoate, C1030 Cholesterol, BisDiglyceryl Polyacyladipate2, Cera Microcristallina, Polybutene, Ethylene, Glyceryl Behenate, Prunus Armeniaca Kernel Oil, Butylene, Ribes Nigrum Seed Oil, Vitis Vinifera Seed Oil, Sucrose Tetrastearate Triacetate, Tocopherol, Ascorbyl Palmitate, Silica Silylate, Parfum, BHT, Ammonium Glycyrrhizate, CI 77891, Polyglyceryl2 Triisostearate, Vanillin, Trimethylolpropane Triisostearate, CI 77492, Aqua, CI 19140, CI 42090, CI 15850, Propyl Gallate, Phenoxyethanol, Limonene, Benzyl Alcohol, Citral, Linalool",75,10734,0.35,0.0,https://www.sephora.com/product/mario-badescu-lip-balm-P440503?icid2=products%20grid:p440503,0.35,22.857142857142854
Rosebud Salve,Rosebud Perfume Co.,lip-treatments,7.0,"Pure White Petrolatum, Cotton Seed Oil, Trade Secret Blend of Essential Oils, Botanicals",4000,61961,0.8,0.0,https://www.sephora.com/product/rosebud-salve-P42204?icid2=products%20grid:p42204,0.8,8.75
Je Ne Sais Quoi Hydrating Lip Balm Treatment,IT Cosmetics,lip-treatments,25.0,"Polybutene, Hydrogenated Polyisobutene, Octyldodecanol, Beeswax, Ozokerite, Trihydroxystearin, Polyethylene, Ricinus Communis Seed Oil, Ethylhexyl Palmitate, Tribehenin, Sorbitan Isostearate, Palmitoyl Tripeptide1, Pentaerythrityl TetraDiTButyl Hydroxyhydrocinnamate, Carthamus Tinctorius Seed Oil, Tocopheryl Acetate, Tocopherol, Retinyl Palmitate, Ascorbyl Palmitate, Butyrospermum Parkii Butter, Prunus Domestica Seed Oil, Prunus Cerasus Oil, Argania Spinosa Kernel Oil, Vitis Vinifera Seed Extract, Punica Granatum Extract, Camellia Oleifera Leaf Extract, Aloe Barbadensis Leaf Extract, Camellia Sinensis Leaf Extract, Silica Dimethyl Silyate, Butylene Glycol, Hyaluronic Acid, Citric Acid, Cholesteryl Oleyl Carbonate, Cholesteryl Nonanoate, Cholesteryl Chloride, Lonicera Caprifolium Flower Extract, Lonicera Japonica Flower Extract, Simmondsia Chinensis Seed Oil",182,15959,0.11,0.0,https://www.sephora.com/product/je-ne-sais-quoi-hydrating-color-awakening-lip-treatment-P411395?icid2=products%20grid:p411395,0.11,227.27272727272728
Glimmer Balm,Winky Lux,lip-treatments,16.0,"Polybutene, Hydrogenated Polyisobutene, Octyldodecanol, Beeswax, Ozokerite, Trihydroxystearin, Polyethylene, Ricinus Communis Seed Oil, Ethylhexyl Palmitate, Tribehenin, Sorbitan Isostearate, Palmitoyl Tripeptide1, Pentaerythrityl TetraDiTButyl Hydroxyhydrocinnamate, Carthamus Tinctorius Seed Oil, Tocopheryl Acetate, Tocopherol, Retinyl Palmitate, Ascorbyl Palmitate, Butyrospermum Parkii Butter, Prunus Domestica Seed Oil, Prunus Cerasus Oil, Argania Spinosa Kernel Oil, Vitis Vinifera Seed Extract, Punica Granatum Extract, Camellia Oleifera Leaf Extract, Aloe Barbadensis Leaf Extract, Camellia Sinensis Leaf Extract, Silica Dimethyl Silyate, Butylene Glycol, Hyaluronic Acid, Citric Acid, Cholesteryl Oleyl Carbonate, Cholesteryl Nonanoate, Cholesteryl Chloride, Lonicera Caprifolium Flower Extract, Lonicera Japonica Flower Extract, Simmondsia Chinensis Seed Oil",80,13191,0.13,0.0,https://www.sephora.com/product/glimmer-balm-P436015?icid2=products%20grid:p436015,0.13,123.07692307692308
Peach Lip Scrub - Peaches and Cream Collection,Too Faced,lip-treatments,18.0,"Sucrose, Petrolatum, Simmondsia Chinensis Seed Oil, Butyrospermum Parkii Butter, Vitis Vinifera Seed Oil, Oryza Sativa Bran Extract, Phenoxyethanol, Ethylene, Butylene, BHT, Helianthus Annuus Seed Oil, Cocos Nucifera Oil, Ricinus Communis Seed Oil, Hydroxystearic, Tocopheryl Acetate, Flavor, Carthamus Tinctorius Seed Oil, Rosmarinus Officinalis Leaf Extract, Tocopherol, Prunus Persica Fruit Extract, Propylene Glycol Dicaprylate, Ficus Carica Fruit Extract, Potassium Sorbate, Xanthan Gum, Yellow 6, Red 33",108,16429,0.51,0.0,https://www.sephora.com/product/peach-lip-scrub-P435336?icid2=products%20grid:p435336,0.51,35.29411764705883
Chubby Stick Intense Moisturizing Lip Colour Balm,CLINIQUE,lip-treatments,18.5,"Sucrose, Petrolatum, Simmondsia Chinensis Seed Oil, Butyrospermum Parkii Butter, Vitis Vinifera Seed Oil, Oryza Sativa Bran Extract, Phenoxyethanol, Ethylene, Butylene, BHT, Helianthus Annuus Seed Oil, Cocos Nucifera Oil, Ricinus Communis Seed Oil, Hydroxystearic, Tocopheryl Acetate, Flavor, Carthamus Tinctorius Seed Oil, Rosmarinus Officinalis Leaf Extract, Tocopherol, Prunus Persica Fruit Extract, Propylene Glycol Dicaprylate, Ficus Carica Fruit Extract, Potassium Sorbate, Xanthan Gum, Yellow 6, Red 33",573,30129,0.1,0.0,https://www.sephora.com/product/chubby-stick-intense-moisturizing-lip-colour-balm-P377218?icid2=products%20grid:p377218,0.1,185.0
Matcha Lip Balm,Winky Lux,lip-treatments,16.0,"Sucrose, Petrolatum, Simmondsia Chinensis Seed Oil, Butyrospermum Parkii Butter, Vitis Vinifera Seed Oil, Oryza Sativa Bran Extract, Phenoxyethanol, Ethylene, Butylene, BHT, Helianthus Annuus Seed Oil, Cocos Nucifera Oil, Ricinus Communis Seed Oil, Hydroxystearic, Tocopheryl Acetate, Flavor, Carthamus Tinctorius Seed Oil, Rosmarinus Officinalis Leaf Extract, Tocopherol, Prunus Persica Fruit Extract, Propylene Glycol Dicaprylate, Ficus Carica Fruit Extract, Potassium Sorbate, Xanthan Gum, Yellow 6, Red 33",37,14191,0.13,0.0,https://www.sephora.com/product/matcha-lip-balm-P436014?icid2=products%20grid:p436014,0.13,123.07692307692308
Sugar Wonder Drops Lip Primer,Fresh,lip-treatments,26.0,"Glycerin, Xanthan Gum, Polysorbate 20, Vaccinium Myrtillus FruitExtract, Saccharum Officinarum Extract, Citrus Aurantium Dulcis Fruit Extract, Citrus Limon Fruit Extract, Hibiscus Sabdariffa Flower Extract, Acer Saccharum Extract, Tocopherol, Diglycerin, Maltitol, Pentylene Glycol, Tetrasodium EDTA, Fragrance, Stevioside, Vanillin, Hyaluronic Acid, Phenoxyethanol, Limonene, Citral, Benzyl Alcohol, Linalool",134,16573,0.16,0.0,https://www.sephora.com/product/sugar-wonder-drops-lip-primer-P433983?icid2=products%20grid:p433983,0.16,162.5
Liplift Lip Primer,Guerlain,lip-treatments,37.0,"Glycerin, Xanthan Gum, Polysorbate 20, Vaccinium Myrtillus FruitExtract, Saccharum Officinarum Extract, Citrus Aurantium Dulcis Fruit Extract, Citrus Limon Fruit Extract, Hibiscus Sabdariffa Flower Extract, Acer Saccharum Extract, Tocopherol, Diglycerin, Maltitol, Pentylene Glycol, Tetrasodium EDTA, Fragrance, Stevioside, Vanillin, Hyaluronic Acid, Phenoxyethanol, Limonene, Citral, Benzyl Alcohol, Linalool",319,8786,0.11,0.0,https://www.sephora.com/product/liplift-lip-primer-P190247?icid2=products%20grid:p190247,0.11,336.3636363636364
Essential Lip Enhancer Balm,Jouer Cosmetics,lip-treatments,16.0,"Polyisobutene, Octyldodecyl Stearoyl Stearate, Simmondsia Chinensis Seed Oil, Cera Alba, Butyrospermum Parkii Butter, Ethylhexyl Methoxycinnamate, Ethylhexyl Palmitate, Tocopheryl Acetate, Tribehenin, Palmitoyl Oligopeptide, Ricinus Communis Seed Oil, Hydrogenated Soybean Oil, Ozokerite, Sorbitan Isostearate, Triacetin, Trihydroxystearin, Phenoxyethanol, Flavor, AlphaIsomethyl Ionone, Citronellol, Geraniol, Titanium Dioxide, Red 7 Lake, Yellow 5 Lake",196,12429,0.33,0.0,https://www.sephora.com/product/essential-lip-enhancer-balm-P434016?icid2=products%20grid:p434016,0.33,48.48484848484848
Lip Conditioner,Caudalie,lip-treatments,12.0,"Polyisobutene, Octyldodecyl Stearoyl Stearate, Simmondsia Chinensis Seed Oil, Cera Alba, Butyrospermum Parkii Butter, Ethylhexyl Methoxycinnamate, Ethylhexyl Palmitate, Tocopheryl Acetate, Tribehenin, Palmitoyl Oligopeptide, Ricinus Communis Seed Oil, Hydrogenated Soybean Oil, Ozokerite, Sorbitan Isostearate, Triacetin, Trihydroxystearin, Phenoxyethanol, Flavor, AlphaIsomethyl Ionone, Citronellol, Geraniol, Titanium Dioxide, Red 7 Lake, Yellow 5 Lake",1000,19263,0.15,0.0,https://www.sephora.com/product/lip-conditioner-P6034?icid2=products%20grid:p6034,0.15,80.0
Clean Berry Lip Mask,Primera,lip-treatments,20.0,"Polyisobutene, Octyldodecyl Stearoyl Stearate, Simmondsia Chinensis Seed Oil, Cera Alba, Butyrospermum Parkii Butter, Ethylhexyl Methoxycinnamate, Ethylhexyl Palmitate, Tocopheryl Acetate, Tribehenin, Palmitoyl Oligopeptide, Ricinus Communis Seed Oil, Hydrogenated Soybean Oil, Ozokerite, Sorbitan Isostearate, Triacetin, Trihydroxystearin, Phenoxyethanol, Flavor, AlphaIsomethyl Ionone, Citronellol, Geraniol, Titanium Dioxide, Red 7 Lake, Yellow 5 Lake",492,6352,0.59,0.0,https://www.sephora.com/product/primera-clean-berry-lip-mask-P447189?icid2=products%20grid:p447189,0.59,33.898305084745765
Sugar Lip Masterpiece Gift Set,Fresh,lip-treatments,178.0,"Sucrose, Simmondsia Chinensis Seed Oil, Isononyl Isononanoate, Hydrogenated Castor Oil, Molasses, Ethylene, Fragrance, Silica, Butyrospermum Parkii, Limnanthes Alba Seed Oil, Vitis Vinifera Seed Oil, Tocopheryl Acetate, Butylene, BHT, Citric Acid, Phenoxyethanol, Limonene, Citral, Benzyl Alcohol",1,1705,0.0,0.0,https://www.sephora.com/product/sugar-lip-masterpiece-gift-set-P449898?icid2=products%20grid:p449898,0.26475735294117664,672.3137167772928
Shine On Lip Screen Broad Spectrum SPF 50,Supergoop!,lip-treatments,22.0,"Hydrogenated Polyisobutene, Butyloctyl Salicylate, Polyester7, Diisopropyl Sebacate, Isodecyl Neopentanoate, Lauryl Lactate, Neopentyl Glycol Diheptanoate, Polyester8, Tribehenin, Phenoxyethanol, Trihydroxystearin, Menthone Glycerin Acetal, Diethylhexyl Syringylidenemalonate, Polybutene, Tocopheryl Acetate, Polysilicone15, Octyldodecanol, Elaeis Guineensis Oil, Benzoic Acid, Tocotrienols, Helianthus Annuus Seed Oil, Dehydroacetic Acid, Tocopherol, Caprylic, BHT, Vitis Vinifera Seed Extract, Laminaria Ochroleuca Extract",60,6984,0.14,0.0,https://www.sephora.com/product/shine-on-lip-screen-broad-spectrum-spf-50-P408264?icid2=products%20grid:p408264,0.14,157.14285714285714
Sugar Peach Hydrating Lip Balm,Fresh,lip-treatments,18.0,"Isononyl Isononanoate, C1030 Cholesterol, BisDiglyceryl Polyacyladipate2, Cera Microcristallina, Polybutene, Ethylene, Glyceryl Behenate, Prunus Armeniaca Kernel Oil, Butylene, Ribes Nigrum Seed Oil, Vitis Vinifera Seed Oil, Sucrose Tetrastearate Triacetate, Tocopherol, Ascorbyl Palmitate, Parfum, Silica Silylate, CI 77891, BHT, Ammonium Glycyrrhizate, Polyglyceryl2 Triisostearate, Trimethylolpropane Triisostearate, CI19140, CI 15985, CI 15850, Propyl Gallate, Phenoxyethanol, Linalool",71,9870,0.21,0.0,https://www.sephora.com/product/sugar-peach-hydrating-lip-balm-P443828?icid2=products%20grid:p443828,0.21,85.71428571428572
Clutch Sized Soleil Neige Lip Balm,TOM FORD,lip-treatments,36.0,"Isononyl Isononanoate, C1030 Cholesterol, BisDiglyceryl Polyacyladipate2, Cera Microcristallina, Polybutene, Ethylene, Glyceryl Behenate, Prunus Armeniaca Kernel Oil, Butylene, Ribes Nigrum Seed Oil, Vitis Vinifera Seed Oil, Sucrose Tetrastearate Triacetate, Tocopherol, Ascorbyl Palmitate, Parfum, Silica Silylate, CI 77891, BHT, Ammonium Glycyrrhizate, Polyglyceryl2 Triisostearate, Trimethylolpropane Triisostearate, CI19140, CI 15985, CI 15850, Propyl Gallate, Phenoxyethanol, Linalool",6,2845,0.07,0.0,https://www.sephora.com/product/clutch-sized-soleil-neige-lip-balm-P450539?icid2=products%20grid:p450539,0.07,514.2857142857142
Dior Addict Lip Sugar Scrub,Dior,lip-treatments,34.0,"Polyglyceryl2 Triisostearate, Caprylic, Synthetic Beeswax, Phytosteryl, Dimer Dilinoleyl Dimer Dilinoleate, Mangifera Indica Seed Butter, Sucrose, Cera Microcristallina, Polyethylene, C2040 Alcohols, Ethylhexyl Palmitate, Decyloxazolidinone, Parfum, Luffa Cylindrica Seed Oil, Vanillin, Diisostearyl Malate, Trimethylolpropane Triisostearate, Bht, Tocopherol, Benzyl Alcohol, Limonene, Propyl Gallate, ",152,15056,0.12,0.0,https://www.sephora.com/product/dior-addict-lip-sugar-scrub-P416366?icid2=products%20grid:p416366,0.12,283.33333333333337
Mood Balm Color Changing Lip Moisturizer,Kaja,lip-treatments,14.0,"Diisostearyl Malate, Polybutene, Pentaerythrityl Tetraisostearate, Squalene, Cera Microcristallina, Dipentaerythrityl Tetrahydroxystearate, Diglyceryl Sebacate, Octyldodecanol, Cetyl Ricinoleate, Phytosteryl, Paraffin, Polyethylene, Synthetic Wax, Silica Dimethyl Silylate, Ethylene, Red 27, Iron Oxides, Polyglyceryl2 Triisostearate, Caprylyl Glycol, Fragrance, Glyceryl Caprylate, Blue 1 Lake, Ricinus Communis Seed Oil, Pentaerythrityl Tetraditbutyl Hydroxyhydrocinnamate",128,18541,0.15,0.0,https://www.sephora.com/product/mood-balm-color-changing-lip-moisturizer-P436157?icid2=products%20grid:p436157,0.15,93.33333333333334
Essential Lip Enhancer Shine Balm,Jouer Cosmetics,lip-treatments,18.0,"Diisostearyl Malate, Polybutene, Pentaerythrityl Tetraisostearate, Squalene, Cera Microcristallina, Dipentaerythrityl Tetrahydroxystearate, Diglyceryl Sebacate, Octyldodecanol, Cetyl Ricinoleate, Phytosteryl, Paraffin, Polyethylene, Synthetic Wax, Silica Dimethyl Silylate, Ethylene, Red 27, Iron Oxides, Polyglyceryl2 Triisostearate, Caprylyl Glycol, Fragrance, Glyceryl Caprylate, Blue 1 Lake, Ricinus Communis Seed Oil, Pentaerythrityl Tetraditbutyl Hydroxyhydrocinnamate",74,10566,0.14,0.0,https://www.sephora.com/product/essential-lip-enhancer-shine-balm-P448510?icid2=products%20grid:p448510,0.14,128.57142857142856
Essential Lip Care Duo,Jouer Cosmetics,lip-treatments,25.0,"Polyisobutene, Octyldodecyl Stearoyl Stearate, Simmondsia Chinensis Seed Oil, Cera Alba, Butyrospermum Parkii Butter, Ethylhexyl Methoxycinnamate, Ethylhexyl Palmitate, Tocopheryl Acetate, Tribehenin, Palmitoyl Oligopeptide, Ricinus Communis Seed Oil, Hydrogenated Soybean Oil, Ozokerite, Sorbitan Isostearate, Triacetin, Trihydroxystearin, Phenoxyethanol, Flavor, AlphaIsomethyl Ionone, Citronellol, Geraniol, CI 77891, CI 15850, CI 19140",9,2096,0.0,0.0,https://www.sephora.com/product/essential-lip-care-duo-P451644?icid2=products%20grid:p451644,0.26475735294117664,94.42608381703552
Burst Hydrating Lip Oil,Ciaté London,lip-treatments,16.0,"Polyisobutene, Octyldodecyl Stearoyl Stearate, Simmondsia Chinensis Seed Oil, Cera Alba, Butyrospermum Parkii Butter, Ethylhexyl Methoxycinnamate, Ethylhexyl Palmitate, Tocopheryl Acetate, Tribehenin, Palmitoyl Oligopeptide, Ricinus Communis Seed Oil, Hydrogenated Soybean Oil, Ozokerite, Sorbitan Isostearate, Triacetin, Trihydroxystearin, Phenoxyethanol, Flavor, AlphaIsomethyl Ionone, Citronellol, Geraniol, CI 77891, CI 15850, CI 19140",46,8251,0.0,0.0,https://www.sephora.com/product/watermelon-burst-hydrating-lip-oil-P446307?icid2=products%20grid:p446307,0.26475735294117664,60.43269364290275
Overnight Conditioning & Repairing Lip Mask,Jouer Cosmetics,lip-treatments,20.0,"Polyisobutene, Octyldodecyl Stearoyl Stearate, Simmondsia Chinensis Seed Oil, Cera Alba, Butyrospermum Parkii Butter, Ethylhexyl Methoxycinnamate, Ethylhexyl Palmitate, Tocopheryl Acetate, Tribehenin, Palmitoyl Oligopeptide, Ricinus Communis Seed Oil, Hydrogenated Soybean Oil, Ozokerite, Sorbitan Isostearate, Triacetin, Trihydroxystearin, Phenoxyethanol, Flavor, AlphaIsomethyl Ionone, Citronellol, Geraniol, CI 77891, CI 15850, CI 19140",22,4127,0.7,0.0,https://www.sephora.com/product/overnight-conditioning-repairing-lip-mask-P441026?icid2=products%20grid:p441026,0.7,28.57142857142857
No Makeup Lipstick Broad Spectrum SPF 15,Perricone MD,lip-treatments,30.0,"Simmondsia Chinensis Seed Oil, Octyldodecanol, Polyglyceryl2 Diisostearate, Tridecyl Trimellitate, Polyethylene, Synthetic Wax, VP, Mango Butter Dimer Dilinoleyl Esters, Beeswax, Silica, C1030 Cholesterol, Ethylene, Ozokerite, Vanillin, Ethylhexyl Palmitate, Iron Oxides, Titanium Dioxide, Tocopheryl Acetate, Argania Spinosa Kernel Oil, Crambe Abyssinica Seed Oil, Butylene, Glyceryl Isostearate Tribehenin, Polyhydroxystearic Acid, Nylon12, Red 7 Lake, Sorbitan Isostearate, Bisabolol, Sodium Hyaluronate, Isopropyl Titanium Triisostearate, Red 27, Simethicone, Dimethyl MEA, Tocotrienols, Palmitoyl Oligopeptide, Palmitoyl Tripeptide5",646,12325,0.15,0.0,https://www.sephora.com/product/no-lipstick-lipstick-spf-15-P386606?icid2=products%20grid:p386606,0.15,200.0
Rose Lip Conditioner,AERIN,lip-treatments,30.0,"Simmondsia Chinensis Seed Oil, Octyldodecanol, Polyglyceryl2 Diisostearate, Tridecyl Trimellitate, Polyethylene, Synthetic Wax, VP, Mango Butter Dimer Dilinoleyl Esters, Beeswax, Silica, C1030 Cholesterol, Ethylene, Ozokerite, Vanillin, Ethylhexyl Palmitate, Iron Oxides, Titanium Dioxide, Tocopheryl Acetate, Argania Spinosa Kernel Oil, Crambe Abyssinica Seed Oil, Butylene, Glyceryl Isostearate Tribehenin, Polyhydroxystearic Acid, Nylon12, Red 7 Lake, Sorbitan Isostearate, Bisabolol, Sodium Hyaluronate, Isopropyl Titanium Triisostearate, Red 27, Simethicone, Dimethyl MEA, Tocotrienols, Palmitoyl Oligopeptide, Palmitoyl Tripeptide5",362,16180,0.34,0.0,https://www.sephora.com/product/rose-lip-conditioner-P398965?icid2=products%20grid:p398965,0.34,88.23529411764706
Hyaluronic Marine Collagen Lip Cushion,Dr. Dennis Gross Skincare,lip-treatments,30.0,"Dimethicone, Glycerin, Prunus Armeniaca Kernel Oil, Cetearyl Alcohol, Sodium Hyaluronate, Ceteareth20, Theobroma Cacao Seed Butter, Hydroxyethyl Urea, Linum Usitatissimum Seed Oil, Borago Officinalis Seed Oil, Polysorbate 60, Collagen Amino Acids, Disodium Acetyl Glucosamine Phosphate, Sodium Glucuronate, Sea Whip Extract, Centella Asiatica Meristem Cell, Rhodiola Rosea Root Extract, Saccharide Isomerate, Oenothera Biennis Oil, Glycine Soja Seed Extract, Proline, Mannitol, Caffeine, Palmitoyl Tripeptide5, Hydrolyzed Sodium Hyaluronate, Silica Dimethyl Silylate, Tocopheryl Acetate, PCA, Sodium PCA, Magnesium Sulfate, Histidine, Phenylalanine, Isoleucine, Threonine, Valine, Serine, Alanine, Aspartic Acid, Arginine, Glycolic Acid, Lactic Acid, Caprylic, Ethylhexylglycerin, Carbomer, Inulin Lauryl Carbamate, Xanthan Gum, Glycine, Tromethamine, Sodium Lactate, Cyclodextrin, Citrus Aurantium Dulcis Oil, Phenoxyethanol",214,6335,0.3,0.0,https://www.sephora.com/product/hyaluronic-marine-collagen-lip-cushion-P436332?icid2=products%20grid:p436332,0.3,100.0
My Lip Balm,innisfree,lip-treatments,10.0,"Dimethicone, Glycerin, Prunus Armeniaca Kernel Oil, Cetearyl Alcohol, Sodium Hyaluronate, Ceteareth20, Theobroma Cacao Seed Butter, Hydroxyethyl Urea, Linum Usitatissimum Seed Oil, Borago Officinalis Seed Oil, Polysorbate 60, Collagen Amino Acids, Disodium Acetyl Glucosamine Phosphate, Sodium Glucuronate, Sea Whip Extract, Centella Asiatica Meristem Cell, Rhodiola Rosea Root Extract, Saccharide Isomerate, Oenothera Biennis Oil, Glycine Soja Seed Extract, Proline, Mannitol, Caffeine, Palmitoyl Tripeptide5, Hydrolyzed Sodium Hyaluronate, Silica Dimethyl Silylate, Tocopheryl Acetate, PCA, Sodium PCA, Magnesium Sulfate, Histidine, Phenylalanine, Isoleucine, Threonine, Valine, Serine, Alanine, Aspartic Acid, Arginine, Glycolic Acid, Lactic Acid, Caprylic, Ethylhexylglycerin, Carbomer, Inulin Lauryl Carbamate, Xanthan Gum, Glycine, Tromethamine, Sodium Lactate, Cyclodextrin, Citrus Aurantium Dulcis Oil, Phenoxyethanol",85,17471,0.52,0.0,https://www.sephora.com/product/my-lip-balm-P449868?icid2=products%20grid:p449868,0.52,19.23076923076923
SEA Lip Facial Lip Scrub,tarte,lip-treatments,16.0,"Polybutene, Microcrystalline Cellulose, Octyldodecanol, Polyethylene, Tridecyl Trimellitate, Hydrogenated Polyisobutene, Sucrose, BisDiglyceryl Polyacyladipate2, Pentaerythrityl Tetraisostearate, Butyrospermum Parkii Butter, Dipentaerythrityl Hexahydroxystearate, Cellulose Gum, Beeswax, Cera Carnauba, Microcrystalline Wax, Sodium Saccharin, Menthone Glycerin Acetal, Mentha Piperita Oil, Cocos Nucifera Oil, Limonene, Algae Extract, Gardenia Taitensis Flower, Tocopherol",287,25749,0.1,0.0,https://www.sephora.com/product/sea-lip-facial-lip-scrub-P409984?icid2=products%20grid:p409984,0.1,160.0
Mindful 5 Nourishing Lip Oil,Smashbox,lip-treatments,18.0,Apricot Oil,572,3747,0.0,0.0,https://www.sephora.com/product/smashbox-mindful-5-nourishing-lip-oil-P453267?icid2=products%20grid:p453267,0.26475735294117664,67.98678034826557
Lip Service 3-In-1 Lip Serum,Naturally Serious,lip-treatments,16.0,Apricot Oil,47,3768,0.5,0.0,https://www.sephora.com/product/lip-service-3-in-1-lip-serum-P433977?icid2=products%20grid:p433977,0.5,32.0
Hydrating Lip Balm,TOM FORD,lip-treatments,29.0,Apricot Oil,17,2576,0.34,0.0,https://www.sephora.com/product/hydrating-lip-balm-P411716?icid2=products%20grid:p411716,0.34,85.29411764705881
Lip Retreat Oil,Wander Beauty,lip-treatments,22.0,"Polyisobutene, Caprylic, Diisostearyl Malate, Hydrogenated Polyisobutene, Dimer Dilinoleyl Dimer Dilinoleate, 12Hexanediol, Silica Dimethyl Silylate, Ethylhexylglycerin, Rosa Canina Fruit Oil, Prunus Armeniaca Kernel Oil, Persea Gratissima Oil, Tocopheryl Acetate, Niacinamide, Sodium Hyaluronate, Phenoxyethanol May Contain : Titanium Dioxide, Iron Oxides, Iron Oxides, Iron Oxides, Red 7 Lake, Red 6 Lake",54,7171,0.0,0.0,https://www.sephora.com/product/lip-retreat-oil-P444141?skuId=2230415&icid2=products%20grid:p444141,0.26475735294117664,83.09495375899125
Unicorn Antioxidant Lip Mask,FARSÁLI,lip-treatments,20.0,"Ricinus Communis Seed Oil, Octyldodecanol, BisDiglyceryl Polyacyladipate2, Microcrystalline Wax, Octyldodecyl Stearoyl Stearate, Hydrogenated Castor Oil, Euterpe Oleracea Fruit Extract, Lycium Barbarum Fruit Extract, Sambucus Nigra Fruit Extract, Vaccinium Corymbosum Fruit Extract, Lactobacillus Ferment, Tocopheryl Acetate, Stevia Rebaudiana Leaf, Glycerin, Ethyl Vanillin, Phenoxyethanol May contain : Red 27 Al lake, Red 7 Lake",122,14816,0.2,0.0,https://www.sephora.com/product/unicorn-antioxidant-lip-mask-P449087?icid2=products%20grid:p449087,0.2,100.0
KUSH Lip Glaze,MILK MAKEUP,lip-treatments,18.0,"Ricinus Communis Seed Oil, Octyldodecanol, BisDiglyceryl Polyacyladipate2, Microcrystalline Wax, Octyldodecyl Stearoyl Stearate, Hydrogenated Castor Oil, Euterpe Oleracea Fruit Extract, Lycium Barbarum Fruit Extract, Sambucus Nigra Fruit Extract, Vaccinium Corymbosum Fruit Extract, Lactobacillus Ferment, Tocopheryl Acetate, Stevia Rebaudiana Leaf, Glycerin, Ethyl Vanillin, Phenoxyethanol May contain : Red 27 Al lake, Red 7 Lake",206,21624,0.45,0.0,https://www.sephora.com/product/kush-lip-glaze-P440644?icid2=products%20grid:p440644,0.45,40.0
Hydrating Lip Peel,StackedSkincare,lip-treatments,28.0,"Carbomer, Aminomethyl Propanediol, Saccharum Officinarum Extract, Pyrus Malus Fruit Extract, Citrus Aurantium Dulcis Fruit Extract, Citrus, Limon Fruit Extract, Lactic Acid, Glycolic Acid, Glycerin, Caprylhydroxamic Acid, Glyceryl Caprylate, Camellia Oleifera Leaf Extract",45,2296,0.17,0.0,https://www.sephora.com/product/hydrating-lip-peel-P446907?icid2=products%20grid:p446907,0.17,164.70588235294116
Strawberry Lip Balm,Rosebud Perfume Co.,lip-treatments,8.0,"Pure White Petrolatum, Lanolin, White Beeswax, Trade Secret Strawberry Flavor",2000,29725,0.8,0.0,https://www.sephora.com/product/strawberry-lip-balm-P42205?icid2=products%20grid:p42205,0.8,10.0
Pout Prep Lip Exfoliant,tarte,lip-treatments,16.0,"Sucrose, Ricinus Communis Seed Oil, Helianthus Annuus Seed Oil, Cera Alba, Flavor, Butyrospermum Parkii Butter, Cera Carnauba, Hydrogenated Castor Oil, Caprylyl Glycol, Passiflora Edulis Seed Oil, Tocopheryl Acetate",160,20018,0.6,0.0,https://www.sephora.com/product/pout-prep-lip-exfoliant-P420230?icid2=products%20grid:p420230,0.6,26.66666666666667
Coconut Lip Scrubby,Kopari,lip-treatments,16.0,"Sucrose, Ricinus Communis Seed Oil, Helianthus Annuus Seed Oil, Cera Alba, Flavor, Butyrospermum Parkii Butter, Cera Carnauba, Hydrogenated Castor Oil, Caprylyl Glycol, Passiflora Edulis Seed Oil, Tocopheryl Acetate",26,5754,0.35,0.0,https://www.sephora.com/product/coconut-lip-scrubby-P436093?icid2=products%20grid:p436093,0.35,45.714285714285715
Menthol And Eucalyptus Lip Balm,Rosebud Perfume Co.,lip-treatments,7.0,"Petrolatum, Blend of Menthol, Eucalyptus, Camphor",308,13568,0.5,0.0,https://www.sephora.com/product/menthol-eucalyptus-lip-balm-P392239?icid2=products%20grid:p392239,0.5,14.0
All Natural Infused Lip Mask- 5 Pack,KNC Beauty,lip-treatments,25.0,"Deionized Glycerin, Collagen, Prunus Cerasus Extract, Hyaluronic Acid, Rose Flower Oil, Vitamin E",10,1451,0.0,0.0,https://www.sephora.com/product/all-natural-infused-lip-mask-5-pack-P442739?icid2=products%20grid:p442739,0.26475735294117664,94.42608381703552
Minted Rose Lip Balm,Rosebud Perfume Co.,lip-treatments,8.0,"Deionized Glycerin, Collagen, Prunus Cerasus Extract, Hyaluronic Acid, Rose Flower Oil, Vitamin E",1000,27229,0.8,0.0,https://www.sephora.com/product/minted-rose-lip-balm-P164932?icid2=products%20grid:p164932,0.8,10.0
Peach Mega Moisture Lip Balm - Peaches and Cream Collection,Too Faced,lip-treatments,18.0,"Petrolatum, Octyldodecanol, Microcrystalline Wax, Octyldodecyl Stearoyl Stearate, BisDiglyceryl Polyacyladipate2, Polyglyceryl10 Pentaoleate, Phenyl Trimethicone, Lecithin, Flavor, Tocopheryl Acetate, Polybutene, Glycine Soja Oil, Glyceryl Distearate, Cholesterol, Sodium Saccharin, Glycerin, Oleic Acid, Palmitic Acid, Menthyl PCA, Ricinus Communis Seed Oil, Phytosphingosine, BHT, Aloe Barbadensis Leaf Extract, Prunus Persica Fruit Extract, Propylene Glycol Dicaprylate, Ficus Carica Fruit Extract, Phenoxyethanol, Xanthan Gum, Potassium Sorbate, Red 28 Lake, Red 7 Lake, Yellow 5 Lake",157,15528,0.51,0.0,https://www.sephora.com/product/peach-lip-balm-P435335?icid2=products%20grid:p435335,0.51,35.29411764705883
KissKiss Roselip - Tinted Lip Balm,Guerlain,lip-treatments,38.0,"Petrolatum, Octyldodecanol, Microcrystalline Wax, Octyldodecyl Stearoyl Stearate, BisDiglyceryl Polyacyladipate2, Polyglyceryl10 Pentaoleate, Phenyl Trimethicone, Lecithin, Flavor, Tocopheryl Acetate, Polybutene, Glycine Soja Oil, Glyceryl Distearate, Cholesterol, Sodium Saccharin, Glycerin, Oleic Acid, Palmitic Acid, Menthyl PCA, Ricinus Communis Seed Oil, Phytosphingosine, BHT, Aloe Barbadensis Leaf Extract, Prunus Persica Fruit Extract, Propylene Glycol Dicaprylate, Ficus Carica Fruit Extract, Phenoxyethanol, Xanthan Gum, Potassium Sorbate, Red 28 Lake, Red 7 Lake, Yellow 5 Lake",38,13133,0.09,0.0,https://www.sephora.com/product/kisskiss-roselip-P399344?icid2=products%20grid:p399344,0.09,422.22222222222223
Succulent Lip Balm,Taste Beauty,lip-treatments,8.0,"Mineral Oil, Beeswax, Ethylhexyl Palmitate, Ceresin, Hydrogenated Polyisobutene, Prunus Amygdalus Dulcis Oil, Tocopherol, Aloe Barbadensis Leaf Extract, Phenoxyethanol, Fragrance, Neotame, May Contain: Red 6 Lake, Red 7 Lake, Yellow 5 Lake, Blue 1 Lake, Red 27 Lake, Manganese Violet",46,16638,0.0,0.0,https://www.sephora.com/product/taste-beauty-succulent-lip-balm-P452693?skuId=2302370&icid2=products%20grid:p452693,0.26475735294117664,30.216346821451374
SEA Pink Sands Quench Lip Rescue Balm,tarte,lip-treatments,19.0,"Mineral Oil, Beeswax, Ethylhexyl Palmitate, Ceresin, Hydrogenated Polyisobutene, Prunus Amygdalus Dulcis Oil, Tocopherol, Aloe Barbadensis Leaf Extract, Phenoxyethanol, Fragrance, Neotame, May Contain: Red 6 Lake, Red 7 Lake, Yellow 5 Lake, Blue 1 Lake, Red 27 Lake, Manganese Violet",30,6194,0.1,0.0,https://www.sephora.com/product/sea-pink-sands-quench-lip-rescue-balm-P443576?icid2=products%20grid:p443576,0.1,190.0
Jelly Shot,INC.redible,lip-treatments,10.0,"Isononyl Isononanoate, Polybutene, Pentaerythrityl Tetraisostearate, Isostearyl Alcohol, Polybutene, Caprylic, Hydroxystearic Acid, Ethylhexyl Palmitate, Oryza Sativa Cera, Tocopheryl Acetate, Persea Gratissima Oil Yellow Ci 47005, Blue No1 Ci 42090, Red No28 Ci 45410",194,33489,0.15,0.0,https://www.sephora.com/product/jelly-shot-P428120?icid2=products%20grid:p428120,0.15,66.66666666666667
Color Gel Lip Balm,Shiseido,lip-treatments,26.0,"Isononyl Isononanoate, Polybutene, Pentaerythrityl Tetraisostearate, Isostearyl Alcohol, Polybutene, Caprylic, Hydroxystearic Acid, Ethylhexyl Palmitate, Oryza Sativa Cera, Tocopheryl Acetate, Persea Gratissima Oil Yellow Ci 47005, Blue No1 Ci 42090, Red No28 Ci 45410",25,6307,0.07,0.0,https://www.sephora.com/product/color-gel-lip-balm-P443795?icid2=products%20grid:p443795,0.07,371.4285714285714
Nude + Red Hot Lips 3-Piece Mini Set,NUDESTIX,lip-treatments,25.0,"BisBehenyl, Isocetyl Stearate, Diisostearyl Malate, Polybutene, Synthetic Wax, Silica, Synthetic Beeswax, Glyceryl Caprylate, Pentaerythrityl TetraDiTButyl Hydroxyhydrocinnamate, Tocopherol, Tin Oxide",7,3247,0.08800000000000001,0.0,https://www.sephora.com/product/nude-red-hot-lips-P451168?icid2=products%20grid:p451168,0.08800000000000001,284.0909090909091
Argan Lip Sting Plumping Butter,Josie Maran,lip-treatments,23.0,"BisBehenyl, Isocetyl Stearate, Diisostearyl Malate, Polybutene, Synthetic Wax, Silica, Synthetic Beeswax, Glyceryl Caprylate, Pentaerythrityl TetraDiTButyl Hydroxyhydrocinnamate, Tocopherol, Tin Oxide",443,33738,0.16,0.0,https://www.sephora.com/product/argan-lip-sting-plumping-butter-P411573?skuId=1843002&icid2=products%20grid:p411573,0.16,143.75
Mindful 5 Custom Glow Lip Balm,Smashbox,lip-treatments,18.0,"Caprylic, Polybutene, Triisodecyl Trimellitate, Beeswax\Cera Alba\Cire D'Abeille, Polyethylene, Ozokerite, Squalane, Diisostearyl Malate, Polyhydroxystearic Acid, BisBehenyl, Cannabis Sativa Seed Oil, Tocopherol, Mentha Piperita Oil, Chamomilla Recutita Flower Oil, Prunus Armeniaca Kernel Oil, Simmondsia Chinensis Seed Oil, Helianthus Annuus Seed Oil, Dicalcium Phosphate, Flavor, Vanillin, Pentaerythrityl TetraDiTButyl Hydroxyhydrocinnamate, ",14,2893,0.0,0.0,https://www.sephora.com/product/smashbox-mindful-5-custom-glow-lip-balm-P453268?icid2=products%20grid:p453268,0.26475735294117664,67.98678034826557
Superbalm Lip Treatment,CLINIQUE,lip-treatments,17.5,"Caprylic, Polybutene, Triisodecyl Trimellitate, Beeswax\Cera Alba\Cire D'Abeille, Polyethylene, Ozokerite, Squalane, Diisostearyl Malate, Polyhydroxystearic Acid, BisBehenyl, Cannabis Sativa Seed Oil, Tocopherol, Mentha Piperita Oil, Chamomilla Recutita Flower Oil, Prunus Armeniaca Kernel Oil, Simmondsia Chinensis Seed Oil, Helianthus Annuus Seed Oil, Dicalcium Phosphate, Flavor, Vanillin, Pentaerythrityl TetraDiTButyl Hydroxyhydrocinnamate, ",226,6718,0.25,0.0,https://www.sephora.com/product/superbalm-lip-treatment-P122739?icid2=products%20grid:p122739,0.25,70.0
Liplux SPF 30,COOLA,lip-treatments,12.0,"Aloe Barbadensis Leaf Extract, Ascorbyl Palmitate, Beeswax, Butyrospermum Parkii, Carthamus Tinctorius Seed Oil, Cocos Nucifera Oil, Copernicia Cerifera Wax, Diethylhexyl 2, 6Naphthalate, Flavor, Glycine Soja Oil, Helianthus Annuus Seed Oil, Octyldodecanol, Persea Gratissima Oil, Rosa Canina Fruit Extract, Rubus Idaeus Seed Oil, Simmondsia Chinensis Seed Oil, Tocopherol",48,7038,0.15,0.0,https://www.sephora.com/product/liplux-spf-30-P395625?icid2=products%20grid:p395625,0.15,80.0
Kiss of Coco,Kopari,lip-treatments,20.0,Organic,7,3965,0.0,0.0,https://www.sephora.com/product/kiss-coco-P450585?icid2=products%20grid:p450585,0.26475735294117664,75.54086705362843
Coco Rose Coconut Oil Lip Conditioner,Herbivore,lip-treatments,22.0,"Hydrogenated Soybean Oil, Limnanthes Alba Seed Oil, Butyrospermum Parkii Butter, Cocos Nucifera Oil, Orchid Root Extract, Rose Damascena Absolute, Coconut Pulp CO2, Tocopherol Oil, Red Iron Oxide",91,11738,0.17,0.0,https://www.sephora.com/product/coco-rose-coconut-oil-lip-conditioner-P400209?icid2=products%20grid:p400209,0.17,129.41176470588235
Lip Balm,Dr. Barbara Sturm,lip-treatments,55.0,"Vegetable Oil, Bis­Diglyceryl Polyacyladipate­2, Caprylic, Lanolin Oil, Cera Alba, Stearalkonium Hectorite, Butyrospermum Parkii Butter, Persea Gratissima Oil, Theobroma Cacao Seed Butter, Cocos Nucifera Oil, Propylene Carbonate, Helianthus Annuus Seed Oil, Tocopherol",9,716,0.42,0.0,https://www.sephora.com/product/dr-barbara-sturm-lip-balm-P447784?icid2=products%20grid:p447784,0.42,130.95238095238096
All About Lips,CLINIQUE,lip-treatments,26.5,"Vegetable Oil, Bis­Diglyceryl Polyacyladipate­2, Caprylic, Lanolin Oil, Cera Alba, Stearalkonium Hectorite, Butyrospermum Parkii Butter, Persea Gratissima Oil, Theobroma Cacao Seed Butter, Cocos Nucifera Oil, Propylene Carbonate, Helianthus Annuus Seed Oil, Tocopherol",167,5717,0.41,0.0,https://www.sephora.com/product/all-about-lips-P122767?icid2=products%20grid:p122767,0.41,64.63414634146342
Ultimate Miracle Worker Fix Lip Serum Stick,philosophy,lip-treatments,23.0,"Phytosteryl, Squalane, Triethylhexanoin, Caprylic, Diisostearyl Malate, Mica, Polyethylene, Dipentaerythrityl Hexahydroxystearate, Hydrogenated Polyisobutene, Cetearyl Ethylhexanoate, Stearyl Heptanoate, Phytosteryl Isostearyl Dimer Dilinoleate, Stearalkonium Hectorite, Sorbitan Sesquioleate, Hdi, Microcristallina Cera, Ethylhexyl Palmitate, Isopropyl Palmitate, Propylene Carbonate, 12Hexanediol, Quaternium18 Bentonite, Tocopheryl Acetate, Tribehenin, Caprylyl Glycol, Dimethicone, Ethylhexylglycerin, Sorbitan Isostearate, Silica, Borago Officinalis Seed Oil, Helianthus Annuus Seed Oil, Linum Usitatissimum Seed Oil, Prunus Amygdalus Dulcis Oil, Tocopherol, Silica Dimethyl Silylate, Butylene Glycol, Palmitoyl Tripeptide1, Hexylene Glycol, Sodium Hyaluronate, Phenoxyethanol",22,2635,0.06,0.0,https://www.sephora.com/product/ultimate-miracle-worker-fix-lip-serum-stick-P428411?icid2=products%20grid:p428411,0.06,383.33333333333337
Lip Mask,SEPHORA COLLECTION,lip-treatments,3.0,"Butylene Glycol, Glycerin, Propanediol, Arginine, Carbomer, Xanthan Gum, Panthenol, Allantoin, Sodium Hyaluronate, Sodium Citrate, Phenoxyethanol, Dipotassium Glycyrrhizate, Polysorbate 20, Disodium EDTA, Tocopheryl Acetate, Mangifera Indica Fruit Extract, Leontopodium Alpinum Extract, Rosa Centifolia Flower Extract",729,35734,0.0,0.0,https://www.sephora.com/product/lip-mask-P406223?icid2=products%20grid:p406223,0.26475735294117664,11.331130058044266
SEA Sting Zing Plumping Lip Serum,tarte,lip-treatments,24.0,"Caprylic, C1215 Alkyl Benzoate, Polyglyceryl2 Isostearate, Pentaerythrityl Tetraisostearate, Oleic, VP, Ethylhexyl Palmitate, Hydrogenated Polyisobutene, Sorbitan Sesquioleate, Sesamum Indicum Seed Oil, Polyglyceryl6 Polyricinoleate, Diisostearyl Malate, Benzyl Nicotinate, Silica Dimethyl Silylate, Bakuchiol, Vanilla Planifolia Fruit Extract, Tribehenin, Silica, Helianthus Annuus Seed Oil, Trihydroxystearin, Diethylhexyl Syringylidenemalonate, Tocopherol, Capsicum Frutescens Resin, Sorbitan Isostearate, Glyceryl Oleate, Passiflora Edulis Seed Oil, Polybutene, Cocos Nucifera Oil, Lactic Acid, Butylene Glycol, Commiphora Mukul Resin Extract, Caprylyl Glycol, Phenoxyethanol, Palmitoyl Tripeptide1, Sodium Hyaluronate, Hexylene Glycol, Algae Extract, Gardenia Taitensis Flower Extract",115,8223,0.20199999999999999,0.0,https://www.sephora.com/product/sea-sting-zing-plumping-lip-serum-P440053?icid2=products%20grid:p440053,0.20199999999999999,118.8118811881188
Watermelon Burst Hydrating Face Primer & Lip Oil,Ciaté London,lip-treatments,15.0,"Polybutene, Diisostearyl Malate, Octyldodecanol, Dextrin Palmitate, Pentylene Glycol, Citrullus Lanatus Seed Oil, Diethylhexyl Syringylidenemalonate, Ammonium Glycyrrhizate, Fragrance, Tocopheryl Acetate, Persea Gratissima Oil, Simmondsia Chinensis Seed Oil, Ricinus Communis Seed Oil, Tocopherol, Benzyl Benzoate, Red 7 Lake, Yellow 5 Lake, Red 6 Lake",27,9331,0.0,0.0,https://www.sephora.com/product/watermelon-burst-hydrating-primer-lip-oil-duo-P446308?icid2=products%20grid:p446308,0.26475735294117664,56.65565029022131
needles no more® 3-D LIP PLUMPFIX,Dr. Brandt Skincare,lip-treatments,39.0,"Water, Glycerin, Dimethicone, Cocos Nucifera Oil, Macadamia Ternifolia Seed Oil, Stearyl Alcohol, Moringa Oil, Cetearyl Alcohol, Helianthus Annuus Seed Oil, Propanediol, Isopropyl Palmitate, Dilinoleic Acid, Glyceryl Stearate, Peg40 Stearate, Simmondsia Chinensis Seed Wax, Vitis Vinifera Seed Oil, Betaine, Hydrogenated Lecithin, Phytosteryl Sunflowerseedate, Sodium Hyaluronate, Butyrospermum Parkii Butter, Butyrospermum Parkii Butter Unsaponifiables, Phenoxethanol, Oryza Sativa Bran Extract, Sodium Acrylate, Ceteareth20, Hydrogenated Vegetable Glycerides, Isopulegol, Polyisobutene, Lecithin, Xanthan Gum, Olea Europaea Husk Oil, Rosmarinus Officinalis Leaf Extract, Trisodium Ethylenediamine Disuccinate, Helianthus Annuus Seed Extract, Caprylyl Capryl Glucoside, Caprylyl Glycol, Ethylhexylglycerin, Glycine Soja Extract, Hexylene Glycol, Aloe Barbadensis Leaf Extract, Swertia Chirata Extract, Tocopherol",20,2826,0.0,0.0,https://www.sephora.com/product/needles-no-more-3-d-lip-plumpfix-P442263?icid2=products%20grid:p442263,0.26475735294117664,147.3046907545754
Colorful Gloss Balm Lip Honeys,SEPHORA COLLECTION,lip-treatments,9.0,"Hydrogenated Polyisobutene, Pentaerythrityl Tetraethylhexanoate, Triisostearyl Citrate, Ethylene, Caprylic, Aroma, Octyldodecanol, Butylene, Ci 19140, Saccharin, Citric Acid, Mica, Ci 77891, Bht, Mel Extract, Ci 77491, Mangifera Indica Seed Oil, Vitis Vinifera Seed Oil, Ci 77499, Linalool, Tocopherol, Glycine Soja Oil",140,10959,0.32,0.0,https://www.sephora.com/product/colorful-gloss-balm-honey-P439600?icid2=products%20grid:p439600,0.32,28.125
Pump Plump Lip Gloss,Ciaté London,lip-treatments,18.0,"Polybutene, Octyldodecanol, Silica, Hydrogenated Polyisobutene, VP, Menthone Glycerin Acetal, Ethylhexyl Palmitate, Ethylene, Aroma, Tocopheryl Acetate, Mica, Butylene, Helianthus AnnuusSeed Oil Seed Oil, Silica Dimethyl Silylate, Butylene Glycol, Caprylyl Glycol, Phenoxyethanol, Lupinus Albus Seed Extract Seed Extract, Sodium Hyaluronate, BHT, Hexylene Glycol, Tocopherol, May Contain : CI 77891, CI 77491, CI 42090, CI 77163, CI 19140, CI 77742, CI 15850, CI 15985, CI 45410, CI 73360",11,2868,0.2,0.0,https://www.sephora.com/product/pump-plump-lip-gloss-P451164?icid2=products%20grid:p451164,0.2,90.0
Kiss Lip Plumping System,PMD,lip-treatments,99.0,"Polybutene, Octyldodecanol, Silica, Hydrogenated Polyisobutene, VP, Menthone Glycerin Acetal, Ethylhexyl Palmitate, Ethylene, Aroma, Tocopheryl Acetate, Mica, Butylene, Helianthus AnnuusSeed Oil Seed Oil, Silica Dimethyl Silylate, Butylene Glycol, Caprylyl Glycol, Phenoxyethanol, Lupinus Albus Seed Extract Seed Extract, Sodium Hyaluronate, BHT, Hexylene Glycol, Tocopherol, May Contain : CI 77891, CI 77491, CI 42090, CI 77163, CI 19140, CI 77742, CI 15850, CI 15985, CI 45410, CI 73360",53,7932,0.0,0.0,https://www.sephora.com/product/kiss-lip-plumping-system-P420129?icid2=products%20grid:p420129,0.26475735294117664,373.9272919154607
GloPRO® LIP MicroTip™ Attachment Head,BeautyBio,lip-treatments,35.0,"Polybutene, Octyldodecanol, Silica, Hydrogenated Polyisobutene, VP, Menthone Glycerin Acetal, Ethylhexyl Palmitate, Ethylene, Aroma, Tocopheryl Acetate, Mica, Butylene, Helianthus AnnuusSeed Oil Seed Oil, Silica Dimethyl Silylate, Butylene Glycol, Caprylyl Glycol, Phenoxyethanol, Lupinus Albus Seed Extract Seed Extract, Sodium Hyaluronate, BHT, Hexylene Glycol, Tocopherol, May Contain : CI 77891, CI 77491, CI 42090, CI 77163, CI 19140, CI 77742, CI 15850, CI 15985, CI 45410, CI 73360",5,3066,0.0,0.0,https://www.sephora.com/product/glopro-lip-microtip-attachment-head-P438636?icid2=products%20grid:p438636,0.26475735294117664,132.1965173438497
Jammy Lips Sheer Lacquer Lip Tint,INC.redible,lip-treatments,12.0,"Diisostearyl Malate, BisDiglyceryl Polyacyladipate2, Hydrogenated Polyisobutene, Tridecyl Trimellitate, Ceresin, Microcrystalline Wax, Ci 77891, Ci 77491, 12Hexanediol, Tocopheryl Acetate, Ci 77499, Parfum, Ci 15850",0,1337,0.08,0.0,https://www.sephora.com/product/incredible-jammy-lips-sheer-lacquer-lip-tint-P455637?icid2=products%20grid:p455637,0.08,150.0
Tinted Lip Balm,lilah b.,lip-treatments,36.0,Lavender Essential Oil,8,3321,0.1,0.0,https://www.sephora.com/product/tinted-lip-balm-P421447?icid2=products%20grid:p421447,0.1,360.0
Neo Nude Ecstasy Balm,Armani Beauty,lip-treatments,34.0,Lavender Essential Oil,31,3284,0.1,0.0,https://www.sephora.com/product/ecstasy-balm-P432610?icid2=products%20grid:p432610,0.1,340.0
Noni Lip Tint,KORA Organics,lip-treatments,24.0,Lavender Essential Oil,13,2824,0.21,0.0,https://www.sephora.com/product/noni-lip-tint-P443821?icid2=products%20grid:p443821,0.21,114.28571428571428
Rose & Mandarin Lip Balm,Rosebud Perfume Co.,lip-treatments,8.0,"Petrolatum, Cotton Seed Oil, Trade Secret Perfume Premix, Orange Spice, Orange Blend",60,8611,0.5,0.0,https://www.sephora.com/product/rose-mandarin-lip-balm-P392240?icid2=products%20grid:p392240,0.5,16.0
Balmy Days,ILIA,lip-treatments,26.0,"Petrolatum, Cotton Seed Oil, Trade Secret Perfume Premix, Orange Spice, Orange Blend",23,3878,0.14,0.0,https://www.sephora.com/product/balmy-days-P411852?icid2=products%20grid:p411852,0.14,185.7142857142857
Just Kinda Bliss Hemp Hydration Lip Jelly,INC.redible,lip-treatments,10.0,"Polyisobutene, Octyldodecanol, Paraffinum Liquidum, Ethylhexyl Hydroxystearate, Triethylhexyl Trimellitate, C3045 Olefin, Hydroxystearic Acid, Aroma, Cannabis Sativa Seed Oil, Ricinus Communis Seed Oil, Citronellol, Hexyl Cinnamal, Isoeugenol, Limonene, Linalool, Fd&amp, C Yellow No5, D&amp, C Red No7",90,4904,0.25,0.0,https://www.sephora.com/product/just-kinda-bliss-hemp-hydration-lip-jelly-P449099?icid2=products%20grid:p449099,0.25,40.0
Love Oil For Lips Glow-Infusing Lip Treatment,Kiehl's Since 1851,lip-treatments,20.0,"Octyldodecanol, Ricinus Communis Seed Oil, Olea Europaea Fruit Oil, Simmondsia Chinensis Seed Oil, Cocos Nucifera Oil, Moringa Oleifera Seed Oil, Ethylcellulose, Tocopherol, Fragrance, Theobroma Cacao Seed Butter, Butyrospermum Parkii Butter, Caprylic, Aqua, Citral, Limonene, Helianthus Annuus Seed Oil, Malpighia Punicifolia Fruit Extract, Ascorbyl Palmitate, Citric Acid",25,5242,0.3,0.0,https://www.sephora.com/product/love-oil-for-lips-glow-infusing-lip-treatment-P437992?icid2=products%20grid:p437992,0.3,66.66666666666667
GrandeLIPS Plumping Lip Primer,Grande Cosmetics,lip-treatments,20.0,"Cyclopentasiloxane, Isododecane, Diisotearyl Malate, Hydrogenated Polyisobutene, Dimethicone Crosspolymer, Phenyl Trimethicone, Dimethicone, Dimethicone, Lauryl Dimethicone, VP, Isostearyl Isostearate, Vinyl Dimethicone, Tocopheryl Acetate, Cetearyl Ethylhexanoate, Menthoxypropanediol, Tetrahexyldecyl Ascorbate, Flavor, Caprylyl Glycol, Sorbitan Isostearate, Phenoxyethanol, Hexylene Glycol, Portulaca Pilosa Extract, Sucrose Cocoate, Palmitoyl Tripeptide38",20,4325,0.09,0.0,https://www.sephora.com/product/hydra-plump-lip-primer-P432062?icid2=products%20grid:p432062,0.09,222.22222222222226
Barrier+ Lip Repair Balm,Skinfix,lip-treatments,15.0,"Petrolatum, Cocos Nucifera Oil, Beeswax, Glycine Soja Oil, Simmondsia Chinensis Seed Oil, Allantoin",27,3434,0.42,0.0,https://www.sephora.com/product/barrier-lip-repair-balm-P442841?icid2=products%20grid:p442841,0.42,35.714285714285715
Clean Berry Lip Balm,Primera,lip-treatments,18.0,"Petrolatum, Cocos Nucifera Oil, Beeswax, Glycine Soja Oil, Simmondsia Chinensis Seed Oil, Allantoin",14,1792,0.14,0.0,https://www.sephora.com/product/primera-clean-berry-lip-balm-P447182?icid2=products%20grid:p447182,0.14,128.57142857142856
Balmy Nights,ILIA,lip-treatments,26.0,"Petrolatum, Cocos Nucifera Oil, Beeswax, Glycine Soja Oil, Simmondsia Chinensis Seed Oil, Allantoin",29,4394,0.14,0.0,https://www.sephora.com/product/balmy-nights-P411851?icid2=products%20grid:p411851,0.14,185.7142857142857
Lumière Lip,TOM FORD,lip-treatments,55.0,"Diisostearyl Malate, Hydrogenated Polyisobutene, Polyglyceryl2 Triisostearate, Simmondsia Chinensis Seed Extract, Microcrystalline Wax, Polyethylene, Dipentaerythrityl Hexahydroxystearate, Jojoba Esters, Isostearyl Isostearate, Hydrogenated Vegetable Oil, Isostearyl Alcohol, Fragrance, Ethylene, Butylene, Trihydroxystearin, Sorbitan Oleate, Vp, Sodium Hyaluronate, Acrylates Copolymer, Chamomilla Recutita Flower Oil, Ascorbyl Palmitate, Tocopheryl Acetate, Citric Acid, Caprylyl Glycol, Vanillin, Silica, Tocopherol, Calcium Sodium Borosilicate, Malic Acid, Synthetic Fluorphlogopite, Polyethylene Terephthalate, Calcium Aluminum Borosilicate, Pentaerythrityl TetraDiTButyl Hydroxyhydrocinnamate, Tin Oxide, Bht, May Contain: Mica, Titanium Dioxide, Red 21, Yellow 5 Lake, Red 27, Red 7, Iron Oxides, Iron Oxides, Iron Oxides, Manganese Violet, Red 22 Lake, Red 30 Lake, Carmine, Bismuth Oxychloride, Red 33 Lake, Orange 5, Red 28 Lake, Blue 1 Lake, Yellow 6 Lake, Red 7 Lake, Red 6",22,3656,0.1,0.0,https://www.sephora.com/product/lumiere-lip-P429017?icid2=products%20grid:p429017,0.1,550.0
Tropical Ambrosia Lip Balm,Rosebud Perfume Co.,lip-treatments,8.0,"Petrolatum, Lanolin, Beeswax, Fragrance, Limolool, Limonene",113,7339,0.5,0.0,https://www.sephora.com/product/tropical-ambrosia-lip-balm-P419227?icid2=products%20grid:p419227,0.5,16.0
All Natural Collagen Infused Lip Mask,KNC Beauty,lip-treatments,5.0,"Deionized Glycerin, Collagen, Prunus Cerasus Extract, Hyaluronic Acid, Rose Flower Oil, Vitamin E",10,1093,0.0,0.0,https://www.sephora.com/product/all-natural-collagen-infused-lip-mask-P442737?icid2=products%20grid:p442737,0.26475735294117664,18.885216763407108
Volume Enhancing Lip Serum,LANCER Skincare,lip-treatments,42.0,"Polyisobutene, Pentaerthrityl Tetraisosterate, Isoeicosane, Isododecane, Caprylic, Croton Lechleri Resin Extract, Dictyopteris Membranacea Extract, Zanthoxylum Bungeanum Extract, Butyrospermum Parkii Butter, Palmitoyl Oligopeptide Methoxypropanediol, Tribehenin, Hexylene Glygol, Dipotassium Glycyrrhizate, Hydroxymethoxyphenyl Propylmethylmethoxybenzofuran, Sodium Hyaluronate, Ethylhexyl Palmitate, Sorbitan Isosterate, Propanediol, Silica Dimethyl Silylate, Butelyene Glycol, Ethylhexyglycerin, Caprylyl Glycol, Phenoxyethanol",65,6450,0.5,0.0,https://www.sephora.com/product/volume-enhancing-lip-serum-P399750?icid2=products%20grid:p399750,0.5,84.0
Line & Define Lip Primer,Bite Beauty,lip-treatments,22.0,"Ricinus Communis Seed Oil, Silica, Helianthus Annuus Seed Wax, Argania Spinosa Kernel Oil, Polyhydroxystearic Acid, Lauroyl Lysine, Oleic, Nylon11, Oryza Sativa Bran Wax, C1838 Alkyl Hydroxystearoyl Stearate, Actinidia Chinensis Seed Oil, Copernicia Cerifera Wax, Caprylic, Mentha Piperita Oil, Phenoxyethanol, Oryza Sativa Bran Extract, Helianthus Annuus Seed Extract, Momordica Grosvenorii Fruit Extract, Artocarpus Heterophyllus Fruit Extract, Rosmarinus Officinalis Leaf Extract, Tocopherol, Limonene, Linalool, Titanium Dioxide",0,657,0.0,0.0,https://www.sephora.com/product/bite-beauty-line-define-lip-primer-P455576?icid2=products%20grid:p455576,0.26475735294117664,83.09495375899125
Lips,Go-To ,lip-treatments,12.0,"Ultra Medical Grade Lanolin, Shea Butter, Apricot Kernel Oil, Beeswax, Sweet Almond Oil, Evening Primrose Oil, Vitamin E, Fragrance, Pomegranate Seed Oil, Calendula Oil, Jojoba Oil, Avocado Oil",21,2878,0.53,0.0,https://www.sephora.com/product/lips-P432269?icid2=products%20grid:p432269,0.53,22.641509433962263
Coco Rose Coconut Oil Lip Polish,Herbivore,lip-treatments,18.0,"Sucros, Hydrogenated Soybean Oil, Cocos Nucifera Oil, Butyrospermum Parkii Butter, Limnanthes Alba Seed Oil, Rose Damascena Absolute, Tocopherol Oil, Red Iron Oxide",25,7542,0.17,0.0,https://www.sephora.com/product/coco-rose-coconut-oil-lip-polish-P400210?icid2=products%20grid:p400210,0.17,105.88235294117645
Kiss Mix Colour,Eve Lom,lip-treatments,24.0,"BisDiglyceryl Polyacyladipate2, Hydrogenated Polydecene, Cera Microcristallina, Zinc Oxide, Menthol, Dipalmitoyl Hydroxyproline, Cera Alba, Phenoxyethanol, Synthetic Fluorphlogopite, Ethylhexylglycerin, Polyhydroxystearic Acid, Ci 77491, Ci 15850, Ci 17200",17,3797,0.23,0.0,https://www.sephora.com/product/kiss-mix-colour-P420243?icid2=products%20grid:p420243,0.23,104.34782608695652
basic balm,lululemon selfcare,lip-treatments,14.0,"BisDiglyceryl Polyacyladipate2, Hydrogenated Polydecene, Cera Microcristallina, Zinc Oxide, Menthol, Dipalmitoyl Hydroxyproline, Cera Alba, Phenoxyethanol, Synthetic Fluorphlogopite, Ethylhexylglycerin, Polyhydroxystearic Acid, Ci 77491, Ci 15850, Ci 17200",21,1950,0.32,0.0,https://www.sephora.com/product/basic-balm-P446926?icid2=products%20grid:p446926,0.32,43.75
Matte Color & Shiny Balm Lip Crayon,trèStiQue,lip-treatments,25.0,"Octyldodecanol, BisDiglyceryl Polyacyladipate2, Glyceryl Isostearate, Polyethylene, Trimethylolpropane Triisostearate, Argania Spinosa Kernel Oil, Synthetic Beeswax, Synthetic Wax, Ethylcellulose, Cera Microcristallina, Diisostearyl Malate, Glyceryl Stearate, Stearalkonium Hectorite, Propylene Carbonate, Ethyl Vanillin, Pentaerythrityl TetraDiTButyl Hydroxyhydrocinnamate, Hydrogenated Coconut Oil, Mica, Gardenia Tahitensis Flower, Tocopherol, Dicalcium Phosphate, Bht, Titanium Dioxide, Ci 15850, Ci 15850, Ci 45410, Ci 19140, Ci 42090",55,7184,0.06,0.0,https://www.sephora.com/product/matte-color-shiny-balm-lip-crayon-P416380?skuId=1901339&icid2=products%20grid:p416380,0.06,416.66666666666674
Noni Lip Treatment,KORA Organics,lip-treatments,24.0,"Octyldodecanol, BisDiglyceryl Polyacyladipate2, Glyceryl Isostearate, Polyethylene, Trimethylolpropane Triisostearate, Argania Spinosa Kernel Oil, Synthetic Beeswax, Synthetic Wax, Ethylcellulose, Cera Microcristallina, Diisostearyl Malate, Glyceryl Stearate, Stearalkonium Hectorite, Propylene Carbonate, Ethyl Vanillin, Pentaerythrityl TetraDiTButyl Hydroxyhydrocinnamate, Hydrogenated Coconut Oil, Mica, Gardenia Tahitensis Flower, Tocopherol, Dicalcium Phosphate, Bht, Titanium Dioxide, Ci 15850, Ci 15850, Ci 45410, Ci 19140, Ci 42090",5,1525,0.21,0.0,https://www.sephora.com/product/noni-lip-treatment-P443820?icid2=products%20grid:p443820,0.21,114.28571428571428
Just Kinda Bliss Magic Hemp Lip Scrub Balm,INC.redible,lip-treatments,12.0,"Paraffinum Liquidum, Hydrogenated Polyisobutene, Polyisobutene, Iron Oxides, Octyldodecanol, Hydroxystearic Acid, Cellulose Acetate, Butyl Stearate, Isostearyl Alcohol, Butylene, C3045 Olefin, Aqua, Ethylene, Titanium Dioxide, Aroma, Triethylhexyl Trimellitate, Cannabis Sativa Seed Oil, Propylene Glycol Stearate, Ethylhexyl Hydroxystearate, Acrylates, Magnesium Stearate, Dibutyl Lauroyl Glutamide, Niacinamide, Sodium Starch Octenylsuccinate, Pentaerythrityl Tetraditbutyl, Hydroxyhydrocinnamate, Maltodextrin, Calcium Pantothenate, Sodium Ascorbyl Phosphate, Tocopheryl Acetate, Pyridoxine HCL, Silica, Citronellol, Hexyl Cinnamal, Isoeugenol, Limonene, Linalool",54,1374,0.25,0.0,https://www.sephora.com/product/just-kinda-bliss-magic-hemp-lip-scrub-balm-P449100?icid2=products%20grid:p449100,0.25,48.0
Jelly Shot Heart Lip Quencher,INC.redible,lip-treatments,10.0,"Polybutene, Caprylic, Isononyl Isononanoate, Hydroxystearic Acid, Pentaerythrityl Tetraisostearate, Isostearyl Alcohol, Ethylhexyl Palmitate, Oryza Sativa Cera, Tocopheryl Acetate, Persea Gratissima Oil, Perfume",14,3112,0.0,0.0,https://www.sephora.com/product/jelly-shot-heart-lip-quencher-P440660?icid2=products%20grid:p440660,0.26475735294117664,37.770433526814216
Sugar Polish + Plumping Balm,trèStiQue,lip-treatments,24.0,"Caprylic, Helianthus Annuus Seed Oil, ",10,1232,0.0,0.0,https://www.sephora.com/product/sugar-polish-plumping-balm-P429276?icid2=products%20grid:p429276,0.26475735294117664,90.6490404643541
Macaron Lip Balm,It's Skin,lip-treatments,10.0,"Caprylic, Helianthus Annuus Seed Oil, ",86,13240,0.32,0.0,https://www.sephora.com/product/macaron-lip-balm-P399644?icid2=products%20grid:p399644,0.32,31.25
Sugar Cream Tinted Lip Treatment,Fresh,lip-treatments,24.0,"C1030 Cholesterol, Isononyl Isononanoate, Polyglyceryl2 Triisostearate, Pentaerythrityl Tetraisostearate, Cera Microcristallina, Polybutene, Ethylene, Glyceryl Behenate, Synthetic Fluorphlogopite, Butylene, Simmondsia Chinensis Seed Oil, Persea Gratissima Oil, Vitis Vinifera Seed Oil, Sucrose Tetrastearate Triacetate, Ribes Nigrum Seed Oil, Tocopherol, Ascorbyl Tetraisopalmitate, Ascorbyl Palmitate, Trimethylolpropane Triisostearate, Parfum, BHT, Propyl Gallate, Limonene, Citral, Linalool, Benzyl Alcohol, ",106,14934,0.33,0.0,https://www.sephora.com/product/sugar-cream-lip-treatment-P411014?skuId=1924844&icid2=products%20grid:p411014,0.33,72.72727272727272
Lip Balm SPF 20,Moroccanoil,lip-treatments,17.0,"Glycerin, Octyldodecanol, Cera Alba, Caprylic, Butyrospermum Parkii Butter, Squalane, Cetearyl Alcohol, Polyglyceryl6 Distearate, Argania Spinosa Kernel Oil, C1018 Triglycerides, Ricinus Communis Seed Oil, Silica Dimethyl Silylate, Fragrance, Jojoba Esters, Hydrolyzed Vegetable Protein, Polyglyceryl3 Beeswax, Trehalose, Cetyl Alcohol, Sodium Benzoate, BHT, Citral, Limonene, Linalool",10,1379,0.5,0.0,https://www.sephora.com/product/lip-balm-spf-20-P420484?icid2=products%20grid:p420484,0.5,34.0
b. kissed Lip Balm,lilah b.,lip-treatments,34.0,"Glycerin, Octyldodecanol, Cera Alba, Caprylic, Butyrospermum Parkii Butter, Squalane, Cetearyl Alcohol, Polyglyceryl6 Distearate, Argania Spinosa Kernel Oil, C1018 Triglycerides, Ricinus Communis Seed Oil, Silica Dimethyl Silylate, Fragrance, Jojoba Esters, Hydrolyzed Vegetable Protein, Polyglyceryl3 Beeswax, Trehalose, Cetyl Alcohol, Sodium Benzoate, BHT, Citral, Limonene, Linalool",15,1820,0.09,0.0,https://www.sephora.com/product/b-kissed-lip-balm-P421442?icid2=products%20grid:p421442,0.09,377.77777777777777
Lip Insurance Lip Primer,Too Faced,lip-treatments,20.0,"Glycerin, Octyldodecanol, Cera Alba, Caprylic, Butyrospermum Parkii Butter, Squalane, Cetearyl Alcohol, Polyglyceryl6 Distearate, Argania Spinosa Kernel Oil, C1018 Triglycerides, Ricinus Communis Seed Oil, Silica Dimethyl Silylate, Fragrance, Jojoba Esters, Hydrolyzed Vegetable Protein, Polyglyceryl3 Beeswax, Trehalose, Cetyl Alcohol, Sodium Benzoate, BHT, Citral, Limonene, Linalool",745,29124,0.0,0.0,https://www.sephora.com/product/lip-insurance-lip-primer-P259615?icid2=products%20grid:p259615,0.26475735294117664,75.54086705362843
AcaiFusion Lip Balm Broad Spectrum SPF 30,Supergoop!,lip-treatments,9.5,"Glycerin, Octyldodecanol, Cera Alba, Caprylic, Butyrospermum Parkii Butter, Squalane, Cetearyl Alcohol, Polyglyceryl6 Distearate, Argania Spinosa Kernel Oil, C1018 Triglycerides, Ricinus Communis Seed Oil, Silica Dimethyl Silylate, Fragrance, Jojoba Esters, Hydrolyzed Vegetable Protein, Polyglyceryl3 Beeswax, Trehalose, Cetyl Alcohol, Sodium Benzoate, BHT, Citral, Limonene, Linalool",149,16666,0.5,0.0,https://www.sephora.com/product/acai-fusion-lip-balm-broad-spectrum-spf-30-P283330?icid2=products%20grid:p283330,0.5,19.0
Dual Nourishing Lip Serum,AMOREPACIFIC,lip-treatments,42.0,"Butylene Glycol, Alcohol, Glycerin, Pentylene Glycol, Ethylhexylglycerin, Sodium Chloride, Glyceryl Caprylate, Disodium Edta, Propanediol, Dextrin, Theobroma Cacao Extract, Camellia Sinensis Leaf Extract, 12Hexanediol, BetaGlucan, Tocopherol",17,3563,0.4,0.0,https://www.sephora.com/product/dual-nourishing-lip-serum-P435390?icid2=products%20grid:p435390,0.4,105.0
Butterstick Lip Treatment,Kiehl's Since 1851,lip-treatments,24.0,"Butylene Glycol, Alcohol, Glycerin, Pentylene Glycol, Ethylhexylglycerin, Sodium Chloride, Glyceryl Caprylate, Disodium Edta, Propanediol, Dextrin, Theobroma Cacao Extract, Camellia Sinensis Leaf Extract, 12Hexanediol, BetaGlucan, Tocopherol",21,5055,0.14,0.0,https://www.sephora.com/product/butterstick-lip-treatment-P422273?icid2=products%20grid:p422273,0.14,171.42857142857142
Lip Lock Priming Balm,TOM FORD,lip-treatments,47.0,"Cyclopentasiloxane, Octyldodecyl Stearoyl Stearate, Ceresin, Polybutene, Microcrystalline Wax\Cera Microcristallina\Cire Microcristalline, Ozokerite, Chamomilla Recutita Flower Oil, Ascorbyl Palmitate, Disteardimonium Hectorite, Tocopherol, Vanillin, Fragrance",4,1074,0.0,0.0,https://www.sephora.com/product/lip-lock-priming-balm-P435730?icid2=products%20grid:p435730,0.26475735294117664,177.52103757602677
Kiss Mix,Eve Lom,lip-treatments,22.0,"BisDiglyceryl Polyacyladipate2, Hydrogenated Polydecene, Microcrystalline Wax, Menthol, Zinc Oxide, Cera Alba, Phenoxyethanol, Ethylhexylglycerin",24,2816,0.23,0.0,https://www.sephora.com/product/kiss-mix-P403955?icid2=products%20grid:p403955,0.23,95.65217391304348
Stick To The Story Tinted Lip Balm,Pretty Vulgar,lip-treatments,24.0,"Olea Europaea Fruit Oil, Beeswax, Cocos Nucifera Oil, Ricinus Communis Seed Oil, Simmondsia Chinesis Seed Oil, Glycine Max Oil, Butyrospermum Parkii Butter, Tocopherol, Titanium Dioxide, Iron Oxides, Tocopheryl Acetate, Phenoxyethanol, Flavor, Red 6 Lake, Yellow 5 Lake, Red 28 Lake, Helianthus Annuus Seed Oil",15,3790,0.14,0.0,https://www.sephora.com/product/stick-to-story-tinted-lip-balm-P419274?icid2=products%20grid:p419274,0.14,171.42857142857142
